4210 5882
378 545 451 620 arc
765 523 962 617 cuncus
987 543 1084 614 uas
1110 541 1414 614 rennuens.
1542 583 1546 594 -

394 705 403 722 ‘
432 691 525 764 Item
544 686 658 764 irater
677 685 851 764 Nicolaus
870 687 917 764 de
937 684 1148 772 domionis,
1171 683 1293 763 dictus
1309 684 1356 760 de
1371 680 1486 771 Lulli,
1510 682 1620 758 etatis
1633 709 1733 758 xxun
1749 710 1808 760 an·

376 848 513 896 norum
531 819 589 894 vel
614 819 727 906 circa,
745 818 892 924 juratus
918 817 1052 894 eodem
1080 814 1196 892 modo
1215 815 1262 890 de
1288 843 1327 892 se
1354 830 1392 891 et
1416 811 1497 888 aliis
1519 811 1558 888 in
1586 839 1695 892 causa
1720 809 1807 890 fidei

378 951 502 1026 dicere
525 950 736 1038 veritatem,
760 966 798 1025 ct
817 949 1068 1056 interrogatus
1088 946 1136 1023 de
1152 963 1326 1052 tempore
1346 962 1385 1022 et
1403 943 1517 1022 modo
1537 971 1604 1022 sue
1622 944 1810 1050 recepeio-

376 1081 455 1170 nis,
479 1081 571 1157 dixit
585 1081 919 1187 perjuramentum
938 1107 1049 1156 suum
1071 1077 1175 1183 quod
1195 1075 1266 1154 fuit
1280 1093 1452 1182 receptus
1467 1076 1505 1150 in
1523 1075 1638 1152 domo
1656 1075 1704 1152 de
1719 1075 1810 1154 Cor-

377 1240 485 1290 reaus
507 1212 665 1290 diocesis
684 1210 963 1298 Ambianensis‚
990 1225 1134 1314 septem
1160 1209 1249 1284 anni
1269 1223 1357 1286 sunt
1380 1205 1495 1312 elapsi
1521 1205 1579 1284 vel
1607 1188 1720 1296 circa,
1741 1235 1810 1313 per

377 1343 530 1420 fratrem
550 1341 760 1420 Gerardum
783 1341 829 1418 de
850 1339 1053 1420 Villaribus
1078 1358 1167 1416 tunc
1187 1354 1445 1444 preceptorem
1464 1337 1634 1426 Francis,
1657 1365 1810 1443 presen-

376 1474 477 1552 tibus
495 1471 606 1550 sratre
621 1473 790 1550 Tierrico
805 1472 981 1579 magistro
997 1471 1045 1547 de
1065 1469 1324 1558 Laudunesio‚
1342 1468 1456 1546 fratre
1473 1467 1643 1546 lohanne
1660 1469 1708 1544 de
1726 1468 1808 1546 Sar-

377 1633 446 1710 nay
473 1621 693 1710 preceptore
718 1602 867 1680 ballivie
897 1603 944 1678 de
968 1601 1141 1688 Pontivo‚
1165 1618 1203 1676 et
1222 1600 1448 1706 quibusdam
1469 1599 1552 1676 aliis
1573 1599 1619 1676 de
1644 1624 1807 1707 quorum

377 1736 595 1814 nominibus
623 1763 700 1812 non
729 1734 874 1811 recolit.
907 1733 1008 1810 Dixit
1033 1732 1149 1809 eciam
1174 1760 1242 1837 per
1266 1733 1523 1839 juramentum
1545 1759 1658 1808 suum
1685 1733 1805 1837 quod,

377 1885 462 1972 post
476 1866 613 1944 multas
626 1865 897 1972 promissiones
912 1865 960 1942 de
977 1865 1124 1942 statutis
1144 1881 1182 1940 et
1196 1864 1349 1940 secretis
1365 1861 1454 1939 dicti
1470 1861 1613 1940 ordinis
1629 1863 1675 1940 ab
1702 1891 1748 1939 eo
1761 1862 1808 1938 fa-

378 2014 465 2084 ctas,
486 1997 607 2074 dictus
619 1997 804 2101 recipiens
814 1995 978 2073 ostendit
992 1995 1062 2073 sibi
1076 2022 1223 2072 crucem
1236 1994 1472 2100 depictamin
1487 1994 1653 2100 quodam
1668 1993 1807 2072 missali

377 2155 463 2203 cum
484 2126 606 2233 effigie
629 2127 745 2205 Jhesu
765 2127 906 2204 Christi
936 2124 1117 2218 crucifixi,
1142 2143 1179 2202 et
1204 2126 1373 2232 precepit
1392 2124 1463 2202 sibi
1484 2124 1590 2232 quod
1610 2124 1808 2234 abnegaret

378 2257 534 2334 lhesum
549 2256 739 2335 Christum
756 2259 864 2365 cujus
879 2255 1022 2363 effigies
1039 2273 1118 2332 erat
1133 2255 1185 2332 ibi
1205 2272 1274 2344 ter,
1291 2257 1422 2360 etipse
1440 2255 1658 2361 compulsus
1672 2255 1720 2331 ad
1735 2255 1808 2333 hoc

380 2387 516 2464 invitus
532 2386 620 2465 secit
634 2404 788 2493 propter
806 2387 925 2464 minas
947 2404 984 2464 et
1007 2404 1169 2464 terrores
1185 2415 1281 2492 quos
1299 2385 1513 2462 inserebant
1530 2385 1618 2471 sihi,
1640 2404 1677 2462 et
1704 2385 1810 2462 smxit

378 2547 417 2594 se
433 2547 567 2624 spuere
583 2547 695 2626 snpra
709 2519 937 2626 ymaginem,
960 2519 1026 2595 sed
1046 2518 1206 2624 spuebat
1221 2518 1269 2594 ad
1284 2536 1443 2608 terram;
1465 2535 1503 2594 et
1518 2517 1613 2594 dixit
1632 2545 1700 2623 per
1711 2518 1809 2624 jura-

380 2666 547 2726 mentum
562 2679 672 2750 suum
689 2649 794 2755 quod
810 2677 1003 2754 nunquam
1017 2650 1257 2726 remansisset
1274 2650 1312 2725 in
1329 2647 1480 2739 ordine,
1497 2649 1567 2724 nisi
1582 2647 1715 2726 suisset
1729 2677 1809 2753 pro

378 2794 462 2880 pter
475 2779 653 2857 timorem
670 2781 818 2872 mortis;
838 2797 982 2858 tantum
995 2779 1239 2887 perhorrebat
1254 2779 1558 2885 Templariorum
1578 2777 1805 2885 potenciam,

379 2911 484 3014 quod
500 2938 577 2987 non
598 2929 677 2988 erat
696 2939 807 2989 ausus
825 2911 937 2989 exire.

436 3043 528 3118 ltem
550 3042 641 3118 dixit
660 3071 727 3148 per
744 3044 999 3150 juramentum
1017 3072 1128 3120 suum
1147 3045 1253 3150 quod
1272 3044 1394 3122 dictus
1413 3045 1599 3150 recipiens
1618 3042 1809 3149 requisivit

380 3199 468 3246 eum
490 3173 594 3277 quod
618 3174 849 3252 oscularetur
878 3203 965 3252 eum
992 3178 1031 3250 in
1058 3174 1160 3265 culo,
1189 3194 1226 3252 et
1253 3176 1331 3281 ipse
1356 3175 1553 3281 respondit
1577 3176 1683 3281 quod
1707 3175 1809 3280 prius

377 3303 613 3405 permitteret
632 3332 671 3380 se
687 3304 864 3394 interfici3
884 3322 1009 3382 tamen
1032 3304 1221 3384 osculatus
1234 3304 1307 3383 luit
1328 3334 1414 3382 eum
1435 3306 1474 3381 in
1494 3305 1676 3382 umbilico
1699 3333 1810 3410 super

378 3450 513 3520 vestes,
540 3435 641 3512 etin
666 3461 743 3522 ore,
767 3435 816 3512 de
836 3451 1013 3542 precepto
1041 3463 1126 3524 suo,
1155 3451 1192 3510 et
1217 3435 1311 3512 dixit
1329 3463 1397 3540 par
1417 3437 1674 3542 juramentum
1699 3463 1809 3512 suurn

377 3565 482 3669 quod
498 3564 614 3642 nichil
630 3565 733 3642 aliud
748 3565 991 3644 inhonestum
1003 3565 1075 3646 fuit
1090 3566 1160 3644 sibi
1178 3565 1321 3643 dictum
1333 3565 1391 3642 vel
1408 3565 1563 3656 factum,
1582 3584 1620 3642 et
1633 3553 1809 3673 premissa

379 3691 471 3769 dixit
487 3693 549 3770 ille
571 3695 638 3801 qui
657 3694 826 3801 loquitur
844 3724 930 3772 cum
952 3695 1115 3772 lacrimis
1135 3714 1174 3772 et
1188 3697 1332 3803 magnis
1354 3697 1535 3802 suspiriis.
1560 3698 1810 3802 Interrogatus

377 3839 504 3900 utrum
519 3825 571 3914 vi,
591 3825 649 3901 vel
666 3841 770 3901 metu
788 3826 943 3902 carceris
958 3855 1025 3904 seu
1040 3844 1335 3915 tormentorum,
1357 3844 1421 3904 aut
1438 3828 1506 3904 alia
1529 3828 1576 3904 de
1597 3855 1722 3916 causa,
1744 3825 1811 3902 ali-

377 3981 487 4058 quam
509 3954 645 4032 dixerit
661 3953 860 4032 lalsitatem
875 3956 931 4032 vel
953 3957 1197 4034 immiscuerit
1214 3959 1254 4033 in
1276 3958 1515 4064 deposicione
1533 3987 1614 4046 sua,
1631 3985 1699 4063 per
1706 3957 1810 4062 jura-

381 4103 547 4161 mentum
555 4114 665 4162 suum
673 4085 974 4191 dixitquodnom
991 4088 1110 4164 immo
1121 4117 1254 4193 puram
1266 4090 1805 4166 etmeramdixeratveritatern.

434 4347 527 4421 Item
553 4345 665 4424 frater
688 4349 855 4425 Thomas
881 4348 928 4425 dc
948 4349 1235 4455 Roquencourt‚
1261 4352 1367 4427 etatis
1394 4349 1665 4456 quinquaginta
1691 4375 1809 4424 anno-

376 4506 462 4554 rum
482 4477 540 4554 vel
560 4479 673 4568 circa,
691 4481 840 4588 juratus
860 4480 996 4559 eodem
1022 4480 1137 4559 modo
1157 4483 1204 4556 de
1230 4509 1269 4563 se
1291 4482 1396 4558 etde
1420 4481 1502 4558 aliis
1523 4481 1561 4557 in
1589 4508 1699 4557 causa
1720 4477 1808 4554 [idei

378 4609 502 4686 dicere
522 4609 733 4700 veritatem,
757 4629 794 4688 et
813 4611 1062 4718 interrogatus
1084 4613 1130 4688 de
1151 4628 1322 4718 tempore
1341 4629 1379 4689 et
1396 4612 1512 4694 modo
1534 4641 1601 4688 sue
1621 4612 1808 4716 recepcio-

377 4741 450 4830 nis,
471 4741 564 4818 dixit
577 4769 645 4847 per
655 4744 912 4850 juramentum
933 4771 1044 4820 suum
1059 4744 1164 4850 quod
1184 4761 1356 4849 receptus
1370 4743 1441 4820 luit
1456 4745 1495 4820 in
1517 4745 1634 4821 domo
1651 4743 1699 4820 de
1713 4745 1809 4820 Fon·

375 4872 489 4960 tanis‚
505 4891 590 4950 octo
603 4873 790 4950 anni'sunt
801 4873 932 4980 elapsi,
951 4903 1018 4981 per
1031 4874 1184 4952 fratrem
1197 4875 1407 4954 Gerardum
1427 4876 1473 4952 de
1489 4875 1669 4967 sonions,
1680 4874 1806 4952 locum
