4486 5890
603 485 673 556 rso
990 464 1187 557 esoces
1213 483 1307 555 oss
1332 482 1632 554 scaenicas.

597 623 710 711 circa,
734 622 957 702 mantellum
990 623 1135 702 ordinis
1164 621 1366 709 defferens,
1394 621 1587 700 absolutus
1608 638 1647 700 et
1668 622 1929 701 reconciliatus
1954 653 2021 730 per

596 754 796 830 dominum
828 754 1046 860 episcopum
1082 752 1448 840 claromontensem,
1478 753 1545 861 qui
1576 753 1821 861 inquisiverat
1850 783 1938 831 cum
1958 782 2021 832 eo·

598 883 697 958 dem.
720 883 843 960 Lectis
862 900 990 962 autem
1012 901 1049 961 at
1075 883 1276 990 diligenter
1303 883 1488 990 expositis.
1503 883 1575 962 sibi
1604 883 1785 962 omnibus
1807 902 1847 962 et
1864 885 2019 994 singulis

597 1013 778 1105 articulis,
801 1015 994 1119 respondit
1019 1043 1058 1091 se
1086 1013 1248 1104 nescire,
1280 1042 1349 1090 nec
1375 1015 1546 1107 credere,
1569 1041 1639 1092 nec
1669 1013 1852 1093 audivisse
1879 1015 1954 1093 dici
1973 1015 2018 1094 de

598 1144 782 1220 contentis
809 1145 848 1219 in
869 1144 922 1221 eis
942 1144 1013 1222 nisi
1037 1144 1142 1251 quod
1171 1144 1355 1252 sequitur.
1378 1145 1480 1222 Dixit
1499 1147 1604 1224 enim
1624 1173 1665 1224 se
1691 1145 1806 1224 luisse
1827 1164 2017 1254 receptum

597 1274 636 1350 in
662 1273 802 1379 capella
829 1273 927 1352 dicte
948 1261 1085 1352 domus
1111 1273 1262 1381 Templi
1283 1275 1330 1352 de
1352 1275 1482 1366 Sedis,
1512 1276 1608 1354 circa
1635 1273 1935 1354 instanslestum
1955 1305 2018 1354 na·

595 1405 746 1484 tivitatis
765 1406 863 1483 beati
882 1406 1063 1485 lobannis
1078 1407 1241 1513 Baptiste
1264 1423 1376 1484 erunt
1403 1407 1552 1484 circiter
1571 1433 1634 1486 vtn
1655 1406 1761 1498 anni,
1783 1434 1853 1514 per
1865 1406 2020 1484 fratrent

596 1536 844 1642 Hymbertum
863 1536 1018 1614 blanchi
1036 1537 1213 1628 militem,
1236 1555 1495 1644 preceptorem
1518 1537 1706 1630 Alvernie‚
1730 1537 1797 1644 qui
1822 1537 1862 1613 in
1888 1536 2017 1646 Anglia

597 1665 800 1756 detinetur,
832 1666 1073 1771 presentibus
1102 1665 1278 1742 fratribus
1303 1665 1484 1745 Bemardi
1514 1666 1729 1756 Charnerii‚
1759 1695 1875 1774 quem
1902 1668 2018 1746 credit

594 1795 732 1888 vivere,
752 1796 934 1873 Durando
961 1796 1174 1887 Cbamerii‚
1200 1813 1239 1874 et
1264 1795 1429 1874 Geraldo
1456 1792 1916 1876 sudre‘ctaramontensis
1936 1798 2016 1876 dio-

595 1926 704 2016 cesis,
727 1925 944 2014 dellunctis,
970 1927 1009 2002 in
1036 1955 1124 2004 eum
1148 1927 1334 2004 modurn:
1356 1955 1444 2003 nam
1472 1926 1562 2004 lecit
1591 1929 1714 2006 dictus
1733 1947 1906 2036 receptor
1932 1957 2015 2006 eum

594 2085 725 2134 vovere
749 2076 785 2134 et
802 2057 930 2165 jurare
958 2057 1181 2145 castitatem,
1214 2056 1498 2146 obedienciam,
1521 2075 1559 2135 et
1585 2059 1707 2136 vivere
1737 2059 1818 2136 sine
1844 2061 2014 2166 proprio,

512 2174 517 2184 ¹
595 2205 632 2264 et
651 2189 756 2293 quod
776 2215 854 2265 non
873 2189 1055 2267 revelaret
1075 2205 1217 2266 secreta
1237 2186 1509 2294 capitulorum,
1527 2215 1597 2266 nec
1616 2188 1826 2266 dimitteret
1845 2190 2016 2268 ordinem

569 2321 660 2424 'pro
680 2319 770 2409 alio;
793 2337 829 2397 et
849 2321 1026 2426 imposito
1052 2319 1123 2396 sibi
1143 2317 1339 2408 mantello,
1364 2316 1439 2397 fuit
1457 2346 1547 2396 eum
1574 2318 1764 2398 osculatus
1784 2319 1824 2395 in
1846 2347 1930 2410 ore,
1952 2320 2015 2396 sed

593 2475 672 2526 non
691 2467 862 2528 astantes.
883 2449 1030 2527 Deinde
1059 2449 1167 2526 allata
1199 2478 1266 2556 per
1292 2447 1434 2526 dictum
1462 2465 1694 2555 receptorem
1720 2449 1885 2554 quadam
1909 2475 2016 2554 cruce

593 2577 715 2684 lignea
737 2581 867 2686 inqua
886 2596 965 2656 erat
986 2607 1120 2687 ymago
1140 2579 1333 2670 Crucifixi‚
1355 2579 1527 2686 precepit
1544 2579 1579 2656 ei
1604 2578 1709 2687 quod
1737 2593 1892 2685 spueret
1907 2605 2016 2684 super

593 2737 692 2798 eam,
719 2709 846 2786 dicens
879 2709 1002 2786 dictus
1033 2725 1203 2814 receptor
1229 2706 1336 2813 quod
1368 2708 1442 2786 hoe
1463 2707 1628 2786 debebat
1653 2707 1774 2785 facere
1807 2705 2014 2784 sectandum

591 2839 920 2916 consuetudinem·
941 2839 1085 2916 ordinis
1099 2861 1123 2925 ;·
1141 2856 1177 2915 et
1211 2855 1304 2915 tunc
1331 2838 1410 2944 ipse
1438 2838 1547 2916 testis
1572 2838 1674 2944 spuit
1705 2865 1788 2916 non*
1810 2863 1924 2943 supra
1952 2835 2014 2914 sed

587 2969 693 3075 juxta
722 2997 816 3045 eam.
850 2968 977 3046 Primo
1008 2985 1134 3046 tamen
1164 2982 1383 3073 preceperat
1414 2967 1448 3044 ei
1478 2967 1582 3074 quod
1611 2966 1813 3074 abnegaret
1836 2967 2011 3052 lhesum,

592 3099 722 3176 dicens
748 3099 864 3175 eciam
895 3099 1001 3204 quod
1020 3098 1092 3174 boc
1115 3098 1234 3174 facere
1262 3095 1426 3173 debebat
1456 3095 1669 3174 secundum
1693 3096 1832 3172 dictam
1858 3123 2014 3174 consue·

590 3231 764 3307 tudinem
785 3229 946 3316 ordinis,
979 3245 1018 3304 et
1045 3229 1124 3334 ipse
1151 3228 1257 3304 testis
1287 3225 1485 3336 abnegavit
1509 3226 1666 3305 lhesum
1686 3254 1755 3305 ore
1773 3254 1865 3304 non·
1883 3227 2011 3316 corde,

591 3361 678 3467 quia
695 3361 773 3466 jam
793 3359 957 3437 habebat
977 3356 1198 3434 mantellum
1219 3375 1258 3435 et
1279 3358 1403 3462 ipsum
1423 3357 1613 3434 dimittere
1633 3385 1711 3434 non
1731 3373 1895 3463 poterat,
1922 3355 2015 3434 sicut

565 3492 693 3568 .dixit.
719 3490 800 3568 Alia
831 3490 959 3568 illicita
989 3517 1065 3566 non
1091 3491 1374 3566 intervenerunt
1403 3488 1443 3564 in
1476 3487 1573 3565 dicta
1599 3517 1666 3565 sua
1695 3487 1916 3594 recepcione
1948 3513 2012 3564 nec

589 3640 688 3728 post,
712 3640 750 3699 et
771 3622 891 3700 credit
910 3622 1013 3728 quod
1042 3620 1188 3698 eadem·
1202 3620 1473 3697 intervenirent
1491 3618 1745 3696 communiter
1770 3619 1809 3695 in
1828 3616 2012 3725 recepcio-

589 3752 701 3829 nibus
731 3753 894 3830 aliorum
920 3751 1078 3828 fratrum
1103 3751 1193 3826 dieti
1220 3747 1365 3827 ordinis
1392 3747 1450 3826 vel
1474 3767 1578 3856 post,
1605 3749 1693 3856 quia
1714 3748 1793 3854 ipse
1823 3747 1913 3825 lecit
1930 3775 2011 3853 pre·

455 3901 460 3908 '
591 3882 704 3974 dicta,
728 3901 765 3960 et
790 3884 877 3989 quia
891 3881 985 3958 vidit
1004 3881 1119 3986 recipi
1135 3879 1289 3958 fratrem
1305 3879 1558 3959 Guillclmum
1587 3879 1633 3956 de
1654 3879 1819 3986 Masayes
1838 3877 2009 3965 militam,

587 4028 724 4088 testem
748 4012 801 4088 eri
833 4011 1104 4098 examinatum,
1133 4037 1200 4115 per
1228 4008 1379 4086 fratrem
1397 4010 1648 4087 Bertrandum
1671 4008 1719 4085 de
1737 4007 1900 4114 Sartiges
1916 4005 2010 4083 mili·

592 4157 686 4231 tem4
708 4141 755 4218 ad
787 4139 1061 4218 deffensionem
1091 4138 1238 4218 ordinis
1268 4155 1518 4246 assumptum,
1548 4139 1718 4216 indicta
1748 4134 1906 4243 capella,
1928 4151 2010 4214 sunt

590 4271 741 4347 circiter
760 4271 866 4361 anni,
892 4270 1132 4377 presentibus
1166 4269 1343 4347 fratribus
1364 4271 1577 4378 Stephano,
1606 4268 1654 4346 de
1681 4267 1855 4347 Glotonis
1882 4269 2011 4346 Lemo-

589 4401 763 4490 vioensisr
787 4401 995 4482 Guillelmo
1023 4401 1160 4507 Aprilis
1192 4418 1230 4478 et
1261 4402 1372 4478 Petro
1399 4400 1447 4478 de
1476 4398 1670 4510 Alteyraco
1700 4396 2012 4478 Claranoatonsia

590 4533 820 4620 diocesium,
848 4532 1116 4624 servientibas‚·
1147 4531 1248 4638 apud
1276 4531 1456 4610 lliomum
1476 4529 1759 4608 dictediocesis
1776 4529 1955 4615 detentis.
1978 4541 2012 4604 at

587 4663 682 4741 vidit
712 4680 755 4740 et·
782 4662 935 4739 audivit·
954 4662 1042 4770 ipse*
1063 4662 1183 4748 testis,
1213 4690 1289 4739 una
1318 4689 1404 4738 cunr
1433 4658 1629 4767 predictis·
1651 4657 1777 4736 tribue
1813 4654 2010 4742 fratribus.

587 4793 743 4902 quando
779 4794 902 4872 dictus
933 4791 1047 4870 frater
1083 4791 1328 4879 uouendas,
1364 4807 1461 4896 post·
1483 4789 1748 4868 tradicionem·
1778 4785 1946 4866 nuntelli
1977 4800 2011 4862 et
