4486 5890
767 507 964 604 procas
990 525 1087 600 ons
1113 525 1416 600 cruentaris.
1733 529 1803 599 175

379 698 457 780 quo
471 670 595 749 luerat
612 669 852 778 inquisitum,
881 669 1076 750 absolutus
1099 686 1138 748 et
1162 667 1423 748 reconciliatus
1441 693 1510 772 per
1530 665 1729 744 dominum
1749 695 1806 744 ar·
1893 707 1896 714 v

378 801 662 910 chiepiscopum
682 803 964 894 Turonensem,
985 800 1095 880 lectis
1115 817 1154 878 et
1173 799 1376 908 diligenter
1399 795 1576 905 expositis
1594 796 1665 874 sibi
1686 800 1807 878 omni-

376 930 450 1011 bus
480 949 520 1011 et
546 930 704 1040 singulis
733 931 918 1022 articulis,
947 931 1144 1040 respondit
1171 959 1212 1010 se
1243 931 1406 1022 nescire,
1432 956 1504 1006 nec
1531 927 1705 1020 credere,
1736 959 1805 1008 nec

377 1060 561 1140 audivisse
589 1061 663 1139 dici
688 1061 737 1140 de
767 1063 955 1142 contentis
978 1063 1019 1140 in
1046 1062 1155 1140 dictis
1186 1061 1354 1141 articulis
1382 1060 1454 1138 nisi
1489 1059 1594 1166 quod
1620 1061 1802 1166 sequitur.

375 1191 480 1272 Dixit
511 1191 631 1284 enim,
658 1193 932 1299 protestacione
953 1193 1135 1302 premissa
1155 1193 1262 1302 quod
1285 1221 1363 1272 non
1392 1189 1557 1268 intendit
1581 1191 1759 1304 recedere
1784 1221 1805 1268 a

378 1322 617 1430 deposicione
648 1352 719 1431 per
752 1353 842 1403 eum
876 1322 969 1404 lacta
1010 1353 1137 1404 coram
1172 1324 1274 1403 dicto
1312 1323 1468 1403 domino
1502 1321 1801 1429 archiepiscopo,

376 1455 482 1562 quod
498 1452 578 1560 ipse
595 1452 720 1532 fuerat
733 1471 907 1562 receptus
924 1455 964 1534 in
981 1455 1123 1563 capella
1143 1456 1241 1534 dicte
1261 1455 1398 1538 domus
1418 1453 1465 1532 de
1484 1455 1630 1561 Frotay‚
1651 1452 1803 1532 infesto

375 1583 485 1664 beate
510 1585 715 1664 Katherine
740 1586 913 1694 proximo
938 1588 1119 1694 preterito
1139 1587 1296 1666 fuerunt
1314 1611 1384 1664 xxv
1412 1584 1500 1662 anni
1522 1581 1580 1662 vel
1604 1583 1715 1676 circa,
1735 1613 1803 1692 per

376 1715 530 1793 fratrem
550 1716 763 1794 lohannem
784 1716 832 1796 de
859 1715 984 1827 Sodny
1004 1717 1167 1796 militem
1189 1716 1400 1824 quondam,
1418 1731 1680 1822 preceptorem
1703 1715 1801 1793 dicte

376 1845 531 1935 domus,
556 1845 795 1954 presentibus
824 1845 1004 1926 fratribus
1026 1847 1147 1926 Adam
1175 1846 1357 1954 clavigero
1387 1844 1486 1923 dicte
1513 1844 1668 1938 domus,
1694 1847 1803 1954 Hym-

376 1975 486 2056 berto
504 1977 643 2086 Boysso
666 1994 705 2056 et
723 1979 835 2058 Petro
852 1980 1048 2088 Faugeyro
1066 1977 1332 2067 servientibus,
1351 1976 1568 2066 deffunctis,
1584 1993 1624 2054 et
1641 1976 1681 2054 in
1701 1977 1802 2055 hunc

377 2106 567 2186 modum:
597 2137 685 2188 nam
716 2137 803 2188 cum
832 2109 1086 2218 requisivisset
1113 2107 1332 2216 frequenter
1363 2135 1500 2216 panem
1531 2123 1569 2184 et
1595 2135 1731 2214 aquam
1765 2128 1803 2186 et

377 2239 593 2318 societatem
614 2238 777 2332 ordinis,
800 2256 838 2318 et
855 2239 1055 2320 obtulisset
1070 2268 1109 2318 se
1127 2238 1223 2318 velle
1243 2237 1326 2316 lieri
1346 2264 1494 2314 servum
1509 2235 1696 2315 esclavum
1713 2238 1799 2330 Dei,

377 2368 486 2448 beate
501 2369 619 2448 Marie
639 2386 680 2448 et
695 2369 854 2462 ordinis,
883 2387 922 2449 et
942 2370 1113 2479 predicto
1140 2370 1173 2447 ei
1194 2369 1300 2477 quod
1323 2367 1422 2447 benc
1443 2366 1670 2449 deliberaret
1688 2397 1801 2476 supra

378 2501 493 2589 dicta,
516 2499 551 2578 ei
567 2499 811 2580 concessisset
829 2499 953 2580 dictam
973 2516 1157 2608 receptor,
1175 2498 1265 2578 lecit
1282 2527 1372 2577 eum
1390 2525 1521 2576 vovere
1540 2515 1578 2576 et
1593 2501 1722 2608 jurare
1742 2528 1801 2577 ca-

378 2633 560 2720 stitatem,
581 2629 862 2718 obedienciam,
882 2631 1004 2710 vivere
1024 2631 1106 2710 sine
1123 2631 1295 2738 proprio,
1317 2647 1356 2709 ct
1371 2632 1477 2738 quod
1496 2646 1659 2708 servaret
1680 2630 1801 2710 bonos

378 2789 470 2838 usus
496 2761 562 2867 qui
591 2775 684 2838 tunc
713 2775 821 2838 erant
839 2759 879 2838 in
897 2760 1050 2851 ordine,
1076 2777 1115 2839 ct
1138 2759 1205 2868 qui
1226 2759 1513 2867 imponerentur
1537 2789 1624 2838 cum
1645 2763 1801 2840 consilio

377 2888 587 2998 proborum
605 2889 766 2983 ordinis3
788 2906 828 2968 et
844 2890 1022 2998 imposito
1042 2890 1076 2968 ei
1100 2889 1297 2983 mantello,
1324 2891 1403 2998 ipse
1431 2906 1470 2968 et
1489 2888 1621 2970 fratres
1640 2909 1801 2971 astantes

380 3021 537 3098 luerunt
556 3048 646 3099 eum
664 3019 821 3100 osurlati
839 3021 879 3100 in
904 3049 990 3113 ore3
1017 3038 1056 3100 et
1080 3049 1126 3099 ec
1144 3021 1326 3100 instructo
1348 3021 1510 3128 qualiter
1532 3040 1681 3130 regeret
1702 3052 1742 3102 se
1761 3026 1800 3100 in

376 3151 527 3240 ordine,
558 3150 681 3229 dictus
717 3169 899 3259 receptor,
934 3153 1046 3232 certis
1081 3153 1365 3232 remanentibus
1399 3154 1438 3230 in
1474 3152 1631 3261 capella,
1666 3184 1801 3236 vocans

375 3283 500 3386 ipsum
528 3297 663 3359 testem
690 3299 793 3360 retro
822 3281 953 3374 altare,
986 3283 1154 3391 precepit
1173 3285 1207 3362 ei
1236 3285 1342 3392 quod
1368 3283 1571 3393 abnegaret
1596 3287 1735 3380 Deum,
1764 3311 1800 3368 et

376 3411 456 3517 ipse
476 3409 672 3518 abnegavit
695 3410 845 3504 dolens,
869 3439 934 3491 ore
954 3439 1032 3492 non
1051 3415 1183 3505 corde,
1202 3431 1246 3493 ut
1272 3414 1377 3494 dixit.
1398 3416 1545 3495 Deinde
1577 3421 1747 3528 precepit
1764 3427 1798 3500 ei

375 3540 482 3648 quod
511 3559 666 3648 spueret
688 3569 801 3650 super
830 3541 1036 3650 quamdam
1065 3571 1215 3622 crucem
1246 3544 1410 3656 ligneam
1439 3547 1478 3625 in
1507 3577 1582 3654 qua
1611 3575 1688 3627 non
1719 3572 1799 3630 erat

374 3698 509 3780 ymago
528 3669 721 3760 crucifixi,
747 3673 949 3752 interram
968 3673 1146 3781 positam,
1172 3692 1211 3754 et
1235 3675 1314 3782 ipsc
1338 3676 1443 3754 testis
1468 3678 1571 3784 spuit
1591 3706 1669 3756 non
1687 3709 1798 3789 supra

374 3803 443 3881 sed
459 3803 565 3911 juxta
594 3831 689 3884 eam.
710 3805 845 3884 Postea
864 3805 958 3884 dixit
976 3805 1010 3884 ei
1040 3807 1146 3914 quod
1171 3823 1318 3914 poterat
1343 3807 1520 3888 fratribus
1546 3809 1690 3890 ordinis
1718 3843 1797 3894 car-

375 3931 512 4012 naliter
532 3936 767 4015 commisceri
788 3953 828 4014 et
848 3936 920 4044 ipsi
941 3943 1027 4016 cum
1051 3965 1115 4030 θος
1136 3939 1209 4018 hoc
1226 3957 1353 4018 tamen
1373 3969 1449 4020 non
1470 3941 1574 4036 lecit,
1596 3971 1665 4021 nec
1681 3948 1800 4025 credit

374 4062 480 4172 quod
493 4063 534 4142 in
553 4065 687 4144 ordine
703 4065 824 4146 lieret.
840 4065 945 4146 Dixit
962 4085 1090 4146 tamen
1108 4068 1232 4149 dictus
1250 4087 1423 4179 receptor
1443 4071 1567 4152 eidem
1586 4075 1673 4152 testi
1693 4079 1797 4183 quod

374 4195 543 4302 predicta
563 4214 672 4276 erant
698 4195 746 4275 de
769 4198 921 4306 punctis
942 4198 1102 4294 ordinis,
1133 4218 1172 4280 et
1203 4200 1295 4279 dixit
1321 4202 1424 4282 idem
1452 4203 1558 4282 testis
1580 4232 1620 4282 se
1645 4207 1797 4286 credere

374 4323 480 4430 quod
504 4323 621 4433 aliqui
653 4325 913 4434 reciperentur
939 4328 1149 4408 secundum
1180 4331 1340 4410 modum
1365 4333 1581 4440 predictum
1609 4353 1648 4414 et
1681 4337 1797 4446 aliqui

375 4482 471 4543 non,
494 4455 584 4564 quia
601 4455 745 4574 qudivit
762 4457 835 4534 dici
864 4457 912 4538 ab
929 4457 1121 4566 aliquibus
1140 4457 1319 4540 fratribus
1346 4463 1490 4541 ordinis
1509 4467 1614 4572 quod
1631 4468 1798 4573 predicta

375 4584 503 4665 illicita
529 4587 802 4668 intervenirent
827 4588 867 4666 in
894 4589 1179 4696 recepcionibus
1208 4619 1340 4670 comm
1368 4593 1426 4671 vel
1448 4613 1549 4702 post,
1576 4614 1615 4674 et
1640 4597 1687 4676 ab
1715 4598 1797 4677 aliis

375 4717 606 4796 conuarium
623 4749 632 4796 ε
649 4717 698 4798 de
719 4718 909 4798 dictorum
938 4735 1066 4798 tamen
1084 4719 1243 4800 flauum
1267 4721 1487 4802 nominibus
1518 4754 1596 4805 non
1624 4727 1795 4806 recorda·

374 4863 448 4925 tur.
471 4849 688 4955 Requisitos
713 4849 744 4928 si
764 4849 908 4929 viderat
931 4849 1078 4958 aliquos
1106 4851 1198 4932 alios
1218 4854 1332 4961 recipi
1361 4855 1402 4933 in
1421 4855 1574 4944 ordine,
1599 4858 1794 4965 respondit
