4320 5898
742 484 942 578 rnocss
969 502 1065 576 ons
1090 502 1397 578 rnnrnrnns.
1739 505 1786 576 rs

354 647 445 728 odio
474 647 533 726 vel
562 645 763 756 temporali
788 645 951 726 comodo
975 641 1106 725 habito
1137 645 1197 722 vel
1225 644 1426 736 habendo,
1457 645 1652 752 respondit
1681 647 1787 754 quod

353 808 453 873 non,
483 779 552 858 sed
574 807 645 888 pro
669 780 826 858 veritate
852 776 1035 866 dicenda;
1061 777 1123 854 oui
1147 775 1221 855 fuit
1249 777 1462 887 injunctum
1489 777 1595 884 quod
1623 805 1700 856 non
1726 807 1786 857 re·

353 911 496 990 velaret
509 912 604 990 hanc
624 939 730 991 suam
753 910 1035 1019 deposicionem
1055 935 1255 1016 quousque
1277 908 1538 992 attestaciones
1558 907 1700 988 luerint
1716 940 1787 1017 pu-

353 1042 503 1124 blicate.

383 1383 393 1402 ,
411 1311 545 1388 Frater
559 1306 792 1390 Guillelmus
811 1309 961 1388 d'Erree
986 1308 1152 1388 serviens
1168 1309 1467 1388 Cenomanensis
1483 1305 1659 1403 diocesis,
1681 1309 1787 1388 testis

262 1511 267 1524 .
355 1469 467 1549 supra
484 1443 646 1551 juratus,
666 1441 928 1552 sexagenarius
952 1459 991 1520 et
1009 1441 1126 1531 ultra,
1150 1441 1378 1519 mantellum
1399 1439 1545 1520 ordinis
1569 1458 1608 1518 et
1624 1440 1783 1520 barbam

356 1571 554 1663 defferens,
573 1601 660 1652 cum
680 1602 759 1680 quo
775 1573 1005 1680 inquisitum
1022 1570 1157 1663 fuerat,
1179 1570 1379 1651 absolutus
1393 1589 1432 1650 et
1446 1571 1710 1651 reconciliatus
1719 1589 1788 1678 pe‘r

356 1702 558 1782 dominum
579 1705 801 1813 episcopum
814 1707 1111 1794 Xantonensem,
1129 1703 1238 1782 lectis
1253 1720 1291 1782 et
1305 1704 1509 1812 diligenter
1523 1704 1701 1812 expositis
1715 1704 1787 1783 sibi

356 1835 536 1916 omnibus
562 1853 600 1914 et
619 1836 778 1945 singulis
803 1835 983 1926 articulis,
1011 1835 1209 1943 respondit
1234 1865 1273 1915 se
1297 1835 1444 1914 nescire
1467 1864 1538 1914 nec
1562 1835 1718 1915 credere
1739 1835 1787 1914 de

356 1967 545 2046 contentis
562 1967 603 2045 in
623 1968 689 2060 eis,
710 1973 783 2046 ne'c
802 1967 995 2046 audivisse*
1018 1966 1105 2056 dici,
1129 1966 1204 2044 nisi
1223 1965 1329 2074 quod
1353 1966 1536 2075 sequitur.
1561 1965 1666 2046 Dixit
1684 1966 1787 2045 enim

356 2127 395 2176 se
422 2097 537 2199 fuisse
557 2103 765 2207 receptum,
788 2098 829 2174 in
848 2073 1005 2178 instanti
1027 2096 1125 2176 festo
1143 2097 1252 2177 ‘beuti
1271 2097 1442 2177 Barnabe
1468 2117 1581 2178 erunt
1599 2097 1789 2207 quinqua-

357 2231 459 2339 ginta
480 2205 557 2309 duo
577 2230 664 2310 unni
684 2231 743 2311 vel
762 2229 871 2322 circa,
896 2229 937 2306 in
958 2228 1100 2338 capella
1120 2229 1259 2310 domus
1278 2228 1430 2336 Templi
1454 2228 1502 2306 de
1521 2229 1644 2338 Aynes
1664 2230 1788 2310 Ceno-

357 2363 547 2440 manensis
565 2363 744 2454 diocesis,
767 2341 1001 2469 per'lratrem
1025 2363 1180 2440 Petmrri
1200 2361 1402 2441 ſtrmenart
1420 2361 1644 2442 servientem
1665 2391 1789 2471 quon·

357 2494 457 2587 dam,
483 2499 747 2604 preceptorem
773 2511 866 2572 tunc
889 2493 989 2572 dicte
1017 2493 1172 2584 domus,
1200 2493 1249 2571 de
1275 2494 1455 2572 mandato
1474 2492 1598 2572 fratris
1616 2496 1787 2603 Hugonis

327 2611 336 2632 ’
356 2627 505 2738 Giserdi
524 2646 618 2705 tunc
634 2625 803 2735 magistri
821 2625 1043 2732 Aquitanis,
1066 2625 1114 2703 de
1136 2626 1244 2734 cujus
1262 2623 1455 2732 parentela
1473 2643 1552 2703 erat
1564 2625 1644 2734 ipse
1663 2609 1784 2718 testis,

355 2758 596 2868 presentibus
629 2757 807 2836 fracibus
835 2755 1008 2835 lobannc
1035 2754 1236 2834 Armenart
1269 2755 1383 2834 sratre
1416 2756 1507 2835 dicti
1536 2759 1784 2866 preceptoris‚

355 2892 528 2971 lohanne
541 2889 698 2970 Musseti
713 2885 979 2977 servientibus,
993 2884 1213 2973 deffunctis,
1225 2885 1266 2961 in
1275 2885 1380 2966 bunc
1394 2886 1578 2966 modurn:
1595 2917 1684 2967 nam
1698 2921 1786 2970 curn

356 3023 530 3132 peciisset
552 3050 690 3130 panem
715 3037 754 3099 et
773 3048 922 3128 aquam,
941 3035 1057 3126 prout
1074 3015 1282 3097 instructus
1304 3016 1438 3110 luerat,
1457 3035 1497 3097 et
1523 3019 1724 3102 obtulisset
1746 3051 1786 3104 se

357 3155 452 3235 velle
468 3155 551 3232 fieri
565 3159 715 3233 servum
729 3151 915 3232 esclarum
932 3149 1088 3239 ordinis,
1107 3147 1360 3256 etrequisitus
1371 3177 1440 3258 per
1454 3178 1518 3230 eos
1530 3153 1787 3262 respondisset

357 3286 463 3397 quod
483 3313 560 3364 non
582 3302 661 3364 erat
679 3284 786 3363 alteri
805 3283 979 3394 religioni
999 3309 1071 3360 nec
1082 3279 1325 3360 matrimonio
1345 3280 1528 3395 alligatus,
1548 3313 1620 3364 nec
1637 3314 1786 3368 excom-

358 3419 590 3509 municatus,
615 3415 705 3494 lecit
729 3429 929 3524 preceptor
953 3423 1042 3494 eum
1065 3431 1265 3495 vovereet
1285 3415 1415 3526 jurare
1442 3444 1556 3526 super
1579 3421 1785 3529 quemdam

357 3548 501 3628 librum
512 3565 685 3656 apertum
700 3546 918 3635 castitatem,
938 3545 1212 3640 obedienciam,
1224 3547 1346 3626 vivere
1359 3549 1440 3628 sine
1455 3551 1627 3659 proprio,
1641 3581 1786 3632 servare

356 3683 480 3762 bonos
497 3707 589 3759 usus
603 3697 649 3758 et
666 3675 787 3758 bonas
808 3677 1104 3758 consuetudines
1122 3677 1280 3768 ordinis,
1304 3695 1342 3758 et
1365 3707 1444 3760 non
1462 3681 1627 3761 revelare
1637 3701 1787 3762 secreta

357 3811 622 3922 capitulorum.
655 3813 787 3890 Postea
817 3810 1001 3920 imposuit
1030 3809 1103 3889 sibi
1131 3809 1377 3903 mantellmn,
1408 3812 1558 3921 etipse
1589 3831 1627 3892 et
1655 3813 1787 3893 fratres

358 3962 518 4024 astantes
538 3942 697 4024 osculati
710 3941 868 4021 fuerunt
881 3971 972 4048 eum
988 3943 1030 4022 in
1050 3971 1128 4036 ore,
1142 3959 1181 4023 et
1193 3941 1368 4023 lecerunt
1383 3971 1473 4023 eum
1492 3943 1653 4025 induere
1668 3963 1788 4026 vestes

357 4077 562 4186 religionis,
587 4094 626 4156 et
642 4075 900 4157 instruxerunt
924 4103 1014 4156 eum
1040 4093 1137 4185 quot
1156 4078 1270 4158 Pater
1284 4094 1400 4158 noster
1422 4077 1565 4157 diceret
1592 4105 1661 4186 pro
1683 4078 1788 4160 horis

277 4307 282 4316 ·
357 4209 449 4299 suis,
471 4209 578 4317 quod
597 4209 741 4318 jaceret
768 4238 856 4288 cum
879 4207 1014 4318 pannis
1033 4209 1156 4300 lineis,
1183 4210 1328 4290 cinctus
1347 4239 1424 4289 una
1448 4209 1621 4305 cordula;
1644 4212 1711 4290 scd
1740 4213 1787 4290 de

357 4339 622 4449 abnegacione,
640 4340 835 4447 vituperiis
847 4341 979 4435 crucis,
992 4341 1132 4421 osculis
1145 4341 1368 4432 inhonestis,
1387 4341 1543 4420 crimine
1563 4341 1788 4423 sodomitico

357 4472 418 4551 vel
435 4471 563 4580 aliquo
581 4472 655 4552 alio
681 4473 816 4552 illicito
843 4500 923 4554 non
947 4472 1021 4553 suit
1048 4473 1083 4552 ei
1110 4473 1284 4554 locutum
1296 4474 1337 4554 in
1357 4474 1457 4553 dicta
1477 4475 1698 4583 recepcione
1721 4504 1792 4555 nec

358 4621 454 4712 post,
472 4604 561 4682 licet
579 4604 684 4684 aliud
703 4605 803 4684 dicat
826 4634 866 4684 se
880 4607 1140 4716 recognovisse
1165 4635 1291 4688 coram
1314 4607 1415 4686 dicto
1435 4606 1593 4687 domino
1613 4608 1789 4717 episcopo

357 4736 607 4828 Xantonensi,
622 4754 731 4827 metu
739 4721 1031 4834 tormentorum,
1047 4737 1176 4848 quoad
1191 4739 1427 4848 spuicionem
1444 4739 1564 4819 crucis
1578 4756 1616 4819 et
1631 4739 1790 4850 abnega-

245 4959 248 4964 ·
359 4867 509 4949 cionem
528 4869 618 4960 θείς
638 4869 704 4950 sed
721 4871 859 4979 primo,
876 4888 1085 4982 antequam
1094 4889 1191 4954 esset
1208 4873 1259 4952 ad
1274 4883 1412 4980 panem
1427 4890 1468 4952 et
1481 4900 1618 4981 aqttam
1629 4871 1787 4980 positus,
