4242 5890
701 545 896 639 anonas
923 565 1019 638 nus
1048 565 1346 640 ruurxmns.
1659 572 1731 642 aas

314 731 506 812 nunquam
520 729 559 780 se
574 703 787 782 immiscuit.
801 703 1014 810 Requisitus
1028 722 1155 782 utrmn
1168 707 1221 802 vil,
1239 706 1295 784 vel
1312 722 1415 783 metu
1431 709 1584 784 carceris
1593 708 1652 785 vel
1663 711 1735 787 tor-

314 853 545 924 mentorum,
567 850 632 911 aut
647 833 719 912 alia
738 862 973 942 quacumque
989 836 1037 912 de
1053 865 1179 926 causa,
1196 837 1329 916 dixerit
1343 853 1406 914 aut
1417 837 1659 942 immiscuerit
1668 835 1734 915 ali-

315 965 428 1074 quam
445 964 659 1054 falsitatem,
675 983 740 1042 aut
758 966 915 1042 tacuerit
934 966 1144 1054 veritatem,
1162 966 1254 1043 dixit
1272 995 1342 1072 per
1351 967 1607 1072 juramentum
1623 997 1735 1045 suum

316 1097 421 1204 quod
432 1121 525 1187 nom
548 1095 665 1174 immo
686 1095 790 1202 quod
810 1095 901 1174 dixit
912 1123 1045 1201 puram
1060 1112 1098 1173 et
1111 1123 1252 1174 meram
1268 1097 1460 1174 veritatem
1475 1113 1629 1203 propter
1640 1098 1736 1176 salu-

315 1245 393 1304 tem
414 1253 535 1304 amma
554 1251 634 1302 sue.

372 1491 466 1568 Item
487 1488 599 1566 frater
616 1489 748 1567 Petrus
763 1491 811 1567 de
834 1490 938 1568 Sivre
955 1487 1055 1568 filius
1076 1490 1221 1568 domini
1237 1489 1386 1568 Acherii
1401 1491 1448 1566 de
1468 1489 1570 1567 Sivre
1589 1489 1736 1575 militis,

318 1621 423 1698 etatis
442 1620 631 1698 sexdecim
651 1618 709 1697 vel
729 1645 801 1698 xvir
827 1647 1025 1710 annorum,
1051 1621 1159 1698 miles
1185 1620 1274 1697 dicti
1294 1620 1453 1709 ordinis,
1475 1647 1625 1697 morans
1640 1620 1739 1724 apud
1761 1622 1764 1637 '

317 1751 569 1857 Latigniacum
591 1750 757 1838 siccum,
770 1751 918 1857 juratus
935 1752 981 1829 de
993 1781 1031 1829 se
1046 1769 1083 1830 et
1095 1750 1175 1830 aliis
1190 1752 1230 1828 in
1243 1779 1351 1828 causa
1367 1751 1456 1827 fidei
1474 1750 1598 1826 diccrc
1612 1751 1739 1827 verita·
1798 1753 1801 1768 '

317 1897 409 1971 tem,
434 1897 471 1956 et
490 1880 740 1985 interrogatus
760 1879 807 1956 dc
827 1897 996 1985 tempore
1017 1898 1054 1958 et
1072 1882 1187 1960 modo
1207 1909 1273 1959 sue
1291 1879 1539 1986 recepcionis,
1562 1879 1655 1955 dixit
1674 1907 1740 1984 per

312 2012 569 2115 juramentum
588 2037 699 2086 suum
719 2010 823 2117 quod
848 2028 1018 2115 receptus
1036 2010 1109 2088 fuit
1127 1992 1303 2099 Parisius‚
1330 2012 1369 2086 in
1390 2011 1451 2088 die
1471 2011 1650 2088 Cincrum
1671 2011 1741 2086 erit

318 2167 452 2227 annus,
478 2167 546 2244 per
571 2137 723 2216 fratrem
747 2142 945 2249 Hugoncm
974 2141 1022 2218 de
1053 2140 1221 2218 Paraudo
1252 2140 1479 2218 visitatorem
1504 2140 1673 2228 Fraude,
1701 2142 1740 2215 in

319 2297 461 2346 camera
482 2270 609 2374 ipsius.
631 2270 679 2346 Et
695 2270 787 2346 dixit
799 2297 868 2376 per
877 2272 1133 2378 juramentum
1146 2299 1259 2348 suum
1273 2270 1378 2376 quod
1393 2287 1592 2376 postquam
1604 2270 1741 2376 juravit
1834 2265 1840 2273 ’

319 2427 462 2476 servare
484 2415 619 2477 statuta
652 2399 810 2489 ordinis,
833 2416 872 2477 et
892 2399 1071 2477 mantello
1096 2399 1143 2476 ad
1172 2400 1313 2476 collum
1338 2427 1447 2476 suum
1471 2399 1610 2504 posito,
1640 2399 1741 2474 idem

318 2528 431 2605 frater
449 2531 559 2636 Hugo
579 2529 740 2635 portavit
758 2546 796 2606 et
810 2531 933 2607 tenuit
946 2548 1030 2606 ante
1043 2558 1131 2607 cum
1144 2531 1344 2635 quamdam
1360 2557 1509 2605 crucem
1526 2529 1564 2604 in
1577 2545 1743 2634 quaerat

320 2659 465 2764 depicta
481 2685 613 2766 ymago
633 2658 748 2737 Jhesu
761 2657 920 2748 Christi,
940 2676 978 2736 et
994 2659 1108 2765 peciit
1130 2659 1176 2734 ah
1196 2686 1241 2736 eo
1259 2676 1387 2734 utrum
1405 2658 1575 2735 crederet
1596 2658 1634 2732 in
1655 2685 1742 2732 eum

320 2789 426 2897 cujus
439 2789 650 2896 ymaginem
665 2787 826 2866 videbat.
845 2789 919 2882 Qui
934 2789 1128 2894 respondit
1138 2788 1242 2894 quod
1257 2789 1333 2864 sic':
1346 2805 1436 2863 tunc
1451 2786 1542 2863 dixit
1555 2786 1626 2863 sibi
1640 2787 1742 2891 quod

321 2919 418 2996 male
438 2919 628 3008 credebat,
648 2935 685 2994 et
699 2917 786 2995 fecit
799 2946 887 2994 eum
906 2918 1087 3026 abnegare
1102 2919 1258 2994 Jhesum
1279 2917 1469 2994 Christum
1485 2933 1544 2993 ter
1559 2933 1594 2992 et
1609 2943 1742 3022 spuere

321 3047 489 3153 qualibet
507 3049 585 3125 vice
600 3073 711 3153 supra
731 3075 891 3124 crucem.

377 3180 628 3285 interrogatus
647 3176 858 3264 densante,
882 3176 976 3253 dixit
992 3205 1061 3282 per
1069 3176 1327 3283 juramentum
1349 3205 1459 3254 suum
1478 3176 1583 3282 quod
1599 3176 1745 3255 oscula-

321 3325 382 3385 tus
401 3308 474 3384 fuit
497 3308 536 3383 in
564 3306 743 3384 umbilico
763 3325 802 3383 et
824 3308 863 3382 in
884 3333 949 3383 ore
966 3305 1102 3384 solum.
1125 3307 1339 3412 Requisitus
1363 3323 1490 3383 utrum
1518 3307 1652 3413 aliquis
1672 3308 1742 3385 sibi

322 3436 483 3544 injunxit
499 3437 605 3543 quod
623 3437 881 3513 commisceret
896 3463 935 3512 se
957 3465 1043 3512 cum
1059 3437 1168 3513 sociis
1185 3437 1279 3526 suis,
1302 3436 1394 3512 dixit
1409 3465 1477 3542 per
1487 3437 1743 3542 juramentum

321 3593 431 3642 suum
451 3567 555 3673 quod
575 3593 769 3670 nunquam
786 3565 858 3642 suit
872 3563 944 3641 sibi
964 3565 1105 3642 dictum
1120 3565 1177 3642 vel
1194 3566 1416 3672 injunctum.

377 3694 592 3801 Requisitus
610 3713 738 3772 utrum
752 3695 805 3784 vi,
830 3712 894 3771 aut
919 3711 1022 3773 metu
1041 3711 1330 3784 tormentorum,
1353 3695 1524 3784 carceris,
1542 3711 1605 3771 aut
1622 3695 1744 3802 aliqua

323 3823 391 3901 adia
413 3851 541 3913 causa,
564 3826 605 3900 in
624 3853 688 3902 sua
709 3824 950 3930 deposicione
973 3824 1108 3902 dixerit
1129 3825 1342 3916 falsitatem,
1372 3825 1464 3902 dixit
1483 3853 1550 3932 per
1559 3823 1745 3931 juramen-

322 3971 401 4032 tum
423 3983 536 4032 suum
552 3955 658 4062 quod
676 3981 769 4044 non3
791 3955 907 4032 immo
927 3983 1062 4061 puram
1082 3972 1120 4032 et
1138 3983 1279 4032 meram
1300 3955 1442 4032 dixerat
1455 3956 1657 4034 veritatem.

380 4215 473 4291 ltem
489 4213 603 4292 frater
620 4214 787 4292 Thomas
807 4215 854 4291 de
874 4214 1074 4321 Quesneyo
1093 4243 1209 4321 prope
1227 4215 1442 4305 Britolium,
1462 4218 1567 4294 etatis
1588 4217 1664 4294 xlm
1679 4247 1745 4294 au-

324 4370 462 4421 uorum
482 4344 540 4421 vel
562 4346 672 4433 circa,
705 4345 810 4421 testis
830 4344 966 4421 eodem
986 4344 1101 4422 modo
1116 4345 1265 4450 juratus
1285 4345 1332 4422 de
1354 4375 1393 4422 se
1418 4365 1455 4423 et
1474 4346 1555 4423 aliis
1577 4348 1616 4422 in
1637 4375 1745 4425 causa

324 4471 412 4550 fidei
434 4474 558 4552 dicere
578 4475 786 4563 veritatem,
807 4489 844 4550 ct
863 4473 1066 4579 requisitus
1086 4474 1134 4550 de
1149 4491 1319 4580 tempore
1338 4493 1375 4552 et
1389 4473 1504 4553 modo
1517 4477 1745 4584 recepcionis

325 4630 390 4680 sue
409 4604 447 4678 in
464 4604 563 4686 dicto
576 4604 724 4692 ordine,
747 4603 839 4682 dixit
856 4633 925 4710 per
939 4605 1192 4711 juramentum
1212 4633 1321 4681 suum
1344 4606 1447 4711 quod
1466 4633 1529 4686 vm
1551 4608 1639 4684 anni
1661 4626 1745 4683 sunt

324 4731 382 4810 vei
402 4735 496 4810 circa
516 4734 619 4840 quod
634 4733 706 4812 suit
718 4751 889 4840 receptus
909 4735 1008 4841 apud
1028 4735 1245 4842 Soisyacum
1270 4737 1472 4814 Meldensis
1488 4737 1666 4828 diocesis,
1678 4766 1746 4841 per

325 4861 474 4942 fratrem
495 4867 690 4973 Hugoncm
711 4864 954 4956 deParaudo,
972 4865 1210 4973 presentibus
1225 4865 1334 4944 fratre
1352 4865 1501 4946 Nicolao
1515 4866 1744 4972 Flammingo
