4210 5882
682 543 878 636 anocts
902 563 1000 636 nas
1025 555 1325 639 rnurmsns.
1642 567 1716 642 ass

293 701 453 780 alioruin
463 699 637 792 fratrum,
657 721 693 780 et
705 703 834 808 petivit
847 704 893 782 ab
904 733 950 784 eo
963 721 1090 782 utrum
1105 705 1277 783 crederet
1289 706 1329 782 in
1347 704 1455 782 illum
1467 705 1573 812 cujus
1584 735 1717 814 ymago

293 851 372 912 erat
385 833 456 925 ihi,
473 849 511 910 et
525 832 605 938 ipse
620 831 715 910 dixit
730 834 832 940 quod
852 836 916 912 sic.
938 837 985 912 Et
994 853 1085 914 tunc
1100 835 1193 912 dixit
1209 836 1280 912 sibi
1295 836 1400 942 quod
1412 835 1508 913 male
1524 837 1715 926 credebat,

292 968 381 1074 quia
401 985 479 1044 erat
498 964 689 1072 quoddam
709 963 844 1042 falsum
862 966 1037 1073 ydolum,
1064 983 1103 1043 et
1120 968 1288 1074 precepit
1304 967 1374 1045 sibi
1395 967 1500 1073 quod
1518 966 1719 1076 abnegaret

290 1096 446 1176 Jhesum
465 1097 678 1184 Christum,
700 1113 738 1172 et
757 1096 797 1172 in
819 1096 996 1201 despectu
1014 1094 1097 1201 ejus
1112 1113 1265 1200 spueret
1290 1125 1400 1201 supra
1420 1124 1589 1187 crucenu
1614 1099 1718 1205 quod
1760 1143 1765 1165 ι
1874 1091 1881 1100 ’

291 1227 569 1336 aliquantulum
593 1225 714 1304 facere
740 1226 903 1316 distulit,
933 1225 1001 1303 sed
1030 1224 1273 1330 postmodum
1306 1225 1500 1333 abnegavit
1523 1227 1658 1317 semel,
1683 1245 1719 1303 et

290 1357 398 1436 linxit
417 1385 550 1465 spuere
566 1385 678 1463 supra
698 1385 857 1434 crucem.
876 1357 978 1434 Dixit
991 1356 1109 1434 eciam
1124 1383 1193 1463 per
1206 1357 1466 1463 juramentum
1480 1384 1591 1434 suum
1612 1356 1718 1462 quod

292 1488 412 1568 dictare
430 1489 614 1595 recipiens
632 1489 800 1593 precepit
823 1486 892 1564 sibi
918 1486 1023 1593 quod
1048 1513 1137 1564 eum
1161 1487 1389 1564 oscularetur
1408 1483 1447 1561 in
1465 1484 1586 1597 tribus
1606 1485 1715 1575 locis,

289 1617 466 1696 videlicet
483 1620 523 1694 in
543 1618 620 1694 fine
636 1617 741 1722 spine
762 1616 880 1706 dorsi,
903 1617 942 1694 in
957 1615 1135 1693 umbilico
1150 1631 1189 1693 et
1202 1616 1241 1692 in
1262 1643 1345 1704 ore;
1368 1614 1436 1691 sed
1451 1614 1530 1719 ipse
1551 1643 1628 1691 non
1647 1615 1718 1692 Iuit

290 1749 478 1826 osculatus
498 1777 585 1826 eum
604 1747 676 1826 nisi
701 1748 741 1824 in
759 1746 940 1826 umbilico
960 1764 998 1824 et
1019 1747 1058 1823 in
1087 1774 1164 1823 ore.
1186 1746 1287 1823 Dixit
1306 1745 1424 1822 eciam
1443 1773 1510 1851 per
1524 1745 1718 1852 juramen-

289 1893 373 1954 tum
394 1907 505 1954 suum
525 1879 630 1983 quod
649 1878 857 1982 injunctum
878 1877 950 1954 Iuit
969 1877 1039 1956 sibi
1060 1877 1166 1984 qnod
1188 1877 1346 1954 omnino
1365 1877 1572 1954 abstineret
1595 1905 1718 1954 amu·

289 2005 462 2095 lieribus,
484 2023 522 2082 et
535 2006 566 2082 si
587 2033 672 2082 caro
691 2021 842 2113 urgeret
860 2031 963 2093 eum,
981 2006 1087 2110 quod
1106 2007 1366 2082 commisceret
1380 2033 1419 2082 se
1440 2005 1717 2085 cumfratribus

290 2135 379 2214 dicti
399 2137 559 2224 ordinis,
586 2152 626 2214 et
647 2137 720 2214 hoc
740 2135 786 2212 ab
812 2135 893 2212 aliis
918 2133 1093 2212 fratribus
1117 2151 1317 2241 pateretur.
1342 2135 1443 2212 Dixit
1465 2153 1588 2212 nmen
1613 2138 1717 2242 quod

289 2294 483 2373 nunquam
496 2266 599 2356 lecit,
620 2296 689 2345 nec
708 2266 779 2344 fuit
797 2265 1010 2373 requisitus.

344 2399 597 2504 Interrogatus
624 2414 752 2474 utrtrm
778 2394 924 2503 aliquos
952 2395 1082 2472 frames
1109 2393 1245 2471 viderit
1269 2396 1402 2500 recipi,
1425 2396 1518 2473 dixit
1537 2397 1643 2503 quod
1663 2398 1717 2474 sic

288 2529 459 2606 nnumin
476 2528 590 2606 domo
601 2526 813 2618 Parisiensi3
827 2544 864 2603 et
876 2524 995 2603 credit
1010 2525 1339 2633 perjuramentum
1352 2554 1464 2603 suum
1480 2527 1585 2633 quod
1599 2527 1713 2604 simili

288 2660 403 2738 modo
421 2678 592 2767 receptus
615 2659 704 2748 fuit,
733 2674 770 2734 et
788 2685 921 2738 omnes
941 2656 1003 2734 alii
1020 2656 1068 2734 de
1088 2656 1221 2734 ordine
1239 2657 1484 2763 recipiuntur,
1509 2675 1552 2734 ut
1578 2658 1713 2745 credit,

287 2817 356 2893 per
375 2787 481 2865 illum
502 2789 659 2866 modum
674 2817 742 2894 per
761 2817 877 2894 quem
896 2787 968 2866 suit
980 2804 1164 2893 receptus.

344 2921 594 3026 Interrogatus
605 2936 731 2997 utrum
747 2920 793 3006 vi,
810 2918 868 2996 vel
877 2937 983 2997 metu
997 2918 1152 2996 carceris
1166 2946 1233 2996 seu
1253 2935 1548 3008 tormentorum,
1566 2935 1630 2996 aut
1644 2918 1716 2995 alia

289 3048 336 3118 de
357 3077 481 3134 musa,
503 3048 666 3148 aliquam
689 3048 823 3120 dixerit
838 3048 1036 3123 falsitatem
1061 3047 1119 3122 vel
1143 3048 1388 3126 immiscuerit
1412 3049 1451 3125 in
1474 3048 1714 3155 deposicione

287 3199 370 3262 sua,
393 3172 486 3248 dixit
504 3201 572 3280 per
586 3173 842 3280 juramentum
857 3205 967 3254 sumn
982 3175 1085 3283 quand
1104 3203 1197 3262 nom
1224 3176 1342 3256 immo
1362 3207 1496 3283 puram
1519 3197 1556 3257 et
1574 3207 1715 3257 meram

288 3301 430 3380 dixerat
447 3305 652 3381 veritatem.

342 3566 434 3640 Item
453 3563 565 3644 frater
578 3567 693 3644 Fulco
715 3567 764 3643 de
782 3568 928 3655 Iberis,
952 3568 1058 3644 etatis
1071 3593 1180 3647 xxvux
1200 3595 1386 3646 annorum
1404 3569 1461 3645 vel
1481 3569 1592 3662 circa,
1615 3571 1714 3676 jura-

285 3709 346 3770 tus
366 3694 502 3770 eodem
524 3695 641 3776 modo
658 3697 706 3774 de
727 3725 766 3774 se
787 3714 825 3774 et
839 3697 920 3774 aliis
939 3697 978 3773 in
998 3725 1108 3774 causa
1127 3697 1218 3775 fidei
1232 3699 1358 3776 dicere
1370 3701 1583 3788 veritatem,
1606 3717 1644 3776 et
1658 3701 1715 3775 in-

286 3839 496 3932 terrogatus
509 3825 556 3904 de
572 3843 741 3932 tempere
755 3827 915 3906 amodo
930 3855 996 3906 sue
1012 3828 1259 3935 recepcicnis,
1276 3829 1370 3904 dixit
1381 3857 1450 3936 per
1457 3831 1713 3936 juramentum

287 3981 397 4030 suum
421 3956 527 4060 quod
552 3955 625 4032 luit
644 3975 817 4060 receptus
836 3957 883 4032 in
897 3958 1012 4064 domo
1037 3957 1084 4034 de
1106 3959 1272 4064 Sanceyo
1282 3959 1388 4064 juxta
1408 3961 1559 4044 Trecas,
1582 3958 1713 4034 decem

286 4084 372 4158 anni
388 4099 494 4172 suut,
510 4113 578 4190 per
597 4083 749 4162 fratrem
770 4085 1011 4191 Radulphum
1030 4103 1264 4193 receptorem
1283 4104 1375 4164 tunc
1396 4087 1616 4192 Campanie,
1633 4117 1714 4193 pre-

286 4213 455 4292 sentibus
475 4214 587 4294 lratre
607 4215 759 4295 Galtero
780 4217 828 4295 de
847 4217 977 4294 Paians
997 4234 1035 4294 et
1054 4216 1165 4296 fratre
1185 4217 1387 4325 Radulpho
1400 4218 1448 4296 de
1458 4218 1709 4325 Compendio,

286 4359 325 4420 et
346 4344 572 4449 quibusdam
599 4345 682 4422 aliis
699 4348 746 4422 de
766 4374 929 4452 quorum
954 4347 1174 4426 nominibus
1202 4376 1277 4426 non
1302 4348 1445 4427 recolit.
1467 4349 1567 4426 Dixit
1596 4350 1713 4426 eciam

282 4501 350 4576 per
363 4473 622 4580 juramentum
642 4505 754 4554 suum
775 4477 895 4584 quod,
920 4495 1006 4583 post
1024 4477 1158 4556 multas
1177 4479 1444 4584 promissiones
1466 4479 1513 4557 ab
1534 4508 1580 4557 eo
1601 4479 1713 4558 sectas

285 4601 331 4678 de
352 4605 592 4684 observandis
617 4606 764 4684 statutis
783 4623 822 4684 et
845 4608 995 4684 secretis
1015 4607 1104 4686 dicti
1126 4609 1289 4698 ordinis,
1312 4626 1351 4686 et
1369 4608 1549 4686 mantello
1572 4609 1643 4687 sibi
1663 4609 1711 4685 ad

286 4733 422 4807 collum
445 4738 584 4837 posito,
607 4737 761 4839 qaudam
781 4735 893 4812 frater
912 4739 960 4812 de
977 4739 1082 4843 cujus
1101 4739 1254 4814 nomine
1275 4767 1352 4816 non
1373 4738 1521 4828 recolit,
1549 4737 1743 4865 ostendit

283 4860 352 4938 sibi
373 4862 575 4968 quamdam
592 4891 739 4942 omnem
767 4865 808 4942 in
831 4893 906 4972 qua
926 4883 1005 4944 erat
1026 4893 1158 4973 ymago
1183 4867 1300 4944 Jhesu
1319 4867 1459 4945 Christi
1487 4868 1649 4974 depicta,
1673 4835 1731 4946 et
