4486 5890
484 541 552 612 vsa
870 515 1061 610 enoass
1087 533 1181 605 oss
1208 485 1506 607 tenetisne

389 682 393 690 '
478 677 704 783 presbitero.
738 693 834 754 teste
865 678 918 753 eri
945 676 1167 766 examinato,
1199 675 1309 752 Petro
1339 673 1504 754 Gotandi
1533 670 1649 750 hodie
1669 670 1896 756 examinato,

478 797 520 884 itt
550 807 684 898 credit,
717 806 924 886 Guillelmo
958 805 1118 886 Calador
1142 804 1372 912 presbitero,
1399 822 1437 883 et
1471 800 1697 911 Berengario
1726 799 1896 889 Geraldi,

481 940 644 1018 detentis
672 938 771 1044 apud
797 938 905 1016 Naiac
936 936 1186 1016 Rutbenensis
1216 935 1454 1024 dissociem
1478 935 1632 1040 insuper
1657 930 1900 1010 nstoemPe-

477 1087 580 1145 trum
602 1068 748 1146 Bastida
769 1068 991 1146 servientem
1022 1066 1232 1176 quondam,
1258 1065 1513 1144 Rutbenensis
1534 1061 1713 1151 diocesis,
1741 1061 1806 1169 qui
1828 1059 1900 1140 tuit

482 1216 652 1308 receptus
672 1201 711 1278 in
732 1200 827 1276 dicta
854 1197 1010 1306 capella,
1027 1215 1115 1278 sunt
1141 1197 1287 1274 circiter
1307 1223 1355 1276 xv
1374 1197 1478 1285 anni,
1494 1224 1565 1302 per
1584 1194 1726 1272 dictum
1747 1191 1896 1272 fratrem

481 1333 679 1436 Hugonem
709 1331 757 1408 de
786 1331 939 1418 Sances,
958 1328 1196 1436 presentibus
1216 1328 1325 1406 dictis
1353 1325 1532 1408 fratribus
1564 1324 1790 1433 Rayrnundo
1810 1325 1900 1430 Pey-

419 1549 425 1554 ,
479 1463 599 1537 roneti
626 1479 662 1536 et
695 1460 884 1538 Bernardo
917 1461 964 1536 de
998 1445 1132 1538 Sancto
1161 1460 1324 1544 Verano,
1353 1457 1569 1544 dellunctis,
1600 1472 1639 1534 et
1667 1455 1770 1532 dicto
1791 1457 1897 1534 Petro

480 1590 658 1678 Gotandi,
681 1608 724 1666 ut
742 1590 879 1677 credit;
901 1588 1068 1694 plurium
1090 1587 1374 1694 recepciom'bus
1401 1616 1443 1666 se
1470 1613 1547 1664 nou
1577 1583 1709 1664 recolit
1723 1583 1895 1666 adfuisse.

479 1723 591 1808 Item,
615 1720 708 1798 dixit
727 1720 832 1826 quod
855 1719 953 1798 bene
979 1717 1154 1796 credebat
1179 1717 1435 1800 ecclesiasticis
1464 1717 1722 1808 sacrementis,
1743 1717 1899 1797 credens

480 1852 583 1956 quod
599 1851 661 1928 alii
681 1849 812 1929 fratres
833 1849 967 1928 eodem
987 1849 1103 1928 modo
1123 1848 1336 1936 crederent,
1354 1865 1391 1926 et
1409 1847 1515 1955 quod
1532 1873 1666 1926 eorum
1687 1848 1898 1926 sacerdotes

481 1979 607 2057 debite
634 1979 873 2058 celebrarent.
901 1980 1033 2060 Statim
1064 2008 1133 2087 pro
1161 1977 1337 2086 professis
1361 1978 1610 2059 habebantur.
1632 1978 1817 2058 durabant
1841 2007 1899 2058 on

480 2111 607 2188 dinem
630 2141 706 2190 non
727 2113 837 2188 exire.
861 2111 1104 2190 Clandestine
1124 2109 1412 2218 recipiebantur,
1435 2109 1554 2188 nullis
1571 2109 1812 2218 presentibus
1827 2111 1896 2190 nisi

477 2239 653 2320 iratribus
668 2241 829 2328 ordinis,
847 2221 890 2319 er
905 2269 983 2348 quo
1003 2241 1122 2320 credit
1140 2241 1248 2349 quod
1264 2258 1362 2321 esset
1381 2240 1543 2348 suspicio
1559 2258 1686 2319 contm
1707 2269 1784 2320 eos.
1807 2241 1898 2320 Cor·

477 2370 575 2448 dulis
611 2371 713 2450 unde
746 2371 920 2450 volebant
954 2374 1152 2482 assumptis
1187 2370 1434 2479 cingebantur
1464 2399 1579 2480 super
1610 2371 1780 2448 camisias
1812 2399 1896 2448 cum

476 2503 617 2606 quibus
636 2501 820 2608 jacebant.
849 2501 1118 2610 injungebatur
1145 2503 1198 2579 eis
1225 2529 1294 2610 per
1320 2519 1594 2580 sacramentum
1615 2529 1663 2579 ne
1690 2501 1898 2582 revelarent

477 2651 617 2710 secreta
638 2625 904 2739 capitulorum,
926 2633 974 2708 de
995 2632 1110 2708 modo
1130 2633 1360 2738 recepcionis
1379 2631 1528 2740 speciali
1550 2659 1627 2710 non
1640 2631 1773 2722 ,habita
1794 2660 1898 2710 men-

478 2765 597 2840 cione.
625 2763 700 2858 Qui
722 2739 946 2840 revelassent
964 2761 1124 2870 graviter
1140 2761 1262 2868 puniti
1278 2759 1449 2840 fuissent.
1471 2759 1623 2868 Absque
1644 2759 1800 2839 licencia
1820 2787 1896 2840 non

477 2911 649 2997 poterent
666 2892 746 2971 aliis
765 2921 880 3000 quam
903 2892 1159 2974 sacerdotibus
1178 2891 1323 2970 ordinis
1340 2891 1523 2970 confiteri.
1547 2890 1678 2970 Illicita
1692 2889 1898 2969 consessus

477 3049 651 3126 pereum
672 3023 791 3100 credit
820 3022 924 3132 quod
945 3039 1068 3100 essent
1098 3039 1186 3100 nota
1212 3020 1389 3101 fratribus
1413 3022 1573 3113 ordinis,
1599 3039 1636 3100 et
1655 3021 1762 3130 quod
1781 3021 1898 3127 negli-

476 3171 606 3260 gentes
639 3151 792 3232 fuerunt
824 3154 862 3230 in
897 3153 952 3228 eis
983 3152 1226 3259 corrigendis.
1264 3152 1497 3232 lllemosinas
1532 3169 1570 3229 et
1605 3151 1897 3259 hospitalitatem

415 3325 419 3334 ·
476 3284 569 3362 vidit
594 3284 858 3363 convenienter
876 3284 959 3360 lieri
980 3301 1019 3362 et
1046 3284 1178 3362 servari
1197 3285 1235 3360 in
1256 3281 1433 3362 domibus
1457 3284 1602 3362 ordinis
1619 3286 1658 3362 iu
1679 3283 1819 3391 quibus
1836 3313 1897 3362 ex-

476 3414 552 3491 titit
577 3430 838 3492 commoratus.
864 3413 978 3507 Quod
1004 3441 1161 3522 magnus
1185 3415 1361 3521 Magister
1384 3443 1470 3492 cum
1496 3430 1683 3492 conventu
1709 3415 1897 3494 statuisset

474 3561 576 3622 totus
596 3546 690 3622 ordo
711 3562 904 3636 servasset,
927 3561 1054 3622 contra
1075 3573 1189 3652 quem
1215 3573 1316 3624 nnnc
1343 3547 1497 3653 grandia
1525 3546 1714 3634 scandala,
1736 3546 1896 3652 suspicio

475 3691 511 3750 et
531 3675 680 3756 infamia
701 3694 790 3754 sunt
815 3693 951 3764 exorta.
980 3678 1061 3755 Non
1078 3677 1267 3756 obtulerat
1298 3705 1337 3754 sa
1365 3678 1412 3754 nd
1433 3677 1708 3756 deffensionem
1738 3676 1893 3754 ordinis.

529 3809 745 3915 Requisitus
760 3808 790 3883 si
808 3808 860 3882 sic
876 3807 1102 3914 deposuerat
1110 3835 1236 3914 prece,
1255 3824 1447 3914 precepto,
1459 3810 1616 3894 timore,
1627 3837 1771 3900 amore,
1788 3808 1893 3900 odio,

473 3938 529 4012 vel
549 3938 746 4044 temporali
769 3939 931 4016 comodo
950 3937 1080 4014 habito
1097 3938 1152 4014 vel
1169 3937 1362 4024 habendo,
1380 3941 1576 4046 respondit
1595 3941 1699 4048 quod
1716 3967 1809 4030 uon,
1829 3941 1897 4016 sed

475 4095 543 4170 pro
564 4068 714 4144 veritate
741 4067 921 4154 dicenda3
944 4067 1004 4143 cui
1031 4065 1103 4144 fuit
1128 4066 1340 4174 injunctum
1367 4069 1472 4174 quod
1500 4096 1579 4145 nou
1598 4067 1780 4146 revelaret
1802 4070 1897 4150 banc

474 4223 577 4272 suam
600 4196 898 4304 deposicionem,
920 4225 1121 4306 quousque
1142 4199 1401 4278 attestaciones
1421 4197 1562 4278 fuerint
1581 4198 1781 4305 publicate.

530 4459 658 4532 Frater
685 4458 898 4534 bernardus
925 4459 1018 4535 Boni
1060 4459 1231 4535 Hominis
1263 4475 1461 4566 preceptor
1498 4462 1636 4538 dostms
1668 4463 1817 4568 Templi
1851 4465 1901 4542 de

473 4584 680 4664 Albinhacc
710 4588 962 4666 llutlrenensis
984 4589 1159 4677 diocesis,
1181 4591 1361 4682 serviens,
1383 4592 1816 4702 quadragintaquinque
1833 4623 1903 4672 an·

472 4745 609 4794 uorum
630 4719 689 4794 vel
716 4719 825 4812 circa,
853 4720 959 4796 testis
980 4749 1092 4826 supra
1111 4721 1278 4828 juratus,
1302 4721 1473 4798 habiturn
1501 4721 1647 4798 ordinis
1676 4743 1713 4800 et
1739 4723 1902 4801 barbam

472 4847 674 4948 defferens,
696 4877 781 4928 curn
810 4878 886 4957 quo
918 4851 1139 4959 inquisitum
1170 4850 1308 4939 fuerat,
1338 4849 1534 4929 absolutus
1562 4871 1599 4930 et
1631 4855 1903 4934 reconciliatus
