4208 5886
417 573 491 644 252
796 547 990 638 enocns
1021 563 1118 636 oss
1148 562 1452 638 runemsns

417 727 454 787 et
484 734 646 795 carcere,
670 722 708 782 et
729 705 823 782 dixit
845 705 951 811 quod
975 703 1092 812 magis
1116 702 1309 795 voluisset,
1332 703 1371 779 in
1399 703 1599 780 crastinum
1622 733 1689 782 sue
1713 735 1840 812 rocep-

415 838 549 928 cionis,
571 835 686 915 fuisse
707 853 898 926 mortuus,
915 863 1028 942 quam
1048 833 1136 941 quia
1155 832 1293 912 fecerat
1311 832 1441 911 illicita
1460 834 1684 940 supradicta.

471 967 686 1075 Requisitus
701 967 731 1044 si
749 966 802 1042 sic
815 966 1040 1073 deposuerat
1052 993 1178 1070 prece,
1194 982 1385 1072 precepto,
1401 964 1554 1056 timore,
1572 993 1712 1058 amore,
1729 967 1837 1054 odio,

414 1099 472 1176 vel
490 1097 685 1204 temporali
704 1097 868 1174 comodo
889 1096 1018 1173 habito
1037 1095 1097 1173 vel
1112 1095 1301 1187 habendo,
1324 1095 1520 1200 respondit
1536 1096 1642 1202 quod
1660 1123 1756 1191 non,
1771 1100 1837 1176 sed

414 1257 483 1335 pro
507 1229 660 1305 veritate
686 1226 862 1318 dicenda,
891 1226 952 1303 cui
977 1225 1050 1302 suit
1072 1225 1283 1333 injunctum
1308 1226 1413 1332 quod
1438 1253 1517 1304 non
1539 1215 1720 1304 revelaret
1741 1227 1837 1305 hanc

414 1389 519 1438 suam
535 1357 833 1465 deposiciouem‚
852 1385 1051 1463 quousque
1066 1356 1326 1434 attestacioncs
1339 1354 1481 1433 suerint
1495 1356 1702 1462 publicate3
1713 1375 1750 1436 et
1761 1387 1837 1436 non

414 1489 601 1568 obtulerat
621 1515 660 1565 se
681 1488 729 1564 ad
750 1487 1024 1564 deffensionem
1043 1486 1186 1564 ordinis
1208 1487 1417 1563 memorati.
1907 1475 1912 1486 ’

469 1619 558 1695 Acta
580 1615 737 1694 luerunt
755 1617 825 1692 bec
844 1615 1024 1723 predictis
1043 1615 1106 1691 die
1132 1632 1170 1692 et
1190 1614 1292 1706 loco,
1319 1632 1358 1692 et
1376 1615 1568 1721 predictus
1589 1617 1768 1695 dominus
1787 1647 1840 1696 ar·

412 1747 657 1826 obidiaconus
669 1745 916 1823 Tridentinus
934 1745 1055 1852 quiin
1076 1773 1184 1822 mane
1204 1744 1425 1823 interfuerat
1439 1747 1706 1825 examinacioni
1722 1749 1837 1825 trium

410 1878 585 1966 testium,
609 1875 792 1954 excusavit
822 1904 861 1954 se
885 1877 973 1983 quia
997 1893 1083 1982 post
1105 1876 1374 1954 dormicionem
1400 1904 1478 1956 non
1506 1879 1630 1984 potuit
1657 1878 1837 1970 iuteresse

413 2005 680 2084 examinacioni
695 2006 855 2083 aliorum
876 2005 1041 2085 duorum
1061 2005 1195 2084 ultimo
1216 2007 1525 2095 examinatorum,
1547 2025 1584 2085 et
1597 2007 1716 2086 voluit
1732 2010 1838 2115 quod

413 2137 713 2216 examinarentur
740 2165 808 2242 per
836 2136 928 2214 alios
958 2138 1134 2216 dominos
1159 2137 1454 2228 commissarios,
1484 2155 1598 2244 prout
1624 2137 1838 2216 retulerunt

410 2268 543 2344 Petrus
558 2265 736 2345 Cavalerii
754 2282 792 2342 et
803 2267 936 2344 Petrus
952 2265 999 2344 de
1012 2268 1152 2357 Brenn,
1173 2265 1364 2344 domicelli
1384 2267 1573 2344 dictorum
1594 2267 1837 2346 dominorum

412 2395 675 2503 episcoporum
703 2395 806 2472 missi
834 2413 989 2503 propter
1012 2395 1085 2472 hoc
1114 2395 1323 2502 specialiter
1348 2397 1396 2472 ad
1427 2425 1541 2486 eum,
1577 2398 1615 2473 in
1646 2399 1838 2504 presencia

412 2525 578 2633 magistri
602 2525 733 2602 Amisii
759 2554 801 2601 ac
829 2525 904 2602 mei
929 2525 1193 2614 Floriamonti‚
1221 2542 1259 2602 et
1281 2525 1443 2603 aliorum
1467 2527 1700 2604 notariorum
1725 2556 1838 2634 supra

412 2655 548 2734 ultimo
569 2656 859 2734 nominatorum.

469 2921 557 3000 Post
585 2922 656 2999 beo
684 2921 747 2999 die
772 2919 914 2998 sabbati
943 2919 1134 3029 sequenti,
1165 2949 1239 3028 que
1269 2919 1342 2999 suit
1367 2947 1440 3000 xxn
1470 2921 1550 3000 dies
1577 2921 1667 2999 dicti
1698 2923 1837 3000 mensis

413 3050 519 3138 maii,
541 3049 613 3128 fuit
631 3051 815 3130 adductus
840 3051 888 3128 ad
907 3051 1137 3156 presenciam
1159 3052 1383 3130 eorumdem
1404 3052 1647 3130 dominorum
1671 3054 1840 3130 commis

407 3181 614 3274 sariorum,
637 3183 677 3259 in
697 3181 812 3258 domo
837 3181 1004 3288 predicta
1029 3181 1174 3258 domini
1198 3182 1298 3258 Petri
1327 3183 1375 3259 de
1404 3183 1608 3269 Sabaudia,
1635 3181 1749 3258 frater
1774 3184 1838 3259 Mi-

415 3309 521 3386 chacl
536 3311 584 3388 de
595 3310 715 3387 Podio
727 3311 901 3399 serviens,
914 3308 1233 3388 claromontensis
1247 3309 1417 3401 diocesis,
1433 3311 1540 3388 testis
1554 3310 1835 3417 suprajuratus‚

416 3439 760 3546 quinquagenarius
787 3457 825 3516 et
853 3438 971 3528 ultra,
1001 3441 1065 3546 qui
1094 3439 1318 3517 mantellum
1344 3440 1553 3518 voluntarie
1584 3440 1777 3518 dimiserat
1801 3457 1839 3517 et

413 3569 495 3646 radi
517 3568 655 3646 fecerat
673 3567 744 3647 sibi
769 3569 943 3660 barbam,
971 3599 1056 3647 cum
1077 3599 1153 3677 quo
1178 3569 1400 3676 inquisitum
1422 3570 1560 3661 suerat,
1585 3570 1782 3649 absolutus
1801 3589 1839 3649 et

413 3699 677 3778 reconciliatus
691 3727 758 3806 per
771 3699 968 3777 dominum
988 3700 1206 3806 episcopum
1228 3699 1595 3790 Claromontensem3
1611 3718 1648 3779 ct
1662 3699 1735 3779 suit
1758 3728 1839 3807 pro

413 3845 569 3907 testatus
590 3829 696 3935 quod
718 3857 794 3905 non
818 3829 1040 3908 intendebat
1058 3829 1233 3907 recedere
1251 3858 1272 3906 a
1292 3829 1535 3936 deposicione
1553 3857 1622 3937 per
1638 3859 1726 3907 eum
1745 3831 1838 3908 sacta

414 3987 540 4036 coram
560 3959 661 4037 dicto
676 3959 832 4037 domino
851 3959 1026 4066 episcopo
1052 3958 1368 4038 Claromontensi.
1395 3959 1519 4038 Lectis
1546 3977 1673 4037 autem
1699 3977 1737 4036 et
1759 3959 1839 4038 dili-

414 4106 548 4194 genter
572 4088 747 4194 expositis
772 4087 843 4165 sibi
868 4088 1046 4165 omnibus
1066 4105 1104 4165 et
1122 4088 1279 4196 singulis
1298 4089 1480 4180 articulis,
1501 4089 1699 4195 respondit
1717 4119 1757 4166 sc
1777 4119 1840 4167 ne-

415 4217 521 4310 scire,
547 4247 617 4294 nec
640 4217 808 4309 credere,
823 4247 894 4295 nec
914 4218 1096 4296 audivisse
1117 4219 1191 4296 dici
1217 4220 1266 4297 de
1286 4221 1471 4297 contentis
1494 4219 1533 4294 in
1562 4219 1615 4296 eis
1638 4219 1709 4296 nisi
1734 4221 1840 4325 quod

352 4385 355 4394 ’
416 4347 612 4456 sequitur:
630 4347 803 4426 videlicet
821 4349 927 4455 quod
948 4349 1027 4456 ipse
1047 4365 1220 4456 receptus
1233 4349 1355 4426 luerat
1372 4350 1411 4424 in
1429 4348 1591 4455 quadam
1609 4377 1754 4427 camera
1774 4351 1840 4429 do-

417 4509 504 4558 mus
523 4479 673 4585 Templi
698 4480 745 4558 de
766 4480 863 4558 ste
883 4479 1201 4559 Claromontensis
1218 4479 1396 4564 diocesis,
1423 4480 1518 4557 circa
1543 4481 1684 4557 instans
1703 4479 1840 4559 festum

416 4610 615 4688 nativitatis
632 4608 732 4686 beati
751 4610 931 4708 lobannis
945 4610 1109 4716 Baptiste
1131 4627 1243 4688 erunt
1258 4610 1405 4687 circiter
1424 4636 1536 4690 xxvrn
1558 4610 1664 4699 anni,
1685 4638 1755 4716 per
1776 4609 1843 4686 fra-

414 4757 512 4818 trem
532 4738 740 4819 Geraldum
759 4741 808 4818 de
829 4740 974 4820 Salzeto
997 4740 1157 4818 militem
1180 4740 1389 4846 quondam,
1412 4740 1650 4846 presentibus
1665 4738 1841 4816 fratribus

412 4870 525 4948 Petro
537 4869 671 4958 vinee,
688 4869 895 4951 Guillelmo
909 4869 1062 4947 Arnaldi
1076 4870 1341 4959 servientibus,
1357 4869 1575 4958 dciiunctis,
1596 4885 1634 4946 et
1650 4869 1840 4975 Stephano
