4202 5876
406 549 478 618 512
790 529 1108 619 processus
1134 543 1434 616 rnurmnas.
1465 509 1467 514 ’

459 686 514 763 De
528 684 642 762 modo
658 701 784 762 autem
798 713 866 762 sue
881 685 1110 792 recepcionis
1127 702 1165 762 et
1179 683 1481 792 contingentibus
1498 712 1597 774 eam,
1616 683 1709 761 dixit
1728 682 1827 761 idem

404 817 441 890 in
454 815 591 893 effectu
604 833 647 892 ut
660 814 774 900 frater
787 817 1074 894 Bartholomeus
1085 816 1134 894 de
1144 817 1283 906 Turre,
1300 816 1445 922 primus
1459 814 1580 903 testis,
1603 813 1697 890 dixit
1712 831 1751 892 et
1767 815 1833 890 de-·

376 995 381 1006 ·
402 946 529 1050 posuit
549 975 661 1052 supra
682 947 721 1022 in
742 945 875 1022 eodem
898 945 1071 1033 articulo,
1095 946 1247 1024 etsicut
1267 946 1315 1023 de
1335 945 1436 1024 dicto
1457 945 1573 1025 modo
1593 944 1830 1050 recipiendo-

402 1105 487 1153 rum
502 1076 657 1154 fratrum
667 1078 714 1153 ad
730 1076 871 1153 dictum
883 1075 1056 1155 ordinem
1069 1077 1191 1184 agitur
1205 1094 1242 1154 et
1252 1093 1429 1154 tractatur
1443 1077 1483 1152 in
1494 1075 1589 1154 libro
1604 1091 1828 1154 statutorum

404 1223 449 1282 et.
461 1207 589 1313 regule
605 1205 747 1284 ordinis
767 1206 855 1283 dicti
870 1205 1031 1313 Templi.

459 1337 517 1414 Ad
539 1337 670 1416 lxxxvu
691 1355 728 1414 et
747 1337 898 1415 lxxxvnr
912 1353 950 1414 et
969 1337 1147 1417 ultimum
1168 1336 1342 1414 articulos
1364 1337 1563 1444 diligenter
1583 1355 1622 1414 et
1641 1337 1828 1445 sigillatim

403 1467 664 1573 interrogatus,
686 1467 779 1544 dixit
797 1496 836 1544 se
857 1467 974 1545 nichil
995 1469 1087 1544 scire
1103 1467 1150 1547 de
1166 1468 1351 1546 contentis
1371 1467 1411 1544 in
1428 1468 1584 1546 eisdem.

459 1598 581 1703 Super
600 1597 680 1675 aliis
698 1625 787 1675 vero
805 1615 883 1674 tam
909 1597 1194 1676 circumstantiis
1213 1625 1327 1704 quam
1346 1597 1615 1676 coherentibus
1635 1598 1725 1702 ipsis
1746 1599 1829 1674 arti-

403 1725 496 1804 culis
517 1726 716 1834 diligenter
735 1727 999 1834 interrogatus,
1022 1728 1115 1804 dixit
1129 1756 1169 1806 se
1187 1729 1330 1806 nescire
1344 1726 1451 1832 plura
1471 1755 1539 1806 nec
1554 1729 1707 1806 credere
1724 1729 1828 1806 aliter

272 1919 275 1926 .
403 1884 516 1962 quam
535 1856 706 1963 superius
721 1873 776 1934 est
796 1856 997 1935 confessus.

459 2119 565 2198 Anno
587 2138 623 2197 et
639 2120 700 2198 die
713 2120 851 2228 quibus
866 2149 991 2227 supra.

458 2252 567 2331 XXV.
599 2252 727 2328 Frater
758 2250 918 2330 lacobus
945 2252 1149 2330 Mascaroni
1179 2251 1322 2329 ordinis
1349 2249 1437 2328 dicti
1459 2251 1608 2357 Templi
1633 2270 1670 2330 et
1691 2254 1828 2330 domus

402 2380 520 2458 Mansi
533 2381 622 2470 Dei,
639 2384 743 2459 testis
753 2381 901 2488 juratus
915 2382 963 2458 ad
976 2398 1099 2459 sancta
1115 2382 1187 2459 Dei
1204 2381 1402 2488 Evangelia
1422 2410 1534 2487 super
1554 2383 1729 2487 predictis
1743 2385 1827 2460 arti-

403 2509 497 2586 culis
513 2523 551 2586 et
571 2537 702 2588 eorum
722 2511 894 2618 quolibet
912 2511 983 2590 sibi
1002 2511 1177 2616 expositis
1197 2510 1236 2588 in
1251 2509 1408 2618 vulgari,
1430 2527 1472 2587 ut
1491 2511 1706 2618 principalis
1722 2512 1769 2589 de
1790 2541 1827 2590 se

401 2640 495 2745 ipso,
509 2658 546 2717 et
559 2658 603 2718 ut
613 2642 719 2718 testis
734 2641 781 2717 de
800 2641 898 2730 aliis,
910 2641 1111 2748 diligenter
1127 2659 1163 2719 et
1183 2641 1372 2748 sigillatim
1392 2641 1658 2748 interrogatus,
1676 2671 1828 2748 respon·

403 2769 496 2847 dens
518 2771 566 2847 ad
588 2771 767 2876 primum,
790 2771 932 2850 11--xlv
956 2771 1133 2848 articulos
1163 2771 1359 2859 inclusive,
1389 2769 1479 2846 dixit
1499 2799 1628 2848 senec
1647 2769 1740 2849 scire
1760 2799 1827 2850 nec

403 2901 555 2978 credere
577 2918 754 2980 contenta.
769 2903 808 2978 in
828 2901 902 2979 illis
920 2930 990 2979 nec
1009 2902 1131 3008 aliqua
1154 2901 1201 2978 de
1222 2901 1382 2990 eisdem3
1413 2901 1511 2980 salvo
1537 2903 1641 3008 quod
1663 2903 1704 2980 in
1725 2931 1827 2980 rece-

402 3029 600 3134 pcionibus
619 3029 776 3108 fratrum
797 3030 845 3106 ad
864 3029 1038 3108 ordinem
1058 3029 1208 3136 Templi
1232 3027 1327 3106 fiunt
1349 3030 1646 3109 deosculationes
1671 3031 1826 3110 fratrum

403 3159 663 3265 recipientium
682 3177 721 3239 et
735 3177 970 3266 receptorum
992 3159 1040 3236 ad
1054 3160 1196 3237 dictum
1209 3159 1380 3237 ordinem
1389 3161 1428 3236 in
1443 3188 1511 3238 ore
1525 3177 1685 3252 tantum,
1703 3191 1828 3240 secun·

404 3290 495 3366 dum
518 3318 664 3368 morem
688 3307 725 3368 et
748 3307 882 3368 statuta
907 3290 996 3368 dicti
1021 3290 1180 3378 ordinis,
1202 3289 1411 3396 insignum
1435 3288 1594 3368 fraterne
1617 3291 1827 3370 dilectionis

298 3499 301 3510 .
402 3419 441 3493 in
460 3419 624 3498 Domino
645 3437 683 3498 et
695 3438 826 3498 mutue
847 3420 1018 3499 caritatis.

458 3550 615 3630 Addidit
632 3578 785 3658 quoque
805 3549 910 3657 quod
933 3549 1079 3638 fratres,
1101 3551 1225 3628 statim
1245 3577 1332 3629 cum
1347 3549 1487 3655 recepti
1507 3551 1663 3627 suntad
1684 3550 1826 3630 dictum

404 3681 593 3770 ordinem,
610 3698 699 3758 sunt
718 3681 892 3786 professi;
912 3681 1174 3786 promittentes
1193 3679 1424 3786 simpliciter,
1444 3707 1521 3758 non
1537 3681 1706 3787 jurantes
1726 3681 1828 3786 quod

403 3825 616 3917 susceptum
634 3811 808 3888 ordinem
824 3811 971 3917 Templi
986 3838 1055 3917 pro
1073 3810 1204 3918 quovis
1219 3809 1293 3887 alio
1311 3809 1457 3889 fortiori
1467 3809 1662 3887 velleviori
1679 3837 1755 3888 non
1769 3841 1828 3888 re-

404 3941 591 4047 linquent;
612 3958 765 4049 possent
786 3958 928 4028 tamen,
952 3940 982 4016 si
1002 3940 1158 4029 vellent,
1180 3938 1333 4018 obtenta
1356 3940 1511 4016 licencia
1526 3941 1746 4045 superioris,
1768 3941 1826 4018 cui

403 4087 502 4150 esset
519 4070 673 4150 facultas
691 4070 809 4149 libera
825 4069 1070 4148 concedendi.
1721 4071 1729 4088 '

458 4198 616 4279 Addidit
636 4201 753 4278 eciam
777 4199 883 4307 quod
900 4199 949 4276 ad
968 4199 1110 4276 dictum
1130 4200 1303 4276 ordinem
1326 4200 1476 4304 Templi
1499 4198 1543 4278 lit
1562 4200 1733 4305 recepcio
1755 4199 1827 4276 fra-

381 4346 503 4439 trum
531 4329 571 4406 in
591 4329 756 4407 ecclesiis
780 4359 847 4407 seu
869 4329 1019 4437 capellis
1036 4328 1238 4407 domorum
1264 4328 1352 4406 dicti
1373 4329 1530 4416 ordinis,
1554 4327 1687 4406 clausis
1703 4328 1826 4434 januis

403 4456 643 4565 capellarum,
665 4473 703 4537 et
718 4459 876 4537 exclusis
891 4459 1068 4537 omnibus
1087 4475 1213 4564 preter
1232 4457 1362 4535 fratres
1380 4457 1523 4534 ordinis
1542 4457 1732 4534 antedicti.

459 4591 710 4697 Interrogatus
728 4617 842 4697 quare
866 4588 1092 4666 clauduntur
1105 4590 1221 4695 janue
1244 4587 1444 4694 capellein
1464 4617 1539 4694 qua
1553 4586 1685 4665 fratres
1705 4587 1753 4664 ad
1768 4615 1828 4665 or·

404 4720 531 4798 dinem
545 4719 754 4827 predictum
768 4719 972 4825 recipiendi
987 4735 1091 4806 sunt,
1113 4717 1206 4795 dixit
1224 4719 1330 4825 quod
1345 4718 1398 4794 sic
1413 4745 1452 4795 se
1468 4718 1608 4796 habent
1622 4735 1827 4796 consuetu-

406 4849 514 4928 dines
534 4868 573 4928 et
590 4867 723 4930 statuta
743 4849 885 4928 ordinis
906 4849 996 4926 dicti
1016 4846 1177 4952 Templi.
