4208 5886
387 485 462 562 aas
769 467 966 561 proces
996 485 1093 559 nss
1123 484 1430 559 raueursrs.

389 626 590 736 diligenter
610 625 786 732 expositis
806 626 877 705 sibi
903 626 1081 705 omnibus
1106 643 1143 704 et
1163 625 1321 734 singulis
1346 625 1533 718 aniculis,
1558 623 1756 732 respondit
1774 653 1814 704 se

388 758 551 850 nescire,
572 784 643 835 nec
659 759 828 848 credere,
847 787 916 835 nec
932 757 1116 836 audivisse
1135 757 1208 834 dici
1225 759 1272 836 de
1289 757 1476 836 contentis
1491 757 1531 834 in
1550 755 1603 836 cis
1618 754 1691 835 nisi
1710 757 1813 864 quod

388 889 592 996 sequitur:
617 888 794 968 videlicet
823 890 930 996 quod
960 891 1040 996 ipse
1069 907 1241 995 receptus
1274 888 1397 966 fixerat
1428 889 1467 965 in
1505 889 1646 995 capella
1680 889 1816 966 domus

388 1017 540 1126 Templi
558 1020 606 1097 de
625 1017 775 1098 Chanac
802 1020 1126 1099 Claromontensis
1152 1020 1326 1110 diocesis,
1346 1019 1545 1098 Dominica
1567 1035 1653 1096 ante
1673 1019 1816 1097 instans

389 1151 529 1228 festum
552 1149 652 1227 beati
671 1150 822 1229 Martini
848 1150 1022 1228 hiemalis
1042 1167 1155 1227 erunt
1181 1151 1328 1229 circiter
1351 1178 1411 1228 xtx
1437 1151 1545 1242 anni,
1567 1179 1636 1258 per
1662 1149 1815 1228 fratrem

390 1283 590 1388 Hugonem
615 1281 773 1388 Saycelli
799 1282 977 1370 militem,
1008 1283 1224 1371 detentum,
1248 1298 1292 1359 ut
1314 1281 1449 1372 credit,
1467 1283 1568 1388 apud
1586 1282 1813 1360 Exodunum

390 1379 630 1490 Bituricensis
650 1411 823 1504 diocesis,
845 1410 1082 1517 presentibus
1109 1410 1287 1489 fratribus
1305 1411 1503 1519 Aymerico
1520 1411 1711 1519 Deleheyr
1731 1440 1817 1519 pre-

391 1559 541 1650 ceptore
568 1543 615 1619 de
643 1543 836 1633 Rauseria,
858 1543 1068 1620 Bertrando
1097 1542 1145 1618 de
1164 1542 1347 1622 Chanrois
1375 1560 1593 1649 preceptore
1621 1542 1816 1622 Montisle-

391 1671 517 1762 randi,
538 1673 651 1750 Petro
670 1673 882 1779 Porchayro
902 1688 940 1749 et
958 1674 1001 1750 R.
1022 1673 1140 1750 Vince
1157 1672 1424 1765 servientibus,
1451 1673 1663 1752 deffunctis.
1685 1673 1715 1750 A
1740 1701 1816 1779 quo

392 1819 587 1908 receptore
610 1803 788 1909 requisita
810 1803 986 1880 societate
1007 1803 1152 1880 ordinis
1169 1820 1207 1880 et
1231 1803 1265 1878 ei
1286 1831 1480 1892 concessa,
1499 1804 1655 1910 prestito
1678 1831 1748 1910 per
1754 1805 1819 1912 ju·-

392 1951 609 2011 ramentum
629 1934 735 2040 quod
755 1961 833 2010 non
849 1950 928 2010 erat
947 1932 1053 2011 alteri
1069 1932 1264 2041 religioni,
1287 1961 1357 2011 nec
1376 1934 1637 2025 matrimonio,
1658 1963 1729 2012 nec
1752 1934 1818 2011 de-

393 2065 483 2144 bitis
502 2093 576 2173 que
601 2093 679 2142 non
700 2083 826 2170 posset
857 2065 1000 2142 solvere
1032 2065 1235 2174 obligatus,
1257 2093 1328 2143 nec
1354 2081 1434 2142 erat
1456 2065 1817 2152 excommunicatus,

394 2221 466 2272 nec
484 2194 648 2273 habebat
665 2194 924 2272 infirmitatem
939 2195 1135 2284 latentem,
1150 2195 1238 2274 secit
1257 2225 1346 2274 eum
1365 2224 1497 2274 vovere
1517 2213 1556 2272 et
1566 2196 1694 2303 jurare
1714 2197 1819 2304 quod

395 2351 472 2404 non
494 2324 676 2403 revelaret
694 2343 836 2403 secreta
864 2327 1126 2432 capituliorum
1157 2355 1227 2404 nec
1241 2343 1416 2434 precepta
1436 2326 1598 2416 ordinis,
1619 2327 1725 2433 quod
1744 2353 1821 2405 ser-

393 2473 496 2533 varet
510 2456 732 2546 castitatem,
755 2456 1036 2548 obedienciam,
1054 2473 1092 2534 et
1110 2457 1249 2535 viveret
1271 2457 1353 2535 sine
1370 2457 1540 2563 proprio,
1567 2474 1729 2535 servaret
1751 2457 1821 2534 bo-

393 2612 464 2664 nos
483 2615 576 2666 usus
596 2604 633 2664 et
651 2587 771 2664 bonas
793 2587 1087 2664 consuetudines
1112 2588 1349 2694 ordinisque
1373 2604 1464 2665 tunc
1487 2603 1593 2664 erant
1617 2603 1657 2664 et
1681 2617 1756 2694 que
1782 2588 1821 2665 in

395 2733 589 2823 posterum
610 2718 898 2824 imponerentur
910 2745 979 2825 per
993 2718 1213 2826 Magistrum
1237 2736 1275 2796 et
1288 2719 1517 2824 presbiteros
1525 2718 1696 2810 ordinis,
1715 2717 1821 2823 quod

392 2848 541 2953 juraret
561 2875 630 2955 pro
658 2841 765 2955 po'sse
788 2877 857 2926 suo
880 2848 927 2926 ad
953 2849 1226 2955 acquirendum
1250 2851 1407 2927 Terram
1436 2865 1619 2939 sanctam,
1648 2863 1686 2925 et
1716 2847 1823 2954 quod

398 3005 476 3055 non
498 2978 707 3056 dimitteret
730 2979 873 3056 dictum
899 2980 1074 3058 ordinem
1097 3007 1166 3086 pro
1188 2979 1274 3058 alio.
1293 2981 1380 3074 Quo
1403 2978 1518 3070 facto,
1541 2979 1635 3055 dixit
1656 2979 1691 3054 ei
1715 2979 1821 3085 quod

397 3109 496 3188 bene
518 3109 761 3200 deliberaret,
780 3110 885 3215 quia,
907 3138 951 3186 ex
969 3139 1046 3217 quo
1062 3108 1255 3188 habuisset
1270 3109 1510 3198 mantellum,
1528 3135 1605 3184 non
1621 3126 1748 3213 posset
1763 3135 1823 3185 re-

267 3299 274 3310 ,
395 3241 613 3331 trocedere;
635 3256 672 3317 et
692 3241 878 3346 cumipse
902 3241 1008 3318 testis
1035 3243 1189 3318 instaret
1208 3266 1278 3346 pro
1293 3239 1514 3346 recepcione
1535 3265 1620 3327 sua,
1643 3237 1824 3342 imposuit

396 3370 467 3449 sibi
482 3370 707 3448 mantellum
730 3373 769 3449 in
789 3372 943 3449 nomine
966 3371 1084 3450 Patris
1109 3388 1146 3448 et
1169 3369 1255 3447 Filii
1275 3387 1314 3449 et
1337 3371 1498 3476 Spiritus
1521 3368 1664 3461 Sancti,
1685 3368 1734 3445 ad
1754 3368 1824 3447 ho-

399 3529 533 3581 norem
555 3503 626 3580 Dei
658 3520 696 3580 et
725 3503 832 3582 beate
860 3503 978 3582 Marie
1003 3520 1039 3580 et
1068 3502 1241 3579 omnium
1266 3517 1497 3588 sanctorum,
1525 3517 1563 3577 et
1587 3515 1760 3605 receptor
1787 3517 1825 3578 ct

399 3659 533 3710 omnes
559 3649 720 3711 astantes
746 3633 903 3711 suerunt
932 3661 1021 3710 eum
1049 3632 1205 3712 osculati
1225 3633 1265 3708 in
1297 3660 1374 3710 ore.
1396 3632 1486 3709 Post
1510 3659 1584 3737 que
1605 3629 1697 3706 dixit
1718 3629 1753 3706 ei
1773 3658 1826 3708 re·

400 3779 531 3870 ceptor
548 3763 669 3871 quod,
691 3791 736 3842 ex
756 3793 833 3872 quo
853 3763 1025 3871 alligatus
1042 3783 1121 3842 erat
1140 3764 1285 3850 ordini,
1305 3761 1505 3869 oportebat
1519 3761 1624 3867 quod
1642 3759 1752 3838 sciret
1767 3788 1825 3838 se·

399 3911 498 3972 creta
517 3922 667 3984 eorum,
690 3910 729 3973 et
743 3897 836 3972 dixit
854 3896 888 3972 ei
906 3895 1011 4002 quod
1032 3923 1076 3971 ex
1093 3909 1271 4002 precepto
1293 3893 1437 3970 ordinis
1457 3891 1622 3970 debebat
1640 3890 1824 3998 abnegare

400 4023 542 4112 Deum,
563 4025 775 4131 precipiens
798 4025 833 4102 ei
856 4023 1200 4131 quodubnegaret3
1227 4023 1364 4132 etipse
1392 4022 1515 4112 testis,
1542 4049 1585 4100 ex
1616 4021 1690 4100 hoc
1707 4038 1827 4099 exter

399 4153 510 4260 ritus,
537 4154 732 4262 abnegavit
750 4155 875 4232 Deum
895 4182 977 4242 ore,
1006 4183 1083 4231 non
1111 4154 1244 4244 corde,
1271 4171 1315 4232 ut
1335 4154 1438 4230 dixit.
1455 4153 1604 4230 Deinde
1629 4150 1738 4229 allata
1757 4178 1827 4256 per

400 4284 545 4362 dictum
565 4284 720 4362 fratrem
735 4285 890 4362 Petrum
910 4284 1074 4391 quadam
1095 4313 1204 4362 cruce
1226 4283 1418 4361 metallina
1441 4283 1481 4359 in
1502 4311 1575 4390 qua
1597 4299 1677 4360 erat
1692 4309 1826 4390 ymago

398 4413 595 4502 Crucilixi‚
626 4413 786 4521 precipit
821 4415 856 4493 ei
888 4415 993 4522 quod
1027 4433 1181 4522 spueret
1203 4414 1473 4521 supradictam
1498 4439 1666 4500 crucem,
1689 4411 1826 4518 etipse

398 4544 503 4621 testis
534 4543 659 4622 noluit
684 4572 819 4651 spuere
848 4573 978 4652 supra,
1007 4546 1075 4622 sed
1090 4545 1194 4652 juxta
1210 4544 1321 4651 spuit.
1343 4544 1524 4651 Postque
1552 4543 1646 4620 dixit
1666 4541 1700 4619 ei
1721 4541 1826 4649 quod

397 4675 610 4752 seeundum
632 4675 731 4754 dieta
745 4692 921 4782 precepta
943 4675 1086 4754 ordinis
1104 4691 1252 4782 poterat
1278 4674 1475 4752 carnaliter
1499 4671 1736 4751 commisceri
1757 4671 1827 4750 lra-

397 4806 521 4884 tribus
539 4805 703 4894 ordinis,
726 4823 763 4884 et
780 4807 850 4914 ipsi
865 4835 952 4883 cnm
972 4835 1041 4897 θος
1059 4808 1132 4884 hoc
1144 4821 1273 4885 tamen
1287 4834 1365 4884 non
1376 4805 1480 4896 lecit,
1497 4834 1567 4920 nec
1582 4803 1655 4882 luit
1668 4803 1829 4911 requisi·
