4310 5906
740 489 937 582 rnocns
963 506 1059 578 uns
1084 506 1383 578 raurmnns.
1699 512 1773 582 sos

404 651 513 726 Anno
532 666 569 725 et
589 648 651 725 die
669 648 808 756 quibus
828 677 952 756 supra.

405 781 517 857 XXII.
559 781 688 856 Frater
713 781 779 857 Bn.
812 778 1046 886 Septembris
1075 778 1218 854 ordinis
1253 777 1341 854 dicti
1376 777 1523 884 Templi
1564 796 1600 854 et
1643 780 1778 856 domus

349 911 467 988 Mansi
485 911 572 1000 Dei,
594 910 702 988 testis
716 911 863 1018 juratus
878 910 926 987 ad
943 925 1066 987 sancta
1083 908 1155 984 Dei
1174 907 1369 1013 Evangelia
1394 935 1507 1014 super
1526 909 1703 1013 predictis
1723 939 1778 985 ar-

346 1042 471 1120 ticulis
487 1059 524 1118 et
541 1069 673 1120 eorum
690 1039 863 1147 quolibet
877 1040 949 1118 sibi
970 1039 1148 1145 expositis
1168 1040 1207 1114 in
1221 1039 1378 1146 vulgari,
1396 1057 1440 1116 ut
1457 1039 1667 1147 principalis
1680 1042 1777 1118 dese

347 1173 446 1278 ipso,
466 1191 504 1250 et
524 1190 567 1250 ut
579 1174 684 1252 testis
702 1173 749 1250 de
767 1173 866 1261 aliis,
885 1171 1082 1280 diligenter
1093 1187 1130 1246 et
1144 1168 1333 1276 sigillatim
1346 1170 1611 1277 interrogatus,
1628 1199 1780 1278 respon·

347 1304 441 1379 dens
461 1305 509 1380 ad
524 1304 706 1410 primum,
729 1329 895 1380 rr-xm
910 1301 1085 1380 articulos
1105 1299 1300 1390 inclusive,
1323 1300 1469 1408 negavit
1487 1301 1587 1407 ipsos
1603 1303 1779 1379 articulos

348 1452 385 1510 et
405 1435 531 1511 omnia
552 1452 589 1511 et
603 1433 746 1541 singula
761 1425 934 1511 contenta
954 1432 992 1509 in
1013 1433 1084 1524 eis3
1108 1431 1272 1509 adiciens
1292 1432 1396 1538 quod
1415 1431 1494 1537 ipse
1511 1431 1631 1508 credit
1646 1433 1778 1510 Domi-

347 1593 436 1640 num
455 1565 612 1642 Jhesum
631 1563 769 1642 Filium
788 1565 859 1643 Dei
876 1581 915 1641 et
926 1563 1036 1642 beate
1050 1551 1213 1669 Virginis
1229 1563 1344 1640 Marie
1364 1589 1514 1668 passum
1531 1579 1568 1638 et
1584 1582 1775 1641 mortuum

346 1696 384 1770 in
409 1723 517 1772 cruce
542 1693 656 1772 luisse
677 1723 746 1800 pro
771 1694 1034 1800 redemptione
1058 1693 1214 1770 humani
1234 1691 1401 1798 generis,
1424 1719 1499 1769 non
1521 1719 1590 1797 pro
1617 1694 1776 1798 peccatis

346 1826 442 1914 suis,
465 1825 554 1930 quia
573 1853 765 1932 nunquam
785 1824 962 1930 peccavit;
982 1851 1049 1929 pro
1069 1823 1175 1931 cujus
1188 1821 1332 1902 honore
1349 1822 1429 1929 ipse
1443 1839 1480 1900 et
1500 1823 1612 1900 ceteri
1627 1822 1774 1911 fratres,

345 1969 388 2030 ut
407 1954 542 2043 credit,
566 1954 654 2030 dicti
676 1954 821 2032 ordinis
839 1954 1090 2033 reverenciam
1112 1951 1289 2030 exhibent
1309 1951 1410 2029 cruci
1429 1980 1498 2058 per
1519 1981 1632 2058 quam
1654 1971 1692 2030 et
1709 1979 1778 2060 per

345 2083 463 2189 ipsius
480 2083 619 2162 Christi
639 2084 851 2192 passionem
868 2083 949 2192 ipse
965 2102 1002 2161 et
1021 2083 1135 2161 ceteri
1155 2083 1286 2162 fratres
1303 2083 1391 2161 dicti
1406 2083 1567 2171 ordinis,
1586 2102 1627 2160 ut
1638 2085 1772 2172 credit,

346 2213 488 2292 habent
507 2243 612 2321 spem
631 2214 843 2294 salvationis
859 2214 1047 2294 habende.

402 2345 684 2452 Quamquidem
710 2373 860 2424 crucem
883 2347 963 2452 ipse
984 2363 1022 2422 et
1041 2345 1154 2424 ceteri
1179 2343 1311 2421 fratres
1331 2343 1502 2451 ejusdem
1522 2345 1668 2422 ordinis
1688 2375 1775 2422 cum

346 2474 484 2581 quibus
492 2493 728 2553 conversatus
741 2493 814 2564 est,
826 2493 863 2552 et
876 2475 979 2554 idem
992 2474 1113 2554 credit
1128 2474 1175 2552 de
1192 2474 1287 2563 aliis,
1304 2475 1551 2556 adoraverunt
1566 2492 1604 2551 et
1618 2475 1776 2554 adorant

345 2621 403 2682 ter
418 2607 456 2682 in
476 2633 592 2696 anno,
612 2605 787 2685 videlicet
806 2608 844 2684 in
863 2605 1015 2685 duobus
1027 2606 1130 2685 festis
1148 2606 1279 2684 Sancte
1295 2604 1426 2684 Crucis
1444 2606 1532 2684 maii
1556 2624 1594 2685 et
1612 2624 1775 2714 septem-

323 2825 328 2832 ,
346 2736 440 2826 bris,
464 2753 502 2814 et
515 2737 748 2844 solempnius
765 2738 803 2814 in
822 2738 884 2814 die
899 2738 1054 2818 Veneris
1073 2753 1213 2825 sancta,
1230 2735 1450 2814 discalciatis
1469 2735 1630 2842 pedibus
1645 2753 1682 2814 et
1697 2736 1775 2814 cul-

345 2865 441 2943 tellis
463 2867 625 2944 dimissis
646 2883 684 2944 et
702 2867 886 2972 capitibus
909 2867 1182 2976 discohopertis
1202 2884 1240 2944 et
1263 2866 1368 2966 flexis
1388 2865 1564 2973 genibus,
1593 2866 1772 2957 dicendo,

346 3009 431 3073 cum
451 2997 499 3074 sit
512 2997 637 3104 laycus
656 2999 737 3104 ipse
753 2998 818 3104 qui
839 2997 1026 3104 loquitur:

401 3128 538 3205 Adorte
550 3128 655 3217 Criu,
669 3129 863 3208 etlenesesc
874 3128 1021 3215 leCrist,
1040 3129 1215 3232 quiperla
1227 3142 1347 3206 sancto
1359 3142 1419 3208 tuo
1431 3157 1515 3206 cmo
1531 3157 1589 3206 nos
1608 3133 1775 3208 resemistl

403 3257 604 3336 Confessus
619 3274 676 3336 est
696 3258 812 3336 eciam
832 3285 871 3335 se
892 3257 1045 3336 credere
1064 3275 1335 3335 sacramentum
1356 3255 1479 3334 altaris
1498 3275 1534 3335 et
1554 3257 1623 3334 alia
1648 3259 1774 3334 omnia

346 3387 589 3464 ecclesiastica
609 3403 852 3476 sacramenta,
870 3404 908 3464 et
921 3386 1024 3464 idem
1041 3385 1161 3464 credit
1181 3386 1228 3462 de
1247 3385 1331 3463 aliis
1353 3385 1530 3464 fratribus
1552 3387 1695 3464 ordinis
1710 3416 1773 3464 su·

344 3517 518 3620 predicti,
553 3534 591 3594 et
614 3517 654 3593 in
680 3517 733 3593 eis
757 3515 875 3594 credit
899 3543 980 3594 esse
1005 3544 1130 3594 veram
1157 3515 1314 3592 salutem
1343 3517 1512 3593 omnium
1540 3515 1709 3594 fidelium
1737 3535 1773 3592 et

345 3675 449 3752 spem
470 3675 576 3724 suam
596 3646 816 3724 habentium
836 3646 979 3724 inillis.

402 3776 603 3859 Confessus
619 3777 737 3854 eciam
752 3775 825 3854 fuit
842 3776 947 3883 quod
964 3774 1107 3864 nullus,
1127 3775 1200 3852 nisi
1221 3776 1394 3854 sacerdos
1407 3773 1532 3852 fidelis
1546 3773 1673 3864 luerit,
1688 3775 1773 3852 reli-

345 3909 471 4013 giosus
491 3906 550 3986 vel
575 3907 765 3996 secularis,
787 3907 905 4013 possit
926 3906 1117 3984 absolvere
1137 3935 1157 3982 a
1177 3905 1356 4012 peccatis;
1381 3905 1508 3984 dicens
1523 3905 1628 4012 quod
1649 3906 1679 3981 si
1695 3908 1773 3984 Ma-

345 4037 458 4144 gister
468 4065 624 4145 magnus
636 4037 725 4116 dicti
737 4037 880 4116 ordinis
891 4035 1080 4116 confessus
1091 4036 1203 4114 estde
1213 4065 1252 4114 se
1263 4034 1367 4143 quod
1377 4061 1605 4145 quemquam
1615 4037 1770 4115 fratrum

346 4165 435 4244 dicti
451 4167 596 4245 ordinis
609 4166 809 4245 absolverit
823 4197 843 4244 a
859 4167 1036 4273 peccatis,
1054 4165 1152 4244 male
1172 4166 1364 4245 confessus
1377 4183 1451 4258 est,
1474 4184 1512 4244 et
1525 4165 1622 4242 male
1638 4165 1724 4244 lecit
1737 4184 1774 4242 et

345 4317 541 4404 perperam
560 4298 590 4376 si
606 4325 836 4405 quemquam
855 4327 875 4373 a
895 4299 1055 4403 peccatis
1069 4297 1116 4374 de
1137 4297 1235 4375 lacto
1254 4296 1426 4388 absolvit,
1447 4325 1532 4375 cum
1548 4298 1636 4376 solis
1656 4326 1774 4374 sacer-

345 4427 498 4506 dotibus
517 4429 636 4508 claves
653 4427 817 4506 Ecclesia
837 4426 1060 4505 habentibus
1076 4427 1151 4506 boc
1163 4444 1309 4504 tantum
1329 4427 1452 4516 liceat,
1475 4445 1590 4533 prout
1605 4428 1734 4506 credit.

402 4557 460 4634 Ad
478 4583 714 4636 xxx—mur
729 4556 903 4636 articulos
920 4556 1115 4646 inclusive,
1138 4556 1339 4664 diligenter
1357 4573 1395 4634 et
1410 4555 1596 4664 sigillatim
1615 4558 1773 4634 interro-

344 4704 466 4798 gatus,
487 4690 719 4796 respondens
738 4689 846 4780 dixit,
866 4689 1012 4798 negavit
1034 4689 1135 4794 ipsos
1160 4686 1336 4766 articulos
1357 4702 1395 4764 et
1415 4689 1540 4766 omnia
1564 4704 1601 4763 ct
1622 4686 1771 4791 singula

346 4835 518 4896 contenta
535 4819 575 4894 in
596 4819 666 4908 eis,
685 4835 840 4925 excepto
859 4818 987 4898 osculo
1003 4817 1077 4895 oris
1092 4834 1246 4894 tantum.
