4208 5886
698 489 896 588 raocbs
928 509 1024 584 uus
1055 511 1359 587 rnurcrnas.
1619 593 1625 604 ,
1665 519 1739 591 205

368 655 499 734 Frater
529 651 638 760 Hugo
665 653 711 730 de
741 655 876 733 Narsac
906 652 1090 746 servieus,
1119 671 1318 762 preceptor
1347 652 1485 732 domus
1511 653 1662 762 Templi
1693 658 1740 735 de

313 786 455 892 Espans
474 783 724 862 xantonensis
752 784 928 876 diocesis,
956 784 1062 863 testis
1092 814 1204 892 supra
1229 786 1394 894 juratus,
1426 785 1650 864 mantellum
1680 817 1743 865 or·
1878 835 1887 851 ·

316 915 416 996 diuis
436 931 474 993 et
502 913 659 992 barbam
688 913 892 1007 defferens,
914 915 1234 1023 quadragenarius
1255 915 1314 994 vel
1340 915 1452 1007 circa,
1484 945 1571 992 cum
1589 945 1666 1024 quo
1687 918 1744 994 in-

315 1045 498 1152 quisitum
525 1043 664 1135 fuerat,
693 1043 892 1122 absolutus
920 1059 959 1122 et
988 1044 1250 1125 reconciliatus
1274 1073 1343 1152 per
1374 1044 1575 1122 domiuum
1604 1046 1744 1152 episco-

315 1205 408 1282 pum
442 1176 742 1265 Xantonensem,
774 1174 881 1253 lectis
911 1192 949 1252 et
979 1174 1181 1283 diligenter
1211 1174 1387 1281 expositis
1408 1173 1480 1252 sibi
1510 1175 1688 1254 omnibus
1707 1196 1745 1256 et

315 1305 473 1414 singulis
502 1304 685 1399 articulis,
706 1306 904 1411 respondit
922 1333 962 1384 se
991 1305 1154 1396 nescire,
1176 1333 1246 1382 nec
1266 1305 1438 1396 credere,
1459 1333 1530 1382 nec
1558 1306 1744 1386 audivisse

316 1435 391 1514 dici
417 1437 466 1514 de
486 1435 673 1514 contentis
698 1435 738 1511 in
763 1435 817 1514 eis
845 1435 917 1512 nisi
947 1435 1054 1542 quod
1083 1435 1254 1541 sequitur
1273 1467 1282 1512 :
1303 1433 1479 1512 videlicet
1502 1436 1608 1540 quod
1627 1437 1666 1512 in
1687 1465 1745 1513 re·

316 1566 560 1673 cepcionibus
583 1565 739 1644 fratrum
763 1565 924 1656 ordinis,
944 1582 1030 1672 post
1057 1565 1201 1672 aliquas
1225 1565 1347 1643 bonas
1376 1563 1674 1657 exhortaciones,
1707 1587 1746 1644 et
1847 1587 1850 1592 ·

315 1715 401 1804 post
424 1714 554 1794 votum
584 1714 622 1774 et
638 1698 901 1805 juramentum
925 1695 1066 1774 lactum
1095 1725 1248 1802 percos
1267 1695 1373 1803 quod
1391 1712 1580 1775 servarent
1598 1699 1744 1776 castita·

132 1879 136 1888 ·
192 1903 194 1908 .
313 1844 410 1922 tem,
433 1828 715 1921 obedienciam,
737 1844 776 1906 et
802 1827 968 1906 viverent
997 1828 1078 1905 siue
1107 1828 1278 1933 proprio,
1308 1844 1346 1904 et
1378 1842 1464 1934 post
1493 1827 1744 1906 tradicionem

317 1957 486 2036 montelli
509 1974 547 2034 et
571 1957 743 2036 osculum
765 1958 857 2048 oris,
882 1955 1069 2038 faciebant
1096 1957 1215 2036 dictos
1241 1956 1374 2034 fratres
1399 1957 1652 2036 communiter
1680 1957 1746 2034 ab·

316 2115 453 2195 negare
479 2089 622 2177 Deum,
653 2105 691 2166 et
721 2088 795 2165 boe
825 2086 1105 2197 precipiebatur
1132 2087 1203 2180 eis,
1232 2088 1321 2194 quia
1347 2089 1563 2194 juraverant
1589 2087 1745 2166 obedire

317 2217 496 2297 omnibus
520 2217 805 2324 preceptoribus
830 2219 908 2296 suis
929 2235 967 2296 et
985 2217 1171 2324 preceptis
1200 2245 1274 2323 que
1303 2218 1357 2294 eis
1384 2216 1534 2307 fierent,
1563 2217 1665 2295 unde
1696 2246 1744 2295 ne

317 2367 584 2456 reputarentur
604 2349 745 2456 perjuri
764 2366 803 2427 et
825 2347 1105 2437 inobedientes,
1124 2347 1359 2455 abnegabant
1374 2348 1511 2424 Deum.
1524 2347 1745 2454 Verumpta·
1844 2427 1846 2430 ,

318 2506 408 2556 men
434 2479 639 2586 aliquando
658 2479 956 2585 supersedebant
975 2476 1022 2555 ab
1047 2479 1138 2570 boc,
1169 2477 1323 2584 quando
1340 2475 1629 2582 recipiebantur,
1645 2478 1746 2572 mul,-

318 2626 401 2688 tum
421 2626 598 2716 potentes
621 2626 659 2687 et
678 2607 844 2702 nobiles,
860 2628 898 2687 et
915 2607 1107 2688 habebant
1125 2607 1267 2686 multos
1287 2607 1334 2686 de
1354 2606 1484 2684 unicis
1501 2607 1580 2686 suis
1596 2635 1743 2697 secum,

320 2766 368 2817 ue
387 2758 543 2846 possent
562 2742 633 2819 ista
649 2740 845 2847 divulgari.
879 2740 1096 2847 Requisitus
1113 2741 1308 2847 quomodo
1327 2739 1468 2817 sciebat
1483 2737 1666 2846 predicta,
1685 2769 1745 2818 re·

319 2871 473 2975 spondit
493 2871 598 2978 quod
619 2871 700 2977 ipse
720 2888 893 2978 receptus
908 2871 1030 2950 firerat
1048 2871 1259 2950 secundum
1282 2872 1441 2950 modum
1454 2872 1683 2977 predictum,
1704 2873 1744 2949 in

320 2999 461 3106 capella
480 3001 617 3078 domus
632 3001 782 3108 Templi
801 3001 849 3078 de
866 3001 1069 3107 Dempubo
1091 3002 1343 3080 Xantonensis
1358 3001 1533 3096 diocesis,
1549 3003 1590 3080 in
1614 3003 1745 3081 octaba

319 3131 618 3210 Resurrectiouis
643 3132 844 3211 Dominice
878 3133 1051 3239 proximo
1085 3133 1263 3237 preterite
1291 3132 1446 3210 fuerunt
1476 3159 1546 3212 xxv
1569 3135 1659 3211 anui
1685 3134 1744 3212 vel

320 3262 433 3350 circa,
452 3287 521 3365 per
545 3258 698 3336 tratrem
718 3263 873 3338 Petrum
899 3261 947 3338 de
974 3259 1118 3340 Ranbol
1137 3261 1348 3368 quondam,
1369 3281 1629 3369 preceptorem
1653 3281 1746 3342 tunc

322 3391 419 3501 dicte
453 3389 608 3477 domus,
639 3388 881 3494 presentibus
909 3389 1086 3468 fratribus
1121 3392 1313 3470 Bernardo
1345 3391 1481 3484 Calho,
1512 3393 1624 3471 Petro
1653 3394 1745 3471 Ful-

322 3519 430 3598 candi
447 3535 485 3596 et
502 3519 674 3598 Johanne
693 3518 874 3611 Daussae,
896 3520 1146 3598 servientibus
1166 3520 1378 3600 deffunctis.
1399 3523 1524 3600 Prima
1534 3540 1662 3600 tamen
1683 3524 1745 3600 die

322 3650 555 3756 recepcionis
575 3677 660 3742 sue,
682 3677 751 3726 nec
767 3651 886 3728 eciam
907 3667 1057 3728 extunc
1076 3652 1154 3730 fere
1174 3680 1242 3758 per
1263 3652 1359 3730 duos
1373 3679 1538 3743 menses,
1560 3681 1638 3730 non
1658 3651 1746 3730 lecit

322 3781 505 3888 predicta,
523 3781 592 3859 sed
611 3779 744 3888 elapsis
768 3779 920 3858 duobus
937 3781 1133 3860 mensibus
1154 3780 1213 3860 vel
1233 3782 1347 3872 circa,
1370 3811 1457 3859 cum
1474 3783 1747 3889 supervenisset

322 3911 370 3989 ad
389 3910 526 3988 dictam
544 3911 704 3989 domum
719 3909 832 3988 frater
849 3911 1040 3989 lohannes
1071 3910 1112 3989 lo
1137 3913 1297 3988 Frances
1314 3909 1525 4018 quondam
1547 3928 1747 4017 preceptor

321 4055 414 4126 tunc
430 4040 607 4126 Pictavie,
632 4057 671 4118 et
694 4040 859 4119 scivisset
877 4070 965 4119 cum
985 4057 1177 4149 receptore
1201 4041 1306 4149 quod
1324 4041 1404 4148 ipse
1423 4041 1529 4120 testis
1546 4069 1625 4120 non
1648 4041 1746 4119 lece·

322 4186 379 4252 rat
398 4169 692 4277 abnegacionem
713 4171 939 4277 predictam,
967 4171 1057 4278 quia
1083 4146 1336 4278 expectauerat
1361 4170 1410 4249 ad
1436 4171 1510 4249 boc
1530 4171 1746 4250 laciendum

324 4299 468 4384 dictum
499 4317 777 4407 preceptorem,
805 4319 850 4380 ut
877 4302 1042 4396 dicebat,
1074 4302 1198 4380 dictus
1226 4317 1435 4409 preceptor,
1464 4281 1668 4381 convocato
1688 4331 1747 4381 ea·

324 4430 462 4536 pitulio
481 4430 580 4508 intra
597 4431 733 4540 dietam
750 4431 948 4538 capellam,
971 4450 1009 4510 et
1028 4432 1153 4512 clauso
1170 4433 1268 4511 ostio
1285 4431 1384 4510 dicte
1400 4431 1559 4539 capelle,
1579 4435 1748 4540 precepit

325 4560 451 4640 eidem
482 4562 569 4640 testi
600 4563 706 4668 quod
734 4561 936 4670 abnegaret
961 4564 1106 4654 Deum,
1149 4579 1187 4641 et
1211 4563 1300 4671 quia
1319 4563 1400 4668 ipse
1428 4563 1535 4640 testis
1561 4563 1749 4671 juraverat

323 4691 481 4780 obedire
507 4690 810 4799 quibuscumque
834 4694 1113 4802 preceptisque
1139 4691 1211 4773 sibi
1232 4690 1370 4771 fierent
1399 4711 1437 4772 et
1461 4694 1747 4800 preceptoribus

326 4821 421 4912 suis,
447 4803 484 4900 et
503 4823 607 4928 quod
637 4851 715 4902 non
743 4823 951 4902 dimitteret
980 4825 1153 4904 ordinem
1183 4853 1251 4930 pro
1282 4824 1430 4903 meliori
1454 4823 1512 4902 vel
1532 4824 1669 4932 pejori,
1687 4822 1746 4903 ab
