4486 5890
715 518 913 610 esoces
941 479 1034 607 nes
1061 535 1359 610 venemens.
1676 543 1746 612 115

323 694 461 782 puncta
481 677 571 753 dicti
593 675 753 764 ordinis,
776 693 814 753 et
841 692 936 753 tunc
966 676 1045 782 ipse
1072 675 1179 753 testis
1209 677 1404 784 abnegavit
1424 678 1553 756 'Deum
1575 707 1639 756 ore
1669 707 1745 756 non

323 807 449 884 corde.
471 805 617 885 Deinde
639 806 731 916 dixit
759 806 931 912 siquod,
958 807 1168 884 secundum
1194 805 1294 884 dicta
1321 824 1480 915 puncta,
1502 825 1648 915 poterat
1667 837 1747 886 car·

323 937 459 1015 naliter
477 937 713 1016 commisceri
732 935 914 1014 fratribus
934 937 1079 1014 ordinis
1098 955 1137 1013 et
1156 938 1225 1042 ipsi
1248 967 1334 1014 cum
1355 967 1417 1026 eo,
1441 956 1478 1016 et
1496 939 1570 1017 hoe
1584 938 1747 1016 debebat

202 1055 214 1134 l
321 1067 415 1173 pati3
431 1068 510 1173 ipse
529 1084 658 1144 tamen
680 1092 875 1173 nunquam
888 1065 976 1143 lecit
995 1094 1064 1142 nec
1084 1065 1156 1143 fuit
1174 1067 1396 1172 requisitus,
1418 1095 1489 1147 nec
1508 1068 1628 1144 credit
1642 1068 1747 1174 quod

322 1199 362 1274 in
383 1197 516 1275 ordine
536 1197 656 1274 fieret.
678 1197 1043 1304 Postqueprecepit
1065 1196 1099 1272 ei
1120 1195 1225 1303 quod
1238 1213 1391 1302 spueret
1410 1224 1527 1304 super
1541 1198 1745 1304 quemdam

323 1353 473 1405 crucem
489 1327 667 1435 ligneam,
688 1327 728 1403 in
748 1354 822 1434 qua
839 1354 916 1405 non
937 1343 1018 1403 erat
1028 1353 1178 1434 ymago,
1200 1352 1269 1433 per
1289 1327 1432 1405 dictum
1448 1344 1682 1432 receptorem
1698 1329 1746 1404 de
1840 1373 1843 1383 ·

323 1475 424 1536 retro
444 1457 549 1535 altari
571 1473 819 1562 assumptam,
847 1474 884 1534 et
922 1483 1008 1533 cum
1036 1456 1115 1562 ipse
1135 1457 1241 1534 testis
1265 1457 1411 1534 diceret·
1431 1485 1471 1534 se
1497 1458 1572 1535 hoc
1595 1486 1673 1537 non
1697 1457 1749 1533 la-

323 1605 495 1674 cturum,
518 1583 641 1662 dictus
660 1599 834 1691 receptor
854 1585 946 1664 dixit
966 1587 1070 1692 quod
1090 1587 1163 1694 hoc
1180 1585 1379 1689 oportebat
1397 1613 1485 1662 eum
1500 1584 1639 1673 lacere,
1660 1589 1749 1694 quia

323 1717 397 1793 hoo
415 1732 494 1792 erat
513 1715 561 1792 de
581 1714 732 1822 punctis
751 1714 912 1805 ordinis3
936 1711 975 1791 et
991 1711 1084 1792 tunc
1097 1713 1183 1820 ipse
1202 1714 1310 1793 testis
1328 1713 1524 1818 spuitnon
1550 1742 1662 1818 supra
1682 1715 1749 1791 sed

318 1847 424 1954 juxta
445 1845 584 1924 dictam
604 1873 767 1922 crucem.
787 1844 1005 1950 Reqnisitus
1025 1843 1054 1920 si
1074 1843 1146 1920 elie
1167 1842 1304 1919 illicita·
1324 1842 1364 1918 in
1383 1843 1563 1948 predictis
1582 1843 1749 1922 articulis

324 1991 499 2052 contenta
523 1991 589 2052 aut
616 1974 688 2050 alia
719 1974 998 2050 intervenerant
1027 1973 1066 2048 in
1096 1973 1317 2078 recepcione
1349 2000 1415 2049 sua
1438 1973 1498 2048 vel
1524 1990 1625 2078 post,
1659 1974 1749 2050 dixit

324 2104 429 2211 qood
449 2133 539 2181 non.
561 2103 781 2210 Requisitus
806 2102 978 2180 sicredit
997 2103 1103 2209 quo'd
1121 2102 1289 2208 predicta
1308 2101 1436 2179 illicite
1459 2101 1664 2179 consessura
1683 2130 1750 2208 per

324 2261 412 2311 eum
432 2233 491 2310 vel
517 2233 588 2311 alia
612 2232 881 2310 intervenirent
900 2231 940 2308 in
960 2232 1250 2338 receptionibus
1272 2231 1433 2308 aliorum
1453 2231 1514 2308 vel
1532 2248 1633 2338 post,
1657 2230 1750 2309 dixit

324 2361 429 2470 quod
468 2365 518 2441 de
552 2362 768 2440 conleseatis
793 2388 865 2469 per
897 2391 985 2439 eum
1012 2364 1146 2468 pocius
1172 2390 1212 2438 se
1247 2363 1399 2439 eredere
1431 2361 1536 2468 quod
1565 2361 1618 2438 sic
1644 2363 1748 2467 quod

324 2493 571 2580 eontmrium,
589 2492 688 2598 quia*
699 2491 771 2568 luit
789 2491 859 2568 sibi
881 2491 933 2567 ita
950 2508 1192 2596 preceptum,
1208 2519 1279 2568 nee
1294 2491 1413 2568 credit
1427 2491 1466 2568 in
1482 2492 1556 2568 hiis
1575 2521 1614 2568 se
1635 2489 1749 2568 [uisse

323 2623 459 2700 solum.
497 2623 612 2714 Item,
645 2621 740 2698 dixit
759 2649 798 2698 se
829 2619 983 2698 credere
1004 2620 1260 2698 ecclesiasticis
1295 2621 1553 2707 sacramentis,
1592 2621 1751 2698 credens

323 2753 429 2858 quod
456 2751 519 2828 alii
544 2751 679 2828 lretres
701 2749 845 2828 ordinis
866 2749 1010 2828 eodem
1038 2751 1156 2828 modo
1173 2751 1464 2840 ⁴crederent,=et
1486 2749 1593 2857 quod
1609 2779 1746 2830 eorum
1849 2847 1850 2854 ἵ

318 2881 536 2960 secerdotes
556 2873 687 2958 debite
711 2878 955 2958 celebrarent.
978 2880 1161 2958 Fuitsibi
1186 2881 1331 2957 dictum
1359 2881 1464 2986 quod
1484 2879 1610 2956 stetim
1637 2878 1750 2958 babe-

323 3012 439 3089 batur
454 3037 524 3118 pro
538 3010 724 3117 professo,
744 3011 815 3087 sed
831 3037 912 3087 uon
928 3010 1065 3117 juravit
1084 3011 1194 3117 quod·
1209 3038 1289 3087 non
1303 3009 1421 3088 exiret
1436 3007 1622 3088 ordinem.
1644 3010 1749 3088 Clam

324 3141 398 3219 suit
428 3158 619 3248 receptus,
660 3138 776 3217 nullis
809 3139 1058 3246 presentibus*
1084 3139 1155 3217 nisi
1187 3138 1366 3218 fratribus
1398 3139 1558 3228 ordinis,
1595 3140 1752 3218 credens

324 3271 441 3348 eriam
459 3270 568 3378 quod
586 3269 650 3346 alii
672 3270 724 3346 ita
743 3268 1013 3376 reciperentur.
1039 3270 1268 3346 lnstructum
1298 3253 1371 3346 fuit
1389 3269 1494 3376 quod
1512 3296 1591 3347 non
1612 3270 1752 3347 revela-

324 3417 543 3505 retsecreta
562 3399 835 3506 capitulorum,
866 3398 914 3475 de
935 3398 1051 3478 modo
1081 3398 1308 3505 receptionis
1327 3427 1404 3476 non
1431 3399 1526 3476 facte
1551 3399 1623 3476 elie
1643 3427 1752 3477 men-

325 3533 452 3620 clorio,
469 3530 634 3608 credens
663 3529 771 3637 quod
795 3527 881 3606 eliis
896 3527 1312 3637 ideminjungeretur,
1344 3529 1449 3636 quod
1473 3529 1502 3606 si
1527 3529 1753 3606 revelassent

324 3661 448 3766 ptrrtiti
467 3657 646 3748 luissent,
663 3659 731 3737 sed
759 3656 1071 3765 nescitqualiter.
1089 3658 1268 3736 (lordulie
1287 3657 1534 3767 cingebantur
1551 3661 1752 3766 assumptis

325 3789 430 3867 unde
456 3787 645 3867 volebant.
674 3789 759 3883 Qui*
777 3787 952 3866 sciebant·
975 3789 1271 3866 dictos·errores
1300 3815 1379 3866 esse
1406 3787 1446 3864 in
1474 3787 1608 3866 ordine
1633 3787 1753 3895 negli-

324 3937 456 4028 gentes
474 3919 634 3998 luerunt'
652 3919 718 4025 qui
739 3944 824 3997 non«
842 3935 1086 3997 correxerunt
1107 3946 1173 3996 eos
1184 3917 1607 3996 ‚necdcnuneiaverunt
1626 3917 1752 3994 Eccle-

326 4051 392 4127 si‘e.
416 4049 711 4128 Elemosinaset
729 4049 1028 4156 hospitalitatem
1050 4050 1146 4127 vidit
1165 4050 1433 4128 convenienter
1451 4049 1535 4126 lieri
1559 4065 1598 4127 et
1615 4049 1750 4126 servari

325 4180 365 4256 in
386 4179 568 4258 domibus
588 4180 734 4258 ordinis
751 4180 791 4257 in
812 4179 952 4288 quibus
970 4179 1045 4256 luit
1062 4197 1319 4258 conversatus·
1349 4179 1530 4258 Ordineta
1550 4204 1619 4285 per
1635 4179 1753 4286 Magi·

323 4326 445 4388 strum
475 4335 563 4386 cum
597 4326 784 4386 conventu
811 4337 889 4387 suo
914 4327 1056 4388 servata
1089 4308 1321 4387 fuissentin
1353 4325 1436 4386 toto
1468 4307 1621 4401 ordine,
1644 4333 1754 4385 con·

325 4452 383 4516 tre'
404 4465 518 4546 quem
531 4439 693 4546 ¹grandia
707 4437 1101 4545 scandntmuspieic
1112 4455 1152 4515 et
1173 4437 1327 4515 infamio
1347 4453 1594 4543 sortesorte.
1610 4435 1750 4546 illiciet

324 4567 534 4647 conserente
551 4596 621 4677 per
641 4593 729 4648 eum
750 4569 871 4647 credit
892 4581 1082 4647 essenota
1101 4567 1287 4670 lratribus
1306 4567 1466 4660 ordinis,
1488 4583 1615 4645 oontra
1635 4594 1750 4675 quem

326 4699 475 4778 redivit·
498 4699 574 4778 dici
613 4723 793 4810 magnum
808 4697 1043 4808 Magistrum
1076 4716 1113 4775 et
1150 4699 1255 4776 elios·
1288 4699 1447 4806 aliquos·
1462 4721 1609 4775 errores
1627 4695 1751 4776 luisse

326 4830 527 4910 confessos.
560 4830 719 4910 Ordinis
749 4827 974 4908 deffensioni
992 4829 1185 4910 ‘obtulerat
1205 4857 1262 4916 se,
1283 4827 1502 4935 non‘quod·
1523 4825 1637 4906 vellet
1658 4853 1747 4903 eum

1555 4965 1600 5028 15.
