4486 5890
746 521 941 615 anoctis
968 541 1063 613 ons
1088 541 1390 613 rnurmnas.
1707 542 1777 614 ise

357 683 640 792 recepcionibus
660 710 700 759 se
719 710 796 760 non
813 681 946 760 recolit
965 681 1144 768 adfuisse,
1169 683 1257 790 quia
1277 710 1321 758 ex
1340 680 1522 759 industria
1539 680 1782 758 subtrahebat

360 845 415 904 se,
436 843 505 922 pro
523 843 568 890 eo
584 813 671 920 quia
687 811 761 890 sibi
776 811 1023 918 displicebant
1034 811 1218 918 predicta,
1241 829 1279 889 et
1299 841 1341 888 ex
1355 812 1487 889 cadem
1504 840 1613 888 causa
1627 811 1782 888 obmisit

359 948 525 1052 recipere
549 944 701 1022 fratrem
723 943 898 1023 Odonem
921 943 969 1022 de
986 942 1101 1021 Belna
1126 944 1366 1032 servientem,
1395 971 1509 1050 quem
1533 942 1645 1018 frater
1671 944 1779 1047 Hugo

361 1078 407 1155 de
421 1075 617 1154 Penrando
627 1074 866 1152 mandaverat
876 1074 1096 1151 litteratorie
1109 1073 1224 1178 recipi
1238 1101 1306 1179 per
1314 1073 1492 1150 eumdem
1503 1132 1511 1160 ,
1524 1072 1588 1179 qui
1600 1088 1692 1149 tunc
1703 1091 1782 1149 arat

360 1224 556 1315 preceptor
580 1206 628 1283 de
657 1205 850 1284 Cabilone.
878 1207 988 1295 Item,
1017 1204 1110 1281 dixit
1139 1233 1178 1281 se
1207 1204 1390 1282 audivisse
1427 1207 1466 1283 in
1499 1206 1643 1284 civitate
1672 1204 1782 1280 Nico-

361 1339 491 1426 ciensi,
514 1339 561 1415 nb
591 1332 807 1444 ore'magni
833 1336 1000 1444 Magistri
1022 1335 1087 1442 qui
1113 1363 1213 1411 nunc
1243 1353 1313 1424 est,
1345 1337 1449 1442 quod
1473 1338 1551 1443 ipse
1583 1335 1783 1440 extirparet

359 1469 483 1575 aliqua
507 1496 582 1574 que
611 1485 715 1545 erant
741 1467 781 1544 in
804 1466 938 1544 ordine
964 1465 1035 1543 sibi
1064 1464 1321 1570 displicencia,
1357 1495 1400 1540 ex
1424 1465 1562 1571 quibus
1586 1464 1783 1542 dubitabat

360 1600 465 1706 quod
478 1597 643 1676 finaliter
660 1595 757 1674 male
777 1597 963 1674 accideret
978 1596 1120 1685 ordini,
1139 1612 1179 1671 et
1193 1596 1265 1672 hoc
1280 1594 1352 1672 suit
1367 1595 1431 1674 illo
1448 1623 1546 1674 anno
1564 1623 1641 1702 quo
1656 1595 1781 1672 civitas

361 1729 564 1806 Aconensis
582 1728 653 1806 fuit
679 1727 842 1834 perdita,
865 1744 903 1803 et
923 1725 1092 1832 predicta
1116 1725 1208 1803 dixit
1229 1725 1349 1802 dictus
1369 1723 1546 1834 Magister
1565 1725 1603 1800 in
1618 1723 1781 1829 capitulo

361 1858 542 1966 generali,
561 1859 598 1934 in
615 1887 691 1964 quo
708 1875 814 1936 erant
834 1857 982 1936 circiter
999 1857 1256 1964 quadringinti
1281 1855 1430 1944 fratres,
1453 1857 1551 1934 inter
1566 1881 1662 1962 quos
1679 1872 1784 1932 erant

363 1989 484 2066 dictus
512 1988 626 2065 frater
653 1989 858 2066 Durandus
883 1989 1018 2075 Lastic,
1053 1989 1160 2094 llugo
1188 1987 1235 2062 de
1267 1969 1426 2064 Salhens
1453 1988 1500 2064 de
1525 1984 1714 2072 Alvemia,
1746 2001 1784 2060 et

362 2118 484 2196 Berbo
508 2118 556 2195 de
583 2119 659 2194 Lur
687 2117 933 2224 burgundus,
966 2117 1157 2194 deffuncti.
1188 2118 1298 2207 Item,
1327 2115 1419 2193 dixit
1445 2117 1549 2223 quod
1579 2117 1678 2193 bene
1705 2144 1785 2192 cre·

364 2249 477 2328 debat
499 2248 755 2326 ecclesiasticis
773 2247 1029 2335 sacramentis,
1055 2265 1093 2324 et
1112 2247 1233 2324 credit
1253 2249 1357 2354 quod
1377 2247 1439 2325 alii
1463 2247 1594 2324 fratres
1613 2273 1781 2322 commu-

363 2379 462 2455 niter
485 2380 619 2457 eodem
651 2381 768 2457 modo
802 2380 1015 2466 crederent,
1050 2395 1087 2456 et
1112 2378 1216 2486 quod
1248 2405 1379 2455 eorum
1412 2378 1622 2456 sacerdotes
1655 2376 1780 2453 debite

364 2508 606 2588 celebrarent.
634 2512 747 2600 Item,
778 2510 872 2588 dixit
896 2511 1003 2618 quod
1033 2510 1364 2587 interminacione
1393 2509 1642 2615 capitulorum
1667 2507 1783 2584 laicus

363 2657 495 2719 tenens
510 2641 713 2748 capitulum
731 2641 879 2720 dicebat
897 2642 1018 2747 quod,
1035 2669 1079 2716 ex
1091 2657 1275 2748 potestate
1289 2669 1403 2747 quam
1418 2639 1581 2716 habebat
1593 2667 1615 2715 a
1626 2637 1782 2715 domino

364 2772 476 2875 Papa,
498 2771 576 2877 ipse
591 2772 765 2877 parcebat
779 2771 833 2848 eis
847 2787 892 2847 et
899 2771 970 2878 ipsi
985 2789 1180 2878 parcerent
1199 2769 1289 2860 sibi,
1309 2787 1346 2848 et
1360 2798 1427 2877 per
1442 2770 1580 2846 dictam
1594 2768 1785 2846 remissio·

366 2927 452 2976 nem
479 2900 598 2977 credit
621 2901 698 3007 ipse
722 2901 828 2978 testis
850 2900 956 3007 quod
979 2918 1102 2978 essent
1129 2899 1289 2978 absoluti
1311 2901 1357 2977 ab
1379 2899 1669 2988 inobedienciis,
1691 2917 1733 2975 ut
1753 2899 1782 2974 si

367 3059 442 3107 non
458 3031 704 3108 surrexissent
716 3031 765 3108 ad
780 3030 1023 3120 matutinum,
1040 3030 1098 3107 vel
1115 3031 1145 3108 si
1158 3031 1414 3128 verberassent
1429 3028 1607 3107 familiam
1624 3028 1685 3105 sel
1699 3057 1785 3106 con·

366 3159 513 3247 similia,
529 3187 606 3236 non
617 3175 744 3236 tumen
758 3160 878 3237 credit
891 3161 1163 3268 quodpropter
1178 3160 1250 3238 boc
1264 3179 1387 3240 essent
1397 3160 1559 3238 absoluti
1574 3162 1782 3266 apeccatis,

366 3317 434 3367 nec
448 3289 568 3366 credit
582 3289 687 3395 quod
708 3289 769 3366 alii
790 3289 921 3367 fratres
941 3289 1085 3368 ordinis
1104 3290 1299 3368 crederent
1318 3309 1474 3398 propter
1494 3291 1566 3368 hoc
1583 3317 1667 3368 esse
1683 3289 1786 3368 abso·

367 3419 436 3497 luti
451 3448 471 3495 a
486 3419 657 3525 peccatis.
669 3419 774 3507 Item,
791 3419 883 3496 dixit
897 3419 1113 3528 frequenter
1125 3449 1164 3498 se
1179 3422 1363 3499 audivisse
1374 3421 1618 3530 improperari
1630 3421 1683 3498 eis
1699 3451 1719 3499 a
1734 3451 1790 3501 se·

367 3548 556 3627 cularibus
581 3548 685 3656 quod
704 3579 743 3628 se
773 3549 1086 3628 deosculabantur
1110 3551 1148 3630 in
1176 3579 1264 3638 ano,
1288 3550 1363 3627 ¹nec
1386 3542 1513 3628 tamen
1538 3552 1657 3628 credit
1681 3553 1785 3658 quod

367 3681 509 3758 dictum
525 3681 696 3760 osculum
715 3680 843 3768 lieret,
868 3681 934 3758 sed
949 3681 1052 3788 quia,
1078 3681 1230 3788 quaudo
1249 3681 1391 3759 fiebant
1409 3709 1539 3788 preces
1558 3683 1597 3758 in
1616 3681 1787 3788 capitulis

368 3811 607 3902 eorumdem,
635 3835 767 3890 omnes
790 3810 920 3889 fratres
945 3811 985 3887 in
1010 3811 1098 3917 ipsis
1121 3811 1291 3917 capitulis
1315 3812 1514 3890 existentes
1535 3811 1682 3890 subant
1701 3839 1788 3918 pro-

367 3941 487 4028 strati,
508 3942 627 4048 capite
643 3941 867 4020 etmanibus
891 3940 1078 4019 inclinetis
1100 3943 1147 4019 nd
1171 3958 1325 4030 terram,
1354 3961 1391 4020 et
1415 3941 1587 4020 cruribus
1612 3961 1650 4020 ct
1675 3945 1787 4021 dorso

368 4070 518 4148 elevatis
529 4070 802 4177 aliquantulum
817 4071 919 4178 plns,
941 4089 978 4150 et
992 4099 1092 4182 unus
1111 4073 1163 4148 sic
1182 4073 1302 4150 stabat
1316 4089 1401 4180 post
1415 4073 1548 4165 alium,
1566 4092 1604 4152 et
1615 4076 1789 4181 opinatur

368 4199 471 4276 idem
495 4201 599 4278 testis
626 4201 731 4308 quod
759 4199 896 4308 aliqui,
929 4199 1111 4279 videntes*
1131 4199 1227 4279 forte
1257 4231 1325 4310 per
1354 4203 1510 4282 rimulas
1539 4223 1575 4284 et
1605 4205 1787 4282 foramina

369 4329 551 4407 ostiorum
571 4330 878 4420 coniectantes,
900 4351 1212 4439 presumpserunt
1232 4349 1270 4409 et
1287 4333 1461 4412 dixerunt
1478 4333 1582 4441 quod
1602 4334 1787 4414 faciebant

370 4458 512 4537 dictum
539 4460 712 4538 osculnm
735 4461 998 4548 inhonestum,
1023 4479 1061 4538 et
1082 4462 1186 4568 quod
1209 4489 1340 4540 eorum
1365 4463 1508 4542 dictum
1531 4463 1641 4543 focile
1663 4485 1788 4546 secuta

369 4588 483 4665 luerit
502 4589 720 4668 multitudo.
737 4589 918 4674 Iurabant
936 4591 1108 4668 ordinem
1126 4619 1203 4669 non
1230 4593 1349 4684 exires
1367 4595 1492 4672 statim
1517 4621 1586 4702 pro
1612 4595 1789 4703 professis

371 4718 617 4797 habebantur.
643 4719 884 4800 Clundestine
908 4720 1200 4829 recipiebantur,
1228 4723 1344 4800 nullis
1367 4726 1604 4831 presentibus
1627 4729 1696 4808 nisi
1723 4727 1790 4804 fra·

267 4851 270 4856 “
370 4849 491 4928 tribue
512 4851 671 4939 ordinis,
693 4879 833 4959 exque
858 4853 978 4930 credit
992 4854 1096 4960 quod
1116 4870 1212 4932 esset
1232 4855 1394 4960 suspicio
1415 4874 1543 4937 contra
1567 4883 1655 4947 eos,
1675 4859 1791 4964 potis·

1617 4997 1663 5059 18.
