4320 5898
713 511 909 604 rnocts
935 529 1030 602 nus
1056 530 1356 631 rsnrtrsss.
1696 536 1743 609 59

319 669 462 757 Marcii,
484 669 558 748 luit
571 669 757 748 adductus
772 672 819 749 ad
834 671 1063 777 presenciam
1081 675 1290 752 eorundem
1312 673 1556 752 dominorum
1574 677 1745 755 commis·

318 799 502 878 sariorum
530 817 569 879 et
593 774 739 880 domini
760 802 921 894 Mathai,
953 803 992 878 in
1021 803 1137 882 domo
1162 803 1329 910 predicta
1354 802 1511 880 fratrum
1535 804 1743 894 Minorum,

317 931 546 1008 Bertrandus
567 929 614 1007 de
632 931 836 1010 Somorens
851 931 1114 1010 Ambianensis
1131 933 1307 1026 diocesis,
1328 933 1435 1012 testis
1452 962 1561 1041 supra
1577 934 1743 1040 juratus,

318 1076 361 1138 ut
374 1060 581 1166 deponeret
597 1061 740 1138 dictum
757 1091 888 1153 suum,
909 1063 1335 1171 quadragintaquinque
1351 1092 1537 1142 annorum
1556 1064 1615 1142 vel
1631 1064 1742 1151 circa,

318 1218 394 1270 non
416 1191 603 1270 defferens
623 1192 847 1270 mantellum
874 1193 1033 1282 ordinis,
1065 1195 1154 1301 quia
1173 1193 1383 1272 voluntarie
1408 1195 1531 1300 ipsum
1552 1195 1744 1274 dimiserat

318 1337 355 1398 et
378 1321 458 1398 radi
483 1321 620 1400 lecerat
643 1322 715 1401 sibi
736 1323 911 1414 barbam,
933 1354 1020 1402 cum
1042 1353 1119 1431 quo
1139 1325 1363 1432 inquisitum
1386 1327 1522 1416 luerat,
1548 1326 1745 1404 absolutus

318 1469 354 1529 et
372 1454 635 1532 reconciliatus
649 1483 717 1561 per
734 1455 933 1533 dominum
948 1455 1270 1563 archiepiscopum
1286 1458 1512 1554 lismensem
1528 1457 1568 1533 in
1582 1458 1744 1534 concilio

317 1585 504 1662 Remensi.
520 1585 642 1663 Lectis
658 1603 784 1662 autem
800 1602 837 1663 et
851 1584 1053 1693 diligenter
1069 1586 1244 1692 expositis
1259 1585 1328 1664 sibi
1346 1586 1526 1664 omnibus
1540 1603 1578 1664 et
1588 1587 1747 1696 singulis

317 1715 496 1802 articulis,
516 1715 762 1822 responditse
778 1715 941 1805 nescire,
965 1745 1033 1794 nec
1045 1717 1215 1806 credere,
1234 1744 1304 1792 nec
1315 1716 1499 1794 audivisse
1513 1717 1585 1794 dici
1598 1719 1646 1795 de
1657 1747 1747 1796 con·-

316 1847 478 1924 tentisin
489 1847 625 1926 eisnisi
636 1847 741 1954 quod
754 1847 936 1954 sequitur.
952 1847 1053 1925 Dixit
1068 1872 1207 1953 nempe
1219 1847 1324 1953 quod
1338 1845 1451 1924 frater
1464 1846 1626 1926 Michael
1636 1849 1746 1927 miles

317 1979 526 2082 quondam,
546 1965 657 2086 cujus
665 2007 875 2086 cognomen
893 1979 1055 2086 ignorat,
1073 1979 1113 2054 in
1124 1978 1276 2056 instanti
1288 1977 1521 2056 lastoRa'mis
1532 1957 1744 2085 palmarum

318 2124 429 2185 erunt
441 2110 572 2187 decem
587 2109 674 2186 anni
694 2109 750 2186 vel
766 2109 877 2201 circa,
895 2109 1168 2216 recepitipsum
1178 2125 1332 2201 testem,
1345 2109 1605 2186 etJobannem
1615 2111 1663 2188 de
1678 2114 1747 2188 No-

315 2237 458 2332 viomo,
478 2258 516 2334 et
538 2241 750 2316 lohannem
765 2239 909 2330 Gastsl,
927 2240 991 2346 qui
1007 2239 1080 2318 luit
1095 2258 1268 2346 tempora
1285 2238 1471 2344 captionis
1491 2239 1670 2330 serviens,
1698 2242 1744 2319 da
1864 2282 1869 2288 ·

317 2372 561 2476 quorumvita
572 2370 629 2448 vel
643 2387 765 2449 morte
778 2369 979 2448 nonhabet
989 2371 1267 2458 certitudinem,
1278 2368 1392 2446 simul
1404 2369 1443 2443 in
1453 2368 1595 2475 capella
1607 2370 1744 2448 domus
1793 2369 1795 2376 ’

317 2500 468 2606 Templi
489 2500 536 2578 de
554 2503 672 2578 bosco
699 2501 739 2576 in
760 2501 1005 2578 Viromandis
1028 2500 1286 2580 Noviomensis
1307 2498 1484 2586 diocesis,
1506 2499 1745 2605 presentibus

317 2628 493 2710 fratribus
505 2634 617 2709 Petro
630 2630 676 2707 de
686 2629 914 2737 Fraynicbes
925 2629 1152 2737 presbitero,
1166 2630 1332 2708 Roberto
1343 2628 1383 2705 lo
1398 2627 1532 2706 Diahle
1544 2629 1742 2722 serviente,

318 2759 534 2851 deffunctis,
556 2761 595 2837 in
625 2761 728 2837 hunc
748 2758 907 2837 modum
923 2791 931 2834 :
947 2787 1035 2838 nam
1056 2789 1141 2838 cum
1164 2757 1446 2865 requisivissent
1464 2757 1608 2864 pluries
1627 2776 1665 2838 et
1686 2763 1745 2837 in-

319 2911 459 2972 stanter
478 2919 633 2998 panem,
655 2908 694 2968 et
713 2918 865 2998 aquam,
886 2907 924 2967 et
943 2891 1176 2979 societatem,
1204 2905 1242 2966 et
1260 2909 1476 2995 pauperem
1488 2889 1666 2968 vestitum
1687 2920 1748 2969 or-

319 3023 432 3116 dinis,
450 3042 488 3100 et
501 3021 665 3100 finaliter
681 3019 925 3099 concessisset
938 3021 1007 3110 eis,
1024 3021 1181 3129 prestito
1194 3047 1263 3126 per
1272 3021 1531 3128 juramentum
1546 3021 1652 3128 quod
1666 3050 1745 3099 non

319 3153 771 3232 habebantinsumitatem
784 3147 977 3238 latentem,
990 3179 1061 3228 nec
1071 3167 1177 3228 eraut
1187 3149 1513 3237 excommrmicati,
1525 3172 1594 3228 noc
1602 3152 1745 3230 servilis

318 3283 568 3372 condicionis,
594 3313 663 3362 nec
687 3282 794 3360 alteri
820 3281 994 3390 religioni
1020 3280 1194 3389 obligati,
1215 3280 1303 3358 lecit
1327 3309 1392 3360 eos
1409 3285 1542 3360 vovere
1566 3299 1604 3359 et
1617 3283 1744 3390 jurare

317 3413 545 3502 castitatem,
570 3416 692 3492 vivere
721 3413 802 3491 sina
829 3412 984 3520 proprio
1010 3431 1049 3490 et
1075 3411 1232 3490 obedire
1259 3411 1438 3490 omnibus
1461 3413 1746 3521 preceptoribus

318 3545 383 3653 qui
404 3561 706 3652 proponerentur
725 3545 882 3622 eisdem.
904 3543 1093 3650 Impositis
1113 3559 1241 3620 autem
1262 3542 1316 3620 eis
1337 3540 1545 3632 mantellis,
1558 3591 1559 3596 =
1572 3563 1746 3650 receptor
1826 3547 1829 3552 ’

318 3697 355 3756 et
368 3678 432 3755 alii
446 3695 607 3756 astantes
622 3676 779 3756 osculati
796 3676 950 3754 luerunt
968 3703 1034 3754 eos
1048 3677 1087 3754 in
1103 3703 1191 3764 ore,
1203 3690 1243 3752 et
1254 3673 1431 3750 instruxit
1446 3701 1512 3752 eos
1527 3692 1623 3781 quot
1635 3677 1747 3754 Pater
1881 3673 1883 3678 ’

318 3827 433 3889 noster
450 3808 619 3888 dicerent
636 3837 705 3916 pro
721 3809 826 3888 boris
841 3809 934 3900 suis,
957 3826 996 3887 et
1014 3806 1176 3916 qualiter
1190 3820 1366 3912 regerent
1380 3831 1420 3882 se
1435 3805 1475 3882 in
1493 3805 1640 3883 ordine.
1658 3807 1745 3884 Post

318 3970 391 4048 que
403 3938 509 4017 allata
526 3941 645 4018 nascit
655 3968 723 4046 per
735 3969 850 4048 quem
862 3941 1025 4048 quadam
1039 3967 1149 4017 cruce
1160 3936 1371 4024 metallina,
1389 3936 1510 4044 inqua
1521 3953 1601 4015 e‘rat
1610 3966 1743 4045 ymago

318 4071 513 4160 Crucifixi,
531 4087 569 4147 et
579 4087 727 4149 ostensa
742 4069 905 4163 eisdem,
918 4071 1012 4150 dixit
1027 4070 1081 4149 eis
1095 4099 1104 4146 ι
1118 4071 1195 4150 Vos
1208 4067 1433 4176 promisistis
1449 4085 1487 4144 et
1491 4065 1646 4174 jurastis
1660 4066 1747 4146 ob'e‘

207 4219 215 4230 ‘
320 4202 505 4279 disnciam
534 4202 819 4308 preceptoribus
840 4201 988 4292 vestrim
1015 4199 1226 4278 secundum
1252 4214 1391 4306 puncta
1416 4195 1581 4289 ordinis,
1607 4198 1745 4276 debitis

319 4335 503 4442 abnegare
523 4333 667 4424 Deum«,
689 4334 791 4412 unde
813 4333 979 4440 precipio
998 4330 1103 4408 vobis
1124 4329 1230 4438 quod
1253 4327 1460 4434 abnegetis.
1482 4328 1539 4404 De
1560 4355 1637 4434 quo
1658 4358 1745 4435 pre-

319 4481 427 4571 cepto
444 4466 523 4572 ipse
538 4464 644 4542 testis
657 4481 695 4541 et
709 4463 772 4541 alii
787 4463 944 4543 luerunt
955 4462 1167 4572 plurimum
1182 4458 1396 4568 stupefacti,
1413 4476 1452 4537 at
1465 4459 1746 4566 responderunt

318 4597 424 4704 quod
438 4599 511 4674 hoc
526 4595 633 4676 nullo
649 4596 765 4675 modo
780 4594 958 4689 lacerent,
973 4595 1042 4674 sed
1056 4592 1220 4672 finaliter
1233 4619 1368 4671 omnes
1377 4608 1454 4670 tres
1468 4590 1747 4700 abnegaverunt

319 4727 443 4805 Deum
467 4726 526 4804 vel
551 4728 709 4806 lberam
735 4726 947 4818 Christum,
979 4725 1149 4804 sednon
1176 4721 1276 4801 bene
1303 4719 1454 4811 recolit,
1483 4738 1527 4800 ut
1550 4721 1746 4828 respondit

321 4859 582 4966 interrogatus,
607 4859 701 4966 quid
722 4887 853 4936 eorum
877 4857 1046 4966 pracepit
1068 4871 1239 4964 receptor
1264 4850 1439 4961 abnegari
1459 4868 1497 4930 et
1515 4852 1610 4959 quid
1628 4851 1746 4928 abne·

1608 5009 1638 5072 8.
