4242 5890
750 565 947 657 mouns
973 584 1069 657 oss
1096 583 1399 658 rnurmnxs.
1718 591 1788 666 aar

361 732 514 811 fratrem
527 727 741 835 Gnigonem
762 725 936 806 Ademari
957 745 1218 834 preceptorem
1236 726 1447 821 Provincia,
1468 729 1706 844 presentibus
1727 731 1794 810 lra-

359 863 482 942 tribus
499 857 668 942 Gerardo
680 859 840 938 Barascii
857 875 897 937 et
911 859 1118 937 Bertrando
1134 860 1183 937 de
1198 861 1353 968 Longua
1372 857 1479 939 Valle
1505 858 1707 952 militibus,
1726 866 1793 971 qui

359 995 514 1072 suerunt
532 991 675 1100 recepti
701 1019 786 1068 cum
807 990 907 1098 ipso,
934 1007 972 1068 et
999 988 1112 1068 fratre
1134 973 1360 1099 Rayniundo
1385 989 1541 1068 Roberti
1573 1012 1792 1100 preceptore

361 1128 409 1203 de
424 1126 581 1215 Bastito,
606 1121 798 1200 defuncto.
821 1121 922 1200 Dixit
942 1121 1053 1199 etiam
1073 1149 1142 1228 per
1156 1122 1413 1229 juramentum
1429 1151 1540 1200 suurn
1562 1124 1668 1230 quod
1690 1125 1793 1204 idem

359 1257 544 1366 recipiens
568 1253 657 1332 lecit
678 1253 749 1332 sibi
772 1254 932 1361 aportari
955 1253 1159 1360 quamdam
1178 1281 1327 1332 crucem
1342 1281 1510 1359 parvam,
1539 1271 1576 1332 et
1598 1272 1690 1333 tunc
1709 1287 1795 1364 pre-

359 1387 459 1495 cepit
474 1389 509 1465 ei
529 1386 635 1494 quod
655 1384 859 1494 abnegaret
877 1413 967 1462 eum
983 1383 1089 1490 cujus
1104 1385 1227 1492 imago
1242 1401 1322 1462 erat
1340 1385 1380 1461 in
1398 1413 1526 1476 cruce,
1547 1404 1583 1464 et
1601 1403 1694 1466 tunc
1713 1388 1793 1495 ipse

300 1557 311 1580 ·
360 1519 554 1628 abnegavit
568 1545 652 1608 orc,
669 1543 865 1624 nunquam
877 1534 1005 1596 tamen
1020 1516 1214 1623 abnegavit
1225 1515 1352 1594 corde.
1364 1516 1466 1595 Dixit
1478 1518 1596 1594 eciam
1609 1545 1678 1625 per
1690 1521 1795 1627 jura-

358 1667 528 1729 mentum
552 1677 665 1728 smrm
690 1647 797 1756 quod
825 1647 928 1726 idem
952 1649 1137 1754 recipiens
1166 1647 1291 1726 eidem
1316 1649 1485 1757 precepit
1510 1650 1615 1756 quod
1642 1670 1796 1758 spueret

358 1809 468 1888 supra
488 1809 654 1870 crucem,
681 1780 748 1857 sed
771 1805 849 1858 non
872 1778 976 1869 lecit,
999 1798 1042 1858 ut
1066 1780 1176 1870 dixit,
1204 1778 1272 1858 sed
1299 1796 1429 1856 uuum
1457 1779 1520 1856 alii
1547 1782 1612 1887 qui
1640 1810 1726 1860 cum
1747 1811 1793 1860 eo

356 1911 514 1990 luerunt
538 1912 677 2018 recepti
705 1927 889 2018 spuerunt
912 1937 1024 2017 snpra
1049 1910 1187 1988 dietam
1212 1939 1360 1990 curnem
1387 1937 1465 1988 non
1489 1913 1676 2018 percepit,
1704 1915 1794 2020 quia

357 2058 461 2120 totns
481 2061 561 2121 erat
579 2044 734 2121 territus
754 2061 791 2121 et
809 2041 981 2120 turbatus
996 2041 1046 2118 de
1069 2042 1144 2120 hoc
1162 2041 1269 2149 quod
1280 2043 1559 2148 precipiebatur
1577 2043 1666 2134 sibi,
1689 2045 1794 2152 quod

358 2175 498 2254 mirum
515 2192 606 2253 erat.
623 2174 726 2253 Dixit
739 2175 857 2252 eciam
876 2201 946 2280 pcr
954 2173 1213 2280 juramentum
1234 2201 1345 2251 suum
1365 2174 1471 2280 quod
1488 2173 1592 2250 idem
1611 2175 1795 2281 recipiens

357 2307 526 2414 precepit
549 2305 655 2413 quod
678 2307 710 2384 si
734 2305 848 2414 aliqui
878 2305 924 2382 de
950 2305 1084 2382 ordine
1107 2303 1247 2382 vellent
1270 2332 1311 2382 se
1336 2305 1580 2383 commiscere
1600 2306 1796 2384 carnaliter

358 2465 445 2514 cum
466 2465 527 2528 eo,
545 2437 651 2546 quod
668 2437 923 2544 permitteret,
942 2453 981 2514 et
1000 2436 1050 2512 ita
1069 2434 1295 2512 tenebantur
1315 2463 1405 2512 enm
1418 2435 1615 2514 admittere
1636 2437 1684 2514 ad
1704 2436 1792 2526 hoc,

358 2588 397 2647 et
417 2569 522 2676 quod
545 2597 624 2648 non
648 2587 726 2648 erat
745 2584 952 2676 peccatum.
980 2567 1057 2648 Sed
1082 2567 1176 2645 dixit
1193 2597 1263 2675 per
1276 2568 1538 2676 juramentum
1558 2597 1670 2648 suum
1689 2572 1795 2676 quod

357 2727 553 2808 nunquam
569 2701 672 2794 lecit,
693 2727 764 2778 nec
782 2699 856 2778 fuit
870 2699 1090 2806 requisitus,
1110 2727 1182 2776 nec
1201 2699 1306 2778 scirit
1324 2700 1429 2808 quod
1444 2699 1580 2808 aliquis
1596 2701 1645 2778 de
1660 2702 1794 2780 ordine

357 2832 431 2910 hoc
446 2831 595 2912 laceret.
609 2832 826 2941 Requisitus
845 2847 977 2909 utrum
992 2830 1065 2908 fuit
1079 2831 1270 2910 osculatus
1290 2831 1414 2938 ipsum
1435 2850 1684 2940 receptorem,
1703 2833 1796 2916 dixit

356 2991 425 3070 per
448 2965 709 3072 juramentum
736 2991 847 3041 suum
877 2961 982 3071 quod
1009 2963 1062 3038 sic
1090 2961 1331 3041 solummodo
1357 2963 1396 3040 in
1416 2973 1495 3042 ore.
1523 2964 1743 3071 Requisitus
1764 2966 1794 3042 si

356 3093 450 3173 vidit
468 3097 584 3203 recipi
606 3095 753 3204 aliquos
772 3095 867 3173 alios
895 3093 1044 3183 iratres,
1072 3093 1164 3172 dixit
1187 3121 1259 3201 per
1271 3093 1528 3202 juramentum
1552 3123 1666 3174 suum
1690 3097 1795 3203 quod

356 3226 450 3304 vidit
470 3255 587 3305 unum
604 3227 721 3332 recipi
748 3253 818 3331 per
844 3223 1021 3302 eumdem
1040 3243 1316 3330 preceptorem,
1344 3242 1383 3304 et
1402 3253 1472 3333 per
1495 3227 1609 3304 istum
1635 3227 1793 3306 modum

357 3357 429 3436 luit
455 3376 638 3466 receptus.
669 3354 886 3463 Requisitus
913 3383 1030 3463 quare
1061 3371 1208 3432 tantum
1236 3355 1394 3433 tardavit
1427 3357 1551 3436 dicere
1581 3357 1793 3454 veritatem,

356 3491 551 3595 respondit
572 3517 640 3596 per
652 3490 911 3598 juramentum
930 3515 1040 3564 suum
1063 3485 1168 3593 quod
1187 3503 1333 3565 tantum
1356 3487 1566 3566 tardaverat
1585 3487 1710 3566 dicere
1731 3517 1794 3565 ve-

356 3621 505 3699 ritatem
525 3639 681 3729 propter
704 3619 883 3698 timorem
906 3644 1088 3724 persone,
1115 3635 1155 3696 et
1172 3617 1260 3725 quia
1279 3617 1433 3698 nolebat
1456 3601 1626 3696 amittere
1656 3635 1791 3698 statum

357 3781 472 3858 quem
489 3751 653 3831 habebat
666 3777 845 3859 magnum
864 3751 904 3828 in
922 3749 1072 3840 ordine,
1096 3765 1135 3827 et
1148 3775 1217 3856 pro
1234 3777 1280 3827 eo
1293 3777 1344 3827 ne
1359 3747 1490 3828 fratres
1505 3749 1674 3827 dicerent
1687 3751 1792 3857 quod

358 3900 455 3962 esset
482 3883 627 3990 primus
656 3909 861 3989 perquem
887 3879 981 3958 ordo
1006 3879 1304 3959 confunderetur
1328 3897 1366 3957 et
1388 3878 1693 3958 adnichilaretur.
1721 3883 1792 3958 Re·
1869 3949 1878 3972 ,

268 4053 272 4058 ·
357 4013 509 4119 spondit
527 4038 596 4120 per
609 4013 867 4122 juramentum
882 4040 995 4090 suum
1015 4028 1146 4089 utrum
1160 4011 1213 4100 vi,
1233 4029 1298 4088 aut
1316 4025 1422 4090 metu
1438 4025 1715 4090 tormentorum
1732 4012 1791 4088 vel

357 4145 531 4235 carceris,
553 4145 718 4252 aliquam
743 4141 940 4222 falsitatem
961 4142 1129 4232 dixisset,
1162 4160 1227 4220 aut
1252 4143 1446 4220 veritatem
1464 4143 1643 4224 tacuisset
1663 4142 1703 4220 in
1724 4171 1789 4220 sua

358 4275 615 4384 deposicione,
631 4277 722 4354 dixit
734 4276 1071 4384 perjuramentum
1083 4301 1194 4352 suum
1209 4273 1316 4383 quod
1330 4303 1425 4367 non,
1440 4275 1556 4354 immo
1571 4303 1703 4382 puram
1719 4301 1789 4381 pro

357 4407 477 4487 salute
497 4409 622 4486 anime
642 4437 708 4486 sue
726 4407 869 4485 dixerat
888 4408 1093 4484 tenutam.

411 4672 506 4748 Item
525 4699 639 4763 anno,
665 4669 871 4758 indicione,
896 4693 1044 4757 mense,
1071 4668 1150 4758 die,
1177 4666 1397 4774 pontificatu
1422 4683 1459 4746 et
1482 4666 1565 4746 loco
1588 4667 1784 4775 predictis,

355 4801 502 4880 indicti
522 4803 770 4912 inquisitoris,
790 4816 962 4880 nostrum
978 4799 1214 4880 notariorum
1234 4815 1271 4876 et
1290 4797 1614 4907 infrascriptorum
1634 4799 1784 4876 testium

353 4935 546 5040 presencia
569 4935 821 5044 personaliter
840 4933 1064 5014 constitutus
1088 4931 1201 5011 frater
1224 4931 1408 5012 liebertus
1437 4931 1485 5010 de
1509 4932 1630 5039 Supra
1648 4928 1785 5012 Villam

1563 5079 1615 5157 37.
