4210 5882
412 544 486 616 aaa
801 519 997 614 canons
1023 540 1119 612 uns
1145 539 1446 612 TEMPLIERS.

410 700 513 760 tutus
532 681 644 758 frater
663 679 850 762 lohannes
870 683 917 758 de
938 683 1054 758 Ponte
1073 680 1267 786 Episcopi,
1295 679 1401 758 etatis
1428 693 1554 761 arnulr
1575 709 1758 760 annorum
1778 685 1833 760 vel

411 815 522 902 circa,
541 811 766 892 senescallus
785 812 825 890 in
845 813 960 890 domo
974 813 1021 888 de
1036 811 1268 890 Montecuria
1283 812 1323 887 in
1337 811 1597 902 Viromandis,
1614 814 1758 892 ordinis
1773 816 1836 892 mi-

410 943 493 1020 licie
522 942 688 1048 Templi,
705 943 852 1049 juratus
876 941 924 1022 ad
949 959 1072 1018 sancta
1097 941 1168 1018 Dei
1190 941 1391 1047 Evangelia
1409 958 1505 1020 tacta
1524 943 1770 1047 corporaliter
1790 945 1835 1024 ab

410 1075 566 1163 eodem,
588 1091 626 1151 et
644 1073 844 1179 requisitus
861 1073 909 1148 de
925 1101 963 1150 se
985 1089 1024 1148 et
1041 1070 1122 1148 aliis
1143 1071 1230 1150 dicti
1252 1073 1397 1150 ordinis
1416 1100 1531 1178 super
1556 1073 1658 1154 dicto
1681 1075 1833 1152 crimine

411 1203 541 1280 delatis
561 1203 684 1279 dicere
706 1203 743 1277 in
763 1229 871 1280 causa
895 1201 985 1278 fidei
1004 1201 1212 1291 veritatem,
1242 1201 1337 1278 dixit
1363 1230 1431 1308 per
1448 1201 1707 1308 juramentum
1726 1234 1832 1284 suum

410 1333 516 1438 quod
529 1332 625 1409 bene
646 1348 733 1408 sunt
748 1361 809 1408 sex
830 1331 914 1410 anni
929 1330 1095 1414 velclrca
1115 1329 1230 1436 elapsi
1245 1331 1352 1436 quod
1374 1331 1447 1411 fuit
1465 1350 1639 1439 receptus
1662 1335 1701 1412 in
1720 1335 1832 1412 domo

411 1461 458 1540 de
474 1463 580 1540 Sanci
600 1489 716 1566 prope
736 1463 888 1550 Trecas,
909 1490 976 1566 per
997 1461 1150 1543 fratrem
1170 1461 1411 1568 Radulphum
1432 1462 1480 1539 de
1502 1462 1582 1542 Giai
1602 1481 1833 1573 receptorem

409 1591 610 1698 Campanie
634 1591 840 1695 quondam,
866 1593 912 1668 de
935 1591 1111 1670 mandato
1131 1590 1252 1672 fratris
1271 1592 1439 1698 Hugonis
1456 1593 1504 1672 de
1526 1595 1695 1672 Paraudo
1715 1595 1833 1674 visita·

409 1723 499 1799 toris
518 1722 685 1797 Francis.

465 1854 559 1930 Item
575 1852 668 1932 dixit
681 1879 750 1957 per
763 1853 1020 1959 juramentum
1034 1882 1145 1932 suunt
1161 1853 1281 1958 quod,
1305 1882 1351 1930 eo
1370 1872 1538 1960 recepto,
1557 1857 1771 1962 juramento
1788 1856 1831 1933 ab

411 2010 456 2060 eo
476 1983 630 2089 prestito
653 1983 700 2060 de
721 1983 867 2060 statutis
888 2000 925 2059 et
944 1983 1096 2060 secretis
1116 1983 1259 2059 ordinis
1274 1983 1529 2072 observandis,
1544 2001 1582 2064 et
1596 1985 1775 2064 mantello
1789 1987 1832 2062 ad

410 2113 547 2190 collum
561 2113 699 2218 posito,
717 2111 953 2218 presentibus
972 2111 1147 2190 fratribus
1164 2111 1334 2192 lobanne
1346 2114 1567 2222 Leujambe,
1590 2115 1774 2196 Gausrido
1788 2117 1830 2194 dc

409 2243 553 2322 Trache
574 2259 611 2320 et
624 2241 849 2348 quibusdam
868 2242 950 2320 aliis
971 2243 1017 2318 de
1038 2271 1200 2349 quorum
1214 2243 1434 2322 nominibus
1454 2272 1529 2322 non
1549 2245 1698 2333 recolit,
1714 2247 1830 2324 dictus

408 2371 519 2449 frater
538 2371 757 2478 Radulphus
777 2371 941 2450 ostendit
960 2371 1030 2448 sibi
1044 2371 1092 2448 ad
1105 2390 1249 2478 partem
1260 2372 1462 2480 quamdam
1479 2401 1728 2452 crucemcum
1741 2403 1829 2482 yma·

408 2505 494 2610 gine
514 2502 631 2581 Jbesu
649 2502 787 2582 Christi
811 2501 991 2592 crucifixi,
1014 2520 1051 2580 et
1077 2502 1168 2578 dixit
1184 2503 1254 2581 sibi
1280 2504 1387 2610 quod
1409 2505 1606 2610 oportebat
1623 2505 1727 2610 quod
1749 2535 1827 2584 eum

409 2633 608 2738 abnegaret
620 2632 727 2739 cujus
741 2661 872 2740 ymago
891 2632 1059 2738 predicta
1074 2650 1152 2709 erat
1172 2631 1224 2709 ibi
1242 2649 1312 2722 ter,
1325 2635 1536 2738 precipiens
1551 2633 1622 2712 sibi
1641 2637 1749 2740 quod
1765 2635 1828 2712 hoc

408 2761 561 2851 faceret,
585 2780 623 2840 et
635 2778 694 2839 ter
708 2778 859 2868 spueret
879 2789 989 2866 supra
1009 2789 1167 2838 crucem.
1186 2763 1233 2838 Et
1251 2763 1331 2868 ipse
1350 2763 1531 2840 recusavit
1546 2763 1618 2842 boc
1635 2763 1755 2842 lacere
1770 2765 1828 2840 ali-

409 2893 648 2998 quantulum,
672 2910 709 2969 et
730 2890 891 2968 finaliter
909 2890 988 2996 ipse
1014 2891 1207 2998 abnegavit
1234 2919 1399 2980 crucem,
1421 2893 1489 2970 sed
1504 2921 1582 2970 non
1598 2895 1826 2985 crucifixum,

408 3047 479 3098 nec
493 3022 603 3100 illum
623 3022 729 3127 cujus
749 3039 826 3098 erat
844 3048 976 3126 ymago
995 3020 1179 3126 predicta,
1204 3039 1241 3096 et
1260 3021 1367 3101 linxit
1384 3049 1424 3098 se
1441 3049 1578 3126 spuere
1591 3024 1708 3100 semel
1723 3055 1828 3130 super

409 3179 577 3242 crucem,
600 3169 638 3228 et
651 3151 751 3256 spuit
770 3149 875 3237 alibi,
891 3149 978 3255 quia
993 3149 1162 3255 predicta
1176 3177 1252 3228 non
1271 3149 1431 3228 saciabat
1442 3179 1486 3228 ex
1496 3150 1628 3238 corde,
1652 3150 1741 3229 licet
1755 3179 1825 3230 ore.

408 3283 454 3360 Et
473 3281 657 3389 predictas
677 3280 967 3388 abnegacionem
983 3298 1021 3356 et
1037 3279 1267 3386 spuicionem
1287 3279 1377 3360 lecit
1395 3307 1464 3385 pro
1478 3307 1543 3372 eo,
1564 3297 1608 3357 ut
1623 3281 1732 3372 dixit,
1748 3283 1828 3387 quia

408 3411 470 3488 alii
488 3411 619 3492 fratres
639 3411 728 3490 dicti
749 3410 892 3490 ordinis
911 3429 1102 3516 presentes
1121 3411 1293 3491 dicebant
1308 3412 1382 3490 sibi
1397 3412 1503 3516 quod
1518 3412 1716 3517 oportebat
1730 3413 1828 3518 quod

408 3542 480 3619 hoc
508 3541 656 3618 faceret.
682 3542 785 3620 Dixit
803 3541 920 3618 eciam
950 3543 1055 3648 quod
1080 3543 1203 3618 dictus
1228 3541 1414 3646 recipiens
1441 3542 1609 3647 precepit
1633 3543 1704 3621 sibi
1731 3541 1828 3648 quod

408 3672 638 3750 oscularetur
655 3699 744 3749 eum
767 3674 806 3748 in
822 3670 1020 3759 umbilico,
1044 3671 1175 3748 nolens
1190 3699 1229 3748 se
1247 3689 1402 3777 propter
1422 3672 1495 3749 hoc
1509 3671 1780 3778 discooperire;
1797 3689 1828 3748 et

407 3801 487 3908 ipse
503 3819 676 3908 receptus
697 3801 789 3878 dixit
804 3800 908 3907 quod
926 3829 1002 3881 non
1022 3799 1170 3880 faceret.
1188 3803 1236 3878 Et
1251 3817 1341 3877 tunc
1357 3800 1479 3880 dictus
1491 3801 1676 3907 recipiens
1693 3801 1827 3880 dimisit

408 3959 513 4019 eum,
529 3931 617 4038 quia
630 3930 826 4008 festinabat
844 3959 883 4006 se
899 3948 936 4006 et
955 3930 1102 4008 volebat
1122 3932 1176 4008 ire
1192 3929 1240 4006 ad
1257 3930 1338 4008 dies
1357 3933 1579 4020 Trecenses,
1606 3948 1644 4010 et
1667 3931 1826 4038 precepit

408 4057 491 4152 aliis
499 4059 675 4138 fratribus
684 4059 789 4165 quod
800 4059 1040 4135 ostenderent
1051 4059 1188 4148 sibi,et
1199 4060 1426 4137 instruerent
1434 4087 1521 4138 eum
1531 4077 1668 4166 puncta
1678 4059 1823 4138 ordinis.

464 4191 556 4265 Item
577 4189 669 4268 dixit
679 4217 748 4295 per
757 4189 1015 4295 juramentum
1029 4217 1138 4266 suum
1154 4189 1258 4295 quod
1273 4190 1352 4296 ipse
1374 4189 1563 4266 confessus
1581 4190 1654 4268 suit
1668 4190 1823 4296 predicta

409 4316 503 4396 infra
523 4347 665 4397 annum
686 4319 914 4424 recepcionis
935 4347 1001 4396 sue
1021 4319 1170 4399 cuidam
1189 4319 1289 4396 lratri
1311 4319 1455 4402 ordinis
1474 4321 1662 4400 llllinorum
1678 4320 1726 4397 de
1742 4321 1824 4398 Tre·

408 4449 476 4538 cis,
496 4450 560 4556 qui
580 4450 739 4558 injunxit
751 4451 820 4531 sibi
842 4479 909 4558 pro
923 4452 1130 4556 penitencia
1150 4451 1256 4558 quod
1269 4452 1457 4559 jejunaret
1475 4451 1576 4530 omni
1600 4451 1661 4528 die
1679 4450 1824 4529 Veneris

406 4608 528 4686 usque
546 4580 595 4660 ad
613 4609 754 4660 annum
771 4583 851 4660 sine
868 4581 1028 4661 camisia.

463 4713 555 4789 Item
570 4712 772 4816 requisitus
791 4729 917 4790 utrum
938 4713 988 4800 vi,
1015 4710 1074 4788 vel
1095 4729 1199 4788 metu
1224 4712 1380 4788 carceris
1404 4730 1469 4790 aut
1485 4711 1678 4798 tormenti,
1701 4708 1824 4787 dixerit

407 4843 446 4917 in
458 4841 649 4948 premissis
659 4841 718 4918 vel
727 4841 971 4923 immiscuerit
985 4841 1147 4946 aliquam
1155 4840 1367 4962 salsitatem,
1377 4841 1435 4919 vel
1443 4839 1662 4923 subticuerit
1673 4840 1823 4946 aliquam
