4486 5890
479 511 547 584 us
606 535 609 542 ·
864 487 1057 584 raocss
1085 510 1179 582 oss
1205 508 1509 582 rsurmnas.
1607 599 1610 603 ,

386 715 390 726 .
473 681 649 761 magnum
668 653 887 759 Magistrum
905 671 941 732 et
955 654 1046 731 alios
1062 653 1207 758 aliquos
1222 679 1369 729 errores
1388 650 1503 728 fuisse
1521 649 1726 740 confessos,
1743 649 1898 727 credens

424 825 428 834 ·
473 786 577 891 quod
597 784 683 861 illos
704 783 752 860 de
772 784 913 890 quibus
932 787 1011 892 ipse
1027 811 1138 890 supra
1160 782 1345 890 deposuit.

531 915 745 1021 Requisitus
765 914 794 990 si
825 915 877 991 sic
902 914 1126 1021 deposuerat
1145 939 1277 1018 prece,
1304 917 1500 1020 precepto,
1527 913 1683 998 timore,
1712 913 1817 1002 odio,
1842 913 1898 989 vel

475 1045 636 1122 coiuodo
652 1045 850 1151 temporali
867 1045 995 1122 habito
1014 1045 1073 1120 vel
1089 1044 1280 1132 babendo,
1301 1043 1496 1150 respondit
1512 1043 1617 1149 quod
1631 1071 1726 1133 non,
1746 1043 1814 1120 sed
1831 1072 1898 1150 pro

474 1177 624 1254 veritate
646 1177 819 1268 dicenda;
844 1177 903 1253 cui
925 1175 998 1253 luit
1019 1177 1231 1283 injunctum
1257 1177 1363 1282 quod
1380 1203 1456 1252 non
1478 1174 1659 1252 revelaret
1678 1175 1774 1251 hanc
1794 1201 1897 1252 suam

476 1307 772 1413 deposicionem,
790 1333 991 1414 quousque
1011 1307 1271 1383 attestaciones
1291 1305 1432 1382 luerint
1447 1304 1654 1412 publicate;
1678 1323 1715 1381 et
1736 1333 1813 1382 non
1830 1305 1897 1381 ob·

474 1437 611 1513 tulerat
632 1465 670 1513 se
692 1439 738 1514 ad
759 1437 1033 1514 deffensionem
1049 1436 1138 1512 dicti
1161 1435 1315 1513 ordinis.

530 1702 656 1775 Frater
675 1701 888 1776 Bernardus
913 1699 1143 1777 de·blsonio
1170 1700 1350 1790 serviens,
1375 1701 1692 1780 Claramontensis
1721 1702 1894 1794 diocesis,

473 1832 578 1905 testis
598 1859 709 1936 supra
731 1831 895 1936 juratus,
923 1830 1146 1907 mantellum
1169 1830 1313 1908 ordinis
1333 1848 1370 1908 et
1390 1831 1545 1908 barbam
1571 1831 1774 1924 defferens,
1797 1859 1897 1908 sexa-

474 1962 648 2065 genarius
663 1961 720 2036 vel
736 1961 847 2051 circa,
863 1989 949 2038 cum
969 1989 1046 2068 quo
1064 1962 1289 2068 inquisitum
1311 1961 1447 2051 luerat,
1466 1962 1661 2039 absolutus
1682 1981 1719 2038 et
1734 1965 1897 2040 reconci-

473 2091 666 2197 liatus'per
680 2091 880 2167 dominum
902 2091 1118 2197 episcopum
1134 2092 1500 2178 Claramontensem,
1521 2093 1627 2170 lectis
1644 2111 1681 2169 et
1696 2091 1896 2199 diligenter

473 2221 648 2324 expositis
668 2219 737 2297 sibi
761 2221 937 2298 omnibus
950 2238 987 2298 et
1004 2222 1161 2329 singulis
1175 2221 1357 2309 articulis,
1377 2223 1573 2330 respondit
1591 2249 1630 2299 se
1652 2223 1767 2298 nichil
1787 2224 1893 2313 scire,

472 2378 540 2426 nec
565 2350 736 2438 credere,
767 2381 836 2429 nec
868 2353 1051 2430 audivisse
1083 2353 1154 2429 dici
1188 2354 1235 2431 de
1261 2355 1447 2431 contentis
1476 2353 1548 2430 nisi
1578 2354 1682 2461 quod
1712 2357 1893 2460 sequitur.

472 2483 573 2558 Dixit
591 2483 692 2560 enim
708 2511 747 2560 se
762 2481 876 2560 luisse
896 2500 1106 2590 receptum,
1130 2499 1218 2561 sunt
1234 2485 1381 2561 circiter
1394 2511 1461 2564 xxv
1481 2485 1589 2572 anni,
1612 2485 1650 2560 in
1669 2484 1808 2591 capella
1831 2483 1897 2562 do·

474 2643 557 2690 mus
582 2615 730 2721 Templi
754 2616 799 2691 de
830 2616 1026 2692 Brundisio
1053 2617 1090 2691 in
1117 2615 1267 2721 Apulia,
1296 2643 1364 2722 per
1389 2614 1539 2693 fratrem
1570 2616 1819 2696 Guillelmum
1849 2622 1896 2696 de

473 2748 587 2821 Noset
612 2745 770 2822 militem
795 2747 988 2852 quondam
1014 2747 1297 2852 provincialem,
1325 2746 1648 2824 locumtenentem
1668 2751 1897 2854 preceptoris

374 2937 377 2944 .
474 2875 628 2980 Apulie‚
650 2876 888 2983 presentibus
913 2876 1089 2954 fratribus
1111 2876 1317 2982 Guillelmo
1343 2879 1390 2954 de
1410 2878 1560 2956 Beriant
1581 2875 1896 2956 Claramontensis

421 3047 423 3054 ·
474 3007 651 3096 diocesis,
680 3007 819 3084 Jacobo
850 3008 897 3084 de
926 3007 1077 3083 Ancona
1104 3025 1141 3082 et
1173 3007 1336 3084 Vassalio
1366 3008 1412 3084 de
1439 3006 1604 3084 Massilia
1631 3008 1894 3094 servientibus,

474 3137 688 3222 sedunens,
707 3136 746 3211 in
765 3137 865 3212 hunc
884 3136 1041 3212 modurn
1068 3167 1076 3211 ε
1099 3163 1185 3212 nam
1209 3136 1326 3241 petita
1349 3138 1525 3213 societate
1550 3135 1706 3213 fratrum
1732 3137 1894 3227 ordinis,

474 3285 511 3343 et
529 3285 614 3373 post
634 3268 772 3350 multas
790 3267 1044 3342 exortaciones
1063 3265 1133 3344 sibi
1156 3266 1284 3355 factas,
1301 3293 1474 3344 concessa
1491 3265 1633 3354 eidem,
1654 3266 1776 3343 dictus
1795 3296 1898 3345 rece·

474 3416 559 3504 ptor
574 3397 662 3475 lecit
676 3427 763 3475 eum
772 3401 901 3506 jurare
917 3399 1021 3505 quod
1031 3425 1106 3474 non
1118 3398 1299 3474 revelaret
1309 3415 1449 3476 secreta
1458 3398 1723 3504 capituliorum
1741 3399 1894 3488 ordinis,

472 3559 603 3607 vovere
625 3549 662 3607 et
677 3531 805 3636 jurare
827 3530 1052 3617 castitatem,
1070 3528 1351 3619 obedienciam,
1375 3547 1412 3605 et
1429 3531 1550 3606 vivere
1569 3531 1649 3606 sine
1670 3530 1837 3636 proprio,
1861 3550 1900 3608 et

472 3691 615 3738 servare
631 3662 751 3739 bonos
769 3689 859 3737 usus
878 3678 914 3735 et
935 3661 1052 3737 bonas
1071 3659 1366 3737 consuetudines
1385 3689 1461 3766 que
1478 3679 1569 3740 tunc
1590 3677 1695 3736 erant
1718 3678 1755 3736 et
1775 3662 1812 3737 in
1833 3691 1900 3769 po-

472 3811 615 3868 sterum
631 3794 918 3898 imponerentur
937 3792 975 3866 in
996 3791 1146 3879 ordine,
1166 3808 1203 3866 et
1220 3791 1349 3896 juvare
1369 3791 1578 3866 secundum
1591 3819 1699 3898 posse
1717 3819 1828 3868 suum
1850 3794 1897 3868 ad

472 3922 744 4028 acquirendum
760 3950 929 4028 ¹regnum
957 3923 1232 4028 iherosolyme,
1260 3938 1298 3997 et
1324 3922 1431 4028 quod
1457 3949 1534 3998 non
1561 3940 1659 4000 esset
1689 3923 1729 3997 in
1750 3923 1831 4000 loco
1858 3925 1900 3998 in

472 4082 549 4159 quo
562 4054 696 4159 aliquis
707 4053 1161 4159 exheredareturinjuste,
1177 4081 1246 4130 nec
1259 4053 1466 4131 dimitteret
1481 4053 1654 4130 ordinem
1668 4081 1735 4160 pro
1749 4055 1900 4130 meliori

473 4184 529 4261 vel
549 4186 738 4262 deteriori.
756 4187 841 4280 Quo
859 4184 953 4261 sacto
969 4185 1153 4291 imposuit
1171 4184 1240 4262 sibi
1257 4183 1500 4272 mantellum,
1521 4201 1558 4262 et
1581 4186 1661 4290 ipse
1688 4202 1725 4262 et
1740 4202 1902 4262 astantes

396 4341 401 4350 ·
473 4315 628 4392 osculati
649 4315 803 4393 suerunt
819 4343 906 4393 eum
929 4317 967 4390 in
989 4345 1066 4394 ore.
1089 4316 1237 4393 Deinde
1253 4316 1362 4392 allata
1383 4315 1544 4422 quadam
1561 4345 1670 4394 cruce
1689 4343 1758 4422 per
1778 4345 1902 4394 unum

473 4447 520 4523 de
536 4447 730 4534 fratribus,
753 4447 869 4523 nescit
883 4473 1096 4553 perquem,
1120 4447 1244 4552 lignea
1262 4448 1356 4524 sicut
1372 4447 1508 4537 credit,
1531 4448 1569 4522 in
1583 4476 1657 4553 qua
1675 4465 1752 4523 erat
1766 4475 1902 4554 ymago

471 4578 645 4654 Crucifixi
664 4579 828 4684 depicta,
846 4579 1012 4684 precepit
1028 4580 1060 4655 ei
1079 4577 1202 4655 dictus
1222 4596 1394 4685 receptor
1410 4577 1514 4684 quod
1535 4596 1687 4684 spueret
1704 4607 1817 4684 super
1841 4579 1905 4655 di—

471 4724 569 4785 ctam
583 4711 835 4815 crucemqnia
847 4709 895 4786 ita
908 4708 1067 4786 debebat
1080 4709 1210 4798 lacere,
1227 4727 1264 4785 et
1277 4711 1356 4814 ipse
1369 4709 1474 4786 testis
1487 4710 1587 4815 spuit
1592 4710 1695 4816 juxta
1706 4735 1906 4816 nonsuper

475 4843 613 4917 dictam
634 4869 797 4917 crucem.
817 4841 1064 4916 Postmodum
1085 4839 1253 4946 precepit
1271 4840 1303 4916 ei
1321 4841 1426 4946 quod
1444 4840 1645 4947 abnegaret
1663 4841 1840 4928 lbesum3
1863 4861 1907 4918 et
