4486 5890
740 532 937 628 rnocns
963 553 1059 626 nus
1085 552 1388 628 rsurnrnas.
1705 564 1774 633 177

352 695 530 804 capitolia
556 696 652 773 clam
679 695 821 788 teneri,
843 693 960 774 nullis
986 696 1226 802 presentibus
1251 695 1323 776 nisi
1352 694 1529 774 fratribus
1554 697 1700 778 ordinis
1711 701 1777 792 ,in

351 855 429 935 quo
455 843 642 906 servatum
676 825 807 904 luisset
842 824 948 934 quod
974 853 1134 932 magnus
1158 826 1335 935 Magister
1366 854 1453 902 cum
1488 844 1676 906 conventu
1703 847 1777 908 sta-

350 958 501 1047 tuisset;
520 975 650 1036 contra
676 983 790 1064 quem
817 955 975 1062 quidem
1004 955 1178 1033 ordinem
1206 985 1308 1034 nunc
1332 956 1486 1064 grandia
1506 957 1695 1048 scandala,
1720 988 1778 1038 su·

350 1089 467 1195 spicio
485 1104 523 1166 et
550 1085 704 1164 infamia
727 1103 816 1164 sunt
844 1101 986 1176 exorta,
1013 1102 1050 1163 et
1072 1085 1192 1164 credit
1209 1085 1353 1164 dictum
1374 1069 1594 1194 Magistrum
1622 1106 1660 1166 et
1684 1088 1777 1168 alios
1830 1143 1836 1152 ·

350 1218 464 1298 luisse
491 1217 681 1297 confessos
709 1215 840 1294 illicita
866 1214 1072 1294 confessata
1096 1245 1165 1324 per
1185 1244 1290 1308 eum,
1308 1234 1346 1295 et
1367 1244 1445 1294 non
1461 1216 1650 1296 obtulerat
1668 1247 1708 1298 se
1728 1221 1776 1296 ad

351 1348 624 1428 deffensionem
638 1347 796 1426 ordinis.

406 1478 622 1586 ltequisitus
655 1476 687 1555 si
714 1478 767 1554 sic
801 1475 1027 1581 deposuerat
1053 1505 1187 1583 prece,
1213 1493 1411 1583 precepto,
1439 1477 1596 1570 timore,
1627 1507 1772 1571 amore,

350 1607 458 1697 odio,
479 1607 539 1685 vel
566 1604 766 1713 temporali
795 1605 957 1684 comodo
982 1603 1113 1684 habito
1134 1604 1194 1682 vel
1221 1602 1421 1694 habendo,
1446 1605 1643 1714 respondit
1669 1609 1775 1715 quod

195 1742 202 1748 ’
241 1833 244 1838 ¹
350 1736 534 1826 non,sed
558 1735 804 1844 proteritate
832 1733 1009 1825 dicenda,
1029 1734 1090 1812 cui
1113 1732 1185 1812 luit
1209 1735 1422 1843 injunctum
1448 1737 1552 1843 quod
1572 1763 1650 1815 non
1675 1765 1774 1818 reve·

349 1868 443 1946 larat
466 1869 563 1944 banc
585 1894 692 1944 suam
713 1864 1017 1970 deposicionem,
1035 1891 1234 1971 quousque
1262 1864 1521 1943 attestationes
1543 1864 1686 1945 suerint
1709 1895 1776 1974 pu-

307 2059 313 2068 .
349 1996 505 2086 blicate3
527 2011 565 2074 et
588 1993 661 2072 luit
682 2010 929 2100 protestatus,
952 2021 1038 2070 cum
1066 1993 1291 2100 deponeret,
1317 1994 1424 2099 quod
1450 2023 1528 2072 non
1552 1994 1776 2074 intendebat

348 2125 527 2203 recedere
547 2155 568 2202 a
589 2124 829 2232 deposicione
855 2145 923 2229 per
943 2151 1030 2200 eum
1051 2121 1144 2199 lacta
1164 2150 1289 2200 coram
1318 2121 1419 2200 dicto
1450 2125 1607 2204 domino
1631 2125 1775 2204 archie-

349 2255 504 2362 piscopo
523 2253 748 2334 Turonensi.

405 2520 534 2596 Frater
563 2515 727 2594 Parisios
756 2514 804 2592 de
837 2513 947 2592 Buris
973 2511 1156 2604 serviens,
1189 2513 1435 2623 Lingonensis
1463 2514 1643 2602 diocesis,
1669 2516 1774 2595 testis

349 2675 462 2752 supra
489 2648 653 2754 juratus,
684 2644 1029 2753 quinquagenarius
1054 2641 1113 2718 vel
1152 2643 1263 2735 circa,
1292 2643 1378 2749 qui,
1403 2642 1452 2719 ad
1480 2644 1773 2752 requisicionem

350 2777 464 2854 unius
483 2775 677 2854 servientis
702 2773 868 2852 custodis
894 2772 971 2862 sui,
1001 2769 1225 2848 mantellum
1256 2771 1450 2850 dimiserat
1477 2789 1515 2850 et
1538 2773 1619 2852 radi
1637 2772 1776 2852 fecerat

349 2905 421 2986 sibi
440 2903 614 2996 barbam,
639 2931 822 3010 cumque
851 2901 1075 3009 inquisitum
1109 2899 1248 2989 fuerat,
1273 2901 1470 2980 absolutus
1498 2918 1536 2981 et
1559 2904 1777 2982 reconcilia-

348 3053 409 3115 tus
428 3065 497 3142 per
513 3035 713 3114 dominum
726 3035 946 3142 episcopum
958 3032 1285 3126 Aurelianensem,
1307 3033 1470 3113 Senonis
1489 3033 1579 3112 sede
1600 3053 1772 3126 vacante,

349 3164 456 3244 lectis’
487 3183 525 3244 et
562 3163 764 3272 diligenter
799 3162 976 3270 expositis
1009 3161 1082 3240 sibi
1116 3162 1295 3241 omnibus
1325 3178 1364 3241 et
1397 3161 1565 3272 singulis·
1587 3163 1771 3254 articulis,

348 3294 545 3401 respondit
563 3293 669 3400 quod
700 3292 853 3370 nullum
880 3291 997 3370 alium
1023 3290 1168 3369 viderat
1191 3292 1307 3399 recipi
1337 3292 1378 3368 in
1408 3293 1563 3382 ordine,
1588 3310 1628 3372 et
1653 3293 1775 3373 fuerat

348 3425 388 3502 in
410 3451 485 3501 una
511 3423 628 3501 domo
653 3423 798 3502 ordinis
827 3420 990 3500 solitaria
1015 3420 1144 3530 viginti
1173 3422 1296 3500 tribus
1323 3422 1431 3499 annis
1453 3422 1644 3500 continuis
1668 3451 1775 3502 com·

348 3570 539 3641 moratus,
572 3552 675 3630 unde
709 3549 914 3641 nesciebat,
949 3577 1020 3627 nec
1053 3549 1246 3640 credebat,
1280 3578 1351 3628 nec
1385 3551 1577 3628 audiverat
1608 3551 1682 3628 dici
1725 3554 1774 3630 de

348 3683 536 3762 contentis
557 3682 668 3759 ineis
694 3682 766 3759 nisi
781 3679 888 3788 quod
902 3679 1097 3787 sequitur:
1119 3679 1222 3758 Dixit
1244 3680 1346 3758 enim
1372 3709 1412 3758 se
1429 3678 1543 3758 luisse
1559 3696 1770 3786 receptum,

348 3814 387 3890 in
411 3812 506 3891 lesto
530 3811 811 3890 Purificacionis
830 3809 939 3888 beate
961 3808 1077 3888 Marie
1097 3809 1267 3916 proximo
1287 3809 1468 3915 preterito
1489 3808 1645 3888 filerunt
1665 3811 1773 3888 circi-

348 3961 406 4020 ter
424 3969 508 4022 axvr
528 3943 638 4031 anni,
660 3942 700 4019 in
718 3939 859 4048 capella
880 3940 1018 4018 domus
1031 3938 1182 4045 Templi
1203 3938 1251 4016 de
1273 3939 1498 4017 Faverniaoo
1527 3939 1775 4047 Lingoneusis

348 4071 528 4160 diocesis,
551 4099 620 4178 per
637 4068 790 4150 fratrem
806 4068 1034 4150 Gaulridum
1055 4067 1102 4146 de
1118 4069 1306 4177 Lugduno
1322 4067 1595 4175 presbiterum,
1620 4096 1776 4174 presen-

347 4202 449 4280 tibus
477 4201 654 4280 fratribus
672 4201 829 4280 Diderio
858 4198 905 4277 de
925 4197 1054 4290 Buris,
1080 4196 1207 4277 Guido
1234 4198 1375 4277 Chillet
1395 4199 1443 4276 de
1462 4197 1634 4291 Volenis,
1662 4199 1776 4280 Petro

347 4332 541 4422 Bocharii,
564 4347 604 4409 et
621 4331 824 4410 Dominico
852 4331 960 4438 eujus
991 4356 1201 4434 cognomen
1228 4329 1392 4438 ignorat,
1419 4326 1669 4406 servientibus
1693 4331 1775 4409 del-

347 4461 502 4553 sunctis,
527 4463 566 4539 in
588 4463 691 4539 bunc
716 4462 902 4540 modum:
926 4485 1014 4536 nam
1037 4486 1124 4535 cum
1153 4459 1406 4566 requisivisset
1423 4485 1561 4565 panem
1584 4475 1623 4537 et
1639 4487 1774 4567 aquam

347 4590 510 4684 ordinis,
538 4609 577 4670 et
606 4591 884 4670 deliberacione
910 4587 1037 4666 habita
1063 4587 1228 4666 finaliter
1257 4590 1290 4666 ei
1326 4588 1489 4667 concessi
1510 4587 1686 4679 luissent,
1714 4592 1773 4669 di-

348 4741 430 4800 ctus
457 4740 629 4828 receptor
649 4721 737 4799 lecit
765 4749 853 4798 eum
879 4745 1012 4799 vovere
1036 4732 1075 4794 et
1090 4716 1219 4824 jurare
1241 4719 1468 4805 castitatem,
1490 4717 1771 4810 obedienciam,

349 4871 386 4930 et
415 4853 522 4960 quod
549 4880 626 4929 non
648 4852 830 4932 retineret
850 4848 1046 4958 proprium
1080 4847 1178 4926 ultra
1202 4866 1367 4955 quatuor
1393 4848 1583 4939 denarios,
1618 4876 1687 4926 nee
1707 4878 1773 4928 au-

434 4991 542 5053 raonis
564 5010 616 5054 ou
637 5011 808 5053 reuertens.
821 5025 863 5038 —
877 5011 909 5051 ιι.
1584 4985 1624 5048 23
