4208 5886
674 541 871 634 rnoots
904 559 999 632 ons
1031 559 1335 633 senenses.
1370 649 1372 656 Α
1642 563 1715 632 217

293 729 368 778 non
384 699 610 779 declarando
630 702 736 808 quod
763 703 836 781 boc
861 718 959 781 esset
978 701 1025 779 de
1050 703 1199 807 punctis
1227 701 1370 780 ordinis
1397 729 1467 776 nec
1496 718 1719 778 consuetum

292 831 331 906 in
348 832 482 909 ordine
502 829 601 921 fieri,
618 834 744 938 etipse
756 835 862 912 testis
876 831 1070 939 abnegavit
1080 833 1206 909 Deum
1220 860 1302 922 ore,
1319 861 1396 909 non
1410 832 1538 920 corde,
1559 848 1600 908 ut
1612 830 1719 909 dixit.

293 960 447 1069 Aliquid
462 961 565 1040 aliud
579 961 754 1042 illicitum
773 993 851 1042 non
863 963 1064 1040 intervenit
1073 961 1112 1037 in
1124 963 1221 1038 dicta
1237 990 1302 1039 sua
1315 963 1535 1069 recepcione
1546 960 1603 1038 vel
1615 979 1717 1068 post,

293 1120 363 1170 nec
376 1092 471 1200 quid
481 1093 660 1201 agebatur
670 1095 710 1171 in
719 1095 1005 1201 recepcionibus
1019 1093 1179 1172 aliorum
1196 1093 1364 1198 velpost‚
1377 1092 1498 1170 credit
1511 1109 1638 1168 tamen
1657 1121 1721 1198 po-

293 1223 373 1302 cius
386 1222 493 1330 quod
512 1222 746 1330 abnegarent
765 1224 1019 1302 communiter
1035 1223 1184 1314 Deum,
1206 1223 1304 1301 sicut
1321 1223 1498 1330 deposuit
1517 1250 1556 1300 se
1572 1221 1718 1312 fecisse,

292 1379 407 1456 quam
431 1354 674 1430 contrarium.
695 1355 809 1445 ltem,
840 1353 934 1431 dixit
952 1352 1056 1459 quod
1078 1353 1158 1458 ipse
1176 1352 1274 1430 bene
1302 1352 1479 1430 credebat
1499 1350 1720 1430 ecclesiasti-

294 1483 345 1559 cis
363 1485 621 1572 sacramentis,
643 1486 801 1563 credens
820 1485 925 1592 quod
947 1483 1011 1560 alii
1037 1482 1170 1562 fratres
1188 1483 1333 1561 ordinis
1350 1485 1486 1562 eodem
1507 1483 1624 1561 modo
1641 1512 1720 1560 cre-

294 1612 443 1702 derent,
469 1630 507 1690 et
529 1616 633 1720 quod
661 1643 795 1693 eorum
822 1613 1033 1692 sacerdotes
1056 1615 1183 1693 debite
1204 1613 1448 1692 celebrarent.
1469 1613 1621 1692 Audivit
1645 1613 1719 1690 dici

294 1743 396 1848 quod
410 1742 494 1822 laici
508 1772 640 1822 eorum
654 1745 829 1852 capitulla
839 1762 1012 1823 tenentes
1027 1745 1246 1823 anctoritate
1260 1743 1461 1858 apostolica
1478 1742 1722 1822 absolvebant

274 1935 277 1946 .
292 1873 423 1953 fratres
434 1876 672 1983 generaliter,
686 1894 724 1954 et
734 1905 803 1983 pro
820 1876 981 1983 peccatis
995 1875 1242 1954 remittebant
1257 1904 1322 1954 sos
1337 1875 1586 1954 absolvendos
1601 1875 1649 1952 ad
1665 1905 1722 1952 sa-

293 2003 465 2084 cerdotes
484 2005 629 2083 ordinis
648 2034 793 2083 eorum.
814 2005 1057 2084 Clandestine
1083 2006 1372 2113 recipiebantur,
1399 2005 1514 2083 nullis
1537 2007 1721 2111 presenti-

293 2133 365 2211 bus
386 2134 459 2212 nisi
476 2134 654 2213 fratribus
678 2136 834 2213 ordinis.
856 2135 1033 2214 Cordulis
1055 2137 1157 2212 unde
1177 2135 1354 2214 volebant
1372 2137 1571 2242 assumptis
1597 2137 1721 2242 cinge-

294 2264 432 2344 bantur
446 2294 560 2373 super
579 2268 746 2346 camisias
762 2295 848 2345 oum
865 2266 1005 2372 quibus
1020 2267 1207 2375 jacebant.
1228 2268 1376 2344 Fratres
1395 2267 1556 2345 scientes
1576 2295 1720 2344 errores
1791 2263 1795 2270 ’

294 2395 448 2474 luerunt
463 2397 710 2507 negligentes,
725 2399 812 2506 quia
829 2427 905 2476 non
920 2414 1163 2475 correxerunt
1176 2425 1251 2476 eos.
1270 2396 1525 2475 Elemosinam
1541 2414 1579 2474 et
1592 2398 1721 2502 bospi-

166 2539 169 2544 “
293 2527 475 2606 talitatem
502 2528 596 2605 vidit
618 2530 885 2606 convenienter
908 2527 992 2604 fieri
1018 2546 1056 2606 et
1079 2529 1214 2606 servari
1238 2529 1278 2604 in
1305 2525 1482 2605 domibus
1510 2526 1655 2605 ordinis
1680 2528 1720 2602 in
1754 2621 1756 2624 Ι

295 2653 434 2759 quibus
449 2657 570 2733 extitit
583 2675 853 2749 commoratus,
870 2675 908 2734 et
927 2658 1205 2764 precipiebatur
1224 2659 1278 2734 eis
1295 2658 1401 2764 quod
1414 2656 1514 2734 bene
1534 2673 1724 2734 servarent

295 2783 519 2863 elemosinas
533 2785 694 2875 ordinis,
716 2804 754 2864 et
773 2786 1017 2866 inhibebatur
1036 2817 1085 2866 ne
1105 2789 1329 2897 degererent
1356 2805 1511 2895 propter
1534 2785 1634 2864 bona
1661 2816 1722 2865 or-

296 2914 375 2990 dini
400 2915 639 3020 acquirenda.
667 2915 847 2994 Ordinata
870 2946 938 3023 per
970 2918 1189 3025 Magistrum
1216 2947 1302 2995 cum
1333 2935 1519 2995 conventu
1544 2937 1724 2996 servasset

294 3061 395 3121 totus
412 3045 525 3136 ordo,
553 3060 683 3123 eontra
706 3074 820 3153 quem
846 3075 948 3124 nunc
975 3065 1130 3154 propter
1154 3048 1321 3154 prodicta
1347 3048 1502 3156 grandia
1533 3049 1720 3138 seandala,

295 3175 456 3280 suspicio
477 3192 515 3252 et
533 3174 688 3252 infamia
702 3194 791 3255 sunt
806 3195 947 3288 exorta,
971 3196 1008 3256 et
1024 3179 1144 3256 credit
1157 3180 1263 3285 quod
1276 3178 1409 3256 fratres
1428 3179 1574 3258 ordinis
1587 3180 1724 3257 scirent

294 3303 400 3409 quod
420 3303 623 3412 abnegatio
646 3306 757 3384 lieret
783 3308 822 3382 in
848 3307 982 3382 ordine
999 3308 1203 3384 confessata
1222 3336 1290 3412 per
1307 3337 1414 3399 eum,
1437 3326 1475 3385 et
1489 3309 1632 3385 audivit
1648 3309 1722 3386 dici

295 3432 514 3535 Magistrum
534 3449 572 3509 et
592 3432 686 3510 alios
705 3433 831 3540 aliqua
857 3451 984 3512 contra
1010 3435 1154 3513 dictum
1176 3437 1351 3514 ordinem
1371 3435 1483 3514 fuisse
1511 3437 1721 3526 confessos3

295 3559 344 3636 ad
368 3561 475 3668 cujus
496 3547 770 3641 deffensionem
786 3593 825 3642 se
842 3592 919 3641 non
940 3563 1149 3654 obtulerat,
1177 3583 1248 3644 nec
1266 3566 1389 3645 luerat
1403 3567 1501 3645 ultra
1521 3595 1637 3644 mare.

352 3692 568 3798 Requisitus
582 3694 613 3771 si
628 3693 681 3769 sic
692 3692 918 3799 deposuerat
931 3722 1058 3800 prece,
1076 3711 1268 3801 precepto,
1285 3696 1438 3784 timore,
1454 3725 1598 3785 amore,
1616 3696 1722 3786 odio,

296 3821 353 3898 vel
367 3821 569 3929 temporali
584 3822 747 3901 comodo
766 3823 898 3902 habito
914 3823 974 3902 vel
994 3823 1186 3914 habendo,
1206 3826 1402 3931 respondit
1417 3827 1521 3932 quod
1538 3855 1635 3918 non,
1658 3829 1725 3905 sed

297 3981 366 4057 pro
384 3953 539 4032 veritate
566 3953 747 4042 dicenda3
769 3955 830 4033 cui
855 3952 929 4032 suit
952 3955 1164 4062 injunctum
1190 3958 1297 4063 quod
1322 3986 1400 4036 non
1425 3956 1604 4036 revelaret
1629 3957 1725 4036 hanc

298 4109 403 4196 snam
421 4083 720 4189 deposicionem,
744 4113 945 4192 quousque
964 4087 1227 4164 attestaciones
1245 4085 1388 4165 fuerint
1407 4085 1608 4192 publicato.

353 4339 441 4421 Post
463 4335 534 4424 bec
553 4345 708 4424 luerunt
729 4347 880 4426 adducti
901 4376 970 4453 pro
991 4347 1152 4428 testibus
1176 4349 1224 4426 ad
1244 4349 1475 4455 presenciam
1501 4351 1725 4428 eorumdem

299 4473 544 4552 dominorum
558 4476 900 4554 commissariorum
915 4477 1046 4554 iratres
1061 4477 1188 4556 Guido
1205 4461 1252 4556 de
1268 4483 1373 4586 Rupe
1388 4481 1593 4586 presbiter,
1616 4483 1727 4590 Hugo

299 4603 346 4680 de
375 4605 495 4682 Fanro
521 4605 648 4694 miles,
679 4605 805 4684 Guido
830 4605 884 4684 las
909 4606 1158 4696 Chassandas,
1186 4609 1371 4688 Jordanus
1398 4613 1528 4705 Penta,
1555 4615 1653 4690 Eoso
1680 4613 1726 4690 de

298 4733 499 4812 Masualier
513 4751 551 4812 et
571 4737 703 4814 Petrus
726 4736 885 4814 Piffandi
909 4737 1126 4830 servientes,
1152 4740 1431 4818 Lemovicensis
1455 4741 1626 4820 diocesis.
1650 4743 1726 4836 Qui

297 4866 403 4944 tactis
425 4867 667 4946 saerosanctis
690 4867 890 4974 evangeliis
908 4870 1130 4976 juraverunt
1160 4869 1285 4948 dicere
1310 4871 1350 4946 in
1373 4870 1444 4950 isto
1465 4873 1622 4982 negocio
1645 4871 1727 4978 ple-

406 5019 516 5084 rnocbs
539 5042 592 5085 ors
614 5041 886 5086 resarciens-n.
1538 5029 1578 5090 28
