4208 5886
378 524 452 595 aos
573 505 576 513 '
759 503 1423 598 procssnnsrnurtmns

376 662 445 738 sed
474 688 551 738 non
580 661 714 738 recolit
742 691 763 737 a
789 662 947 769 quibus,
975 663 1081 769 quod
1109 661 1224 738 frater
1248 663 1409 740 Jacobus
1442 685 1600 767 magnus
1628 661 1807 772 Magister

376 791 539 884 ordinis,
558 792 658 870 ultra
682 821 785 870 mare
811 794 987 882 existens,
1009 791 1254 871 commitebat
1273 792 1416 870 crimen
1432 791 1703 871 sodomiticum
1718 825 1805 874 cum

375 923 542 1030 quodam
578 924 699 1004 valeto
735 917 939 1002 camerario
973 951 1060 1016 suo,
1094 951 1210 1031 quem
1245 923 1409 1002 multum
1444 921 1644 1030 diligebat,
1675 943 1806 1004 vocato

373 1051 555 1162 Georgio,
574 1056 639 1161 qui
668 1053 741 1132 fuit
772 1055 993 1134 submersus
1013 1083 1057 1132 ex
1079 1055 1269 1160 insperato
1291 1054 1331 1130 in
1351 1054 1545 1160 presencia
1571 1039 1664 1133 xdicti
1689 1057 1807 1165 Magi-

375 1185 442 1262 stri
463 1201 502 1278 et
520 1185 701 1278 aliorum,
731 1187 963 1264 transeundo
993 1186 1197 1292 quamdam
1228 1213 1365 1292 aquam
1384 1184 1424 1260 in
1450 1185 1587 1290 riparia
1605 1187 1802 1278 Januensi,

376 1331 414 1392 et
434 1315 554 1393 credit
572 1318 651 1422 ipse
671 1317 777 1395 testis
801 1317 907 1422 quod
926 1315 1039 1393 fuerit
1060 1315 1156 1392 ultio
1178 1315 1303 1392 divina
1326 1331 1482 1420 propter
1500 1332 1696 1421 peccatum
1722 1347 1805 1424 pre·

376 1443 538 1536 dictum,
562 1473 638 1552 quo
659 1444 775 1522 eciam
792 1443 1017 1522 dicebantur
1030 1444 1136 1523 abuti
1150 1444 1212 1522 alii
1233 1445 1394 1553 majores
1409 1445 1555 1522 ordinis
1570 1444 1668 1524 ultra
1683 1475 1803 1538 mare;

376 1591 414 1651 et
440 1576 538 1651 inter
566 1574 658 1652 alios
691 1592 770 1651 erat
801 1575 849 1652 de
873 1575 948 1652 hoc
978 1573 1144 1652 multum
1176 1573 1392 1652 diffamatus
1416 1572 1529 1652 frater
1554 1576 1731 1656 Sicardus
1755 1579 1803 1656 de

374 1707 479 1811 Rupe
504 1704 633 1797 miles,
659 1721 856 1811 preceptor
876 1703 1088 1812 Burdegale
1115 1705 1330 1812 quondam3
1351 1732 1430 1781 non
1449 1721 1578 1782 tamen
1602 1706 1716 1796 vidit,
1744 1709 1803 1786 vel

374 1834 518 1913 audivit
541 1835 614 1913 dici
636 1836 715 1943 ipse
730 1853 858 1913 tamen
880 1835 1006 1923 testis,
1032 1865 1101 1913 nec
1127 1836 1249 1914 credit
1269 1837 1376 1943 qnod
1393 1865 1437 1914 ex
1455 1838 1641 1944 preceptis
1655 1838 1713 1916 vel
1731 1857 1804 1916 sta-

373 1966 465 2044 tutis
488 1965 632 2044 ordinis
660 1967 804 2044 dictum
826 1975 1021 2072 peccatum
1045 1982 1306 2073 perpetrarent
1331 1966 1432 2044 inter
1449 1993 1528 2059 eos,
1548 1966 1608 2080 vel
1628 1967 1734 2074 quod
1749 1969 1802 2046 eis

375 2123 455 2174 esse
482 2096 628 2174 licitum
658 2097 859 2174 diceretur.
893 2096 1005 2185 Item,
1042 2096 1137 2173 dixit
1155 2123 1195 2174 se
1215 2095 1401 2174 audivisse
1425 2097 1499 2174 dici
1527 2125 1548 2174 a
1576 2095 1677 2175 dicto
1705 2127 1803 2177 rece

374 2243 483 2333 ptore
494 2255 581 2316 suo,
598 2227 638 2302 in
660 2226 880 2333 recepcione
897 2254 984 2317 sua,
1006 2227 1073 2333 qui
1091 2227 1260 2335 precepit
1272 2226 1307 2303 ei
1319 2226 1425 2335 quod
1444 2225 1647 2338 abnegaret
1656 2229 1799 2320 Deum,

374 2358 478 2464 quod
498 2374 653 2464 propter
670 2356 807 2434 dictam
827 2357 1123 2463 abnegationem
1144 2357 1231 2464 plus
1247 2358 1287 2435 in
1305 2356 1417 2435 bonis
1441 2357 1716 2466 temporalibus
1735 2359 1803 2438 ha-

374 2488 578 2580 bundaret,
608 2505 646 2565 et
671 2486 775 2565 idem
804 2486 887 2564 aliis
915 2486 1124 2565 dicebatur.
1139 2489 1253 2581 Item,
1276 2487 1370 2566 dixit
1384 2487 1490 2596 quod
1509 2489 1588 2595 ipse
1603 2488 1703 2568 bene
1722 2519 1798 2568 cre·

377 2618 491 2697 debat
511 2617 769 2696 ecclesiasticis
785 2619 1041 2710 sacramentis,
1072 2619 1139 2697 scd
1169 2619 1217 2696 de
1243 2617 1324 2696 aliis
1349 2619 1379 2696 si
1408 2620 1605 2698 crederent
1636 2620 1801 2728 ignorat3

373 2749 442 2826 sed
467 2748 693 2828 videbantur
711 2749 883 2840 credere,
915 2767 954 2828 et
980 2749 1097 2857 aliqui
1111 2750 1214 2857 plus,
1237 2767 1275 2828 et
1295 2749 1358 2827 alii
1379 2749 1518 2828 minus.
1537 2750 1670 2834 Credit
1682 2753 1800 2829 eciam

373 2881 479 2987 quod
494 2907 625 2960 eorum
647 2881 858 2962 sacerdotes
882 2880 1009 2959 debite
1031 2880 1281 2966 celebrarent,
1304 2897 1343 2957 et
1362 2879 1468 2987 quod
1483 2907 1618 2959 eorum
1639 2879 1801 2958 missalia

374 3029 499 3090 essent
519 3012 624 3104 talia,
646 3015 771 3121 qualia
786 3030 875 3092 sunt
895 3013 1063 3090 ecclesie.
1081 3014 1194 3106 Item,
1218 3010 1310 3090 dixit
1329 3039 1369 3088 se
1384 3009 1568 3088 audivisse
1589 3010 1663 3088 dici
1678 3010 1718 3087 in
1734 3037 1796 3087 or-

375 3142 464 3218 dine
492 3145 595 3250 quod
624 3173 781 3253 magnus
815 3143 992 3252 Magister
1024 3143 1187 3220 habebat
1212 3140 1453 3248 privilegium
1478 3143 1632 3245 aPapa,
1646 3157 1802 3245 propter

373 3274 479 3379 quod
500 3274 625 3352 'dabat
654 3274 912 3353 sacerdotibus
940 3271 1085 3350 ordinis
1112 3285 1335 3379 potestatem
1371 3266 1589 3346 absolvendi
1618 3265 1751 3344 fratres
1780 3295 1800 3343 a

374 3405 533 3510 peccatis
560 3433 711 3494 eorum,
738 3422 776 3483 et
804 3402 1084 3511 propterquod
1110 3403 1189 3508 ipse
1219 3400 1397 3509 Magister
1425 3415 1464 3476 et
1481 3397 1543 3476 alii
1562 3415 1800 3505 preceptores
1879 3449 1880 3454 =

372 3533 457 3612 laici
477 3535 718 3614 absolvebant
735 3534 868 3612 fratres
889 3535 936 3613 ab
958 3533 1232 3612 inobedientiis
1259 3559 1405 3610 eorum.
1425 3531 1539 3620 Item,
1560 3527 1654 3604 dixit
1675 3555 1715 3606 se
1739 3558 1802 3604 au·

374 3667 509 3746 divisse
531 3669 605 3745 dici
625 3667 844 3775 frequenter
873 3697 893 3745 a
918 3665 1049 3746 multis
1069 3663 1246 3742 fratribus
1269 3661 1431 3755 ordinis,
1461 3660 1509 3738 de
1536 3687 1701 3767 qnorum
1731 3686 1800 3738 no·

373 3797 540 3877 minibus
559 3826 637 3877 non
664 3799 895 3890 recordatur,
928 3797 1034 3904 quod
1057 3797 1181 3874 dictus
1211 3794 1325 3872 frater
1352 3791 1513 3870 Jacobus
1542 3791 1719 3898 Magister
1738 3819 1800 3869 or-

375 3929 495 4018 dinis,
517 3929 670 4036 quando
698 3927 903 4036 recipiebat
937 3928 1097 4033 aliquos,
1123 3924 1283 4003 faciebat
1303 3951 1343 4002 se
1373 3921 1533 4001 osculari
1561 3921 1608 3998 ab
1638 3920 1691 3999 eis
1722 3947 1799 3999 non

373 4059 498 4136 solum
516 4060 654 4150 inore,
674 4060 742 4137 sed
763 4059 880 4136 eciam
895 4059 936 4134 in
956 4055 1138 4135 umbilico
1154 4073 1192 4134 et
1206 4073 1309 4134 retro
1326 4055 1365 4131 in
1380 4054 1486 4162 spina
1506 4052 1609 4131 dorsi
1627 4051 1667 4128 in
1689 4079 1798 4128 carne

374 4189 487 4267 nuda.
517 4190 632 4281 Item,
661 4189 754 4267 dixit
786 4188 892 4296 quod
912 4187 1092 4296 jurabant
1116 4187 1292 4266 ordinem
1317 4212 1395 4263 non
1420 4183 1532 4262 exire.
1555 4181 1799 4260 Clandestine
1824 4247 1828 4256 ,

373 4320 661 4427 recipiebantur,
683 4320 802 4400 nullis
818 4320 1057 4426 presentibus
1081 4319 1153 4396 nisi
1172 4316 1352 4395 fratribus
1370 4315 1530 4404 ordinis,
1557 4341 1602 4392 ex
1623 4341 1701 4420 quo
1719 4341 1799 4390 cre-

374 4451 430 4528 dit
448 4452 554 4559 quod
568 4467 665 4528 esset
680 4449 843 4558 suspicio
859 4467 989 4527 contra
1014 4477 1090 4527 eos.
1114 4451 1271 4554 Propter
1293 4447 1532 4524 honestatem
1553 4444 1800 4552 cingebantur

372 4582 538 4659 cordulis
556 4610 671 4689 super
692 4608 810 4688 panos
834 4580 956 4658 lineos
974 4608 1061 4657 cum
1081 4577 1221 4688 quibus
1237 4577 1432 4686 jacebant,
1454 4592 1493 4653 et
1514 4574 1695 4683 jurabant
1722 4601 1799 4653 non

371 4712 534 4792 revelare
553 4729 703 4790 secreta
728 4711 1014 4818 capituliorum3
1042 4729 1080 4788 et
1115 4708 1182 4816 qui
1210 4707 1409 4786 revelasset
1439 4705 1572 4784 luisset
1605 4722 1801 4814 reputatus

371 4843 597 4924 inobediens
617 4861 655 4922 et
676 4843 1037 4931 excommunicatus,
1067 4858 1106 4919 et
1133 4838 1360 4946 perdidisset
1388 4835 1625 4916 mantellum.
1652 4833 1802 4915 Inhibe-
