4208 5886
693 539 889 634 procas
920 561 1017 635 ons
1047 563 1351 641 rnurmnns
1659 567 1733 644 aaa

310 711 348 774 et
362 695 485 775 dictus
503 698 635 776 Petrus
658 700 858 794 Marcelli,
872 701 1060 808 impositis
1078 707 1284 799 mantellis,
1299 707 1522 815 juraverunt
1538 735 1616 786 non
1630 738 1735 788 reve-

310 827 403 919 lare,
436 828 651 908 incarcerati
676 830 735 908 vel
762 831 852 910 alias
882 834 1044 940 graviter
1073 836 1196 943 puniti
1219 837 1396 926 hrissent,
1425 855 1470 916 ut
1489 839 1619 918 credit.
1640 839 1735 918 Abs-

310 986 386 1066 que
402 959 557 1038 licencia
576 989 653 1038 nou
669 979 845 1068 poterant
859 965 942 1042 aliis
956 994 1071 1072 quam
1092 968 1352 1047 sacerdotibus
1378 968 1523 1047 ordinis
1542 969 1740 1061 confiteri,-

309 1107 425 1196 prout
439 1091 580 1169 audivit
598 1091 685 1170 dici.
705 1093 853 1172 Fratres
876 1097 1036 1175 scientes
1058 1097 1180 1177 dictos
1201 1125 1347 1177 errores
1370 1097 1525 1177 fuerunt
1542 1099 1735 1207 negligen-

309 1236 383 1313 tes,
399 1222 580 1328 quianon
600 1242 843 1303 correxerunt
857 1253 922 1304 eos
937 1255 1007 1305 nec
1025 1228 1346 1306 denunciaverunt
1356 1227 1533 1308 Ecclesia.
1552 1228 1737 1308 Elemosi-

311 1369 452 1430 namet
467 1353 762 1460 hospitalitatem
783 1356 878 1434 vidit
896 1359 1163 1437 convenienter
1181 1359 1264 1437 fieri
1285 1376 1323 1437 et
1342 1360 1477 1438 servari
1497 1359 1537 1436 in
1557 1360 1736 1440 domibus

239 1495 246 1510 “
311 1481 455 1560 ordinis
478 1482 518 1560 in
541 1484 682 1590 quibus
707 1486 847 1564 exstitit
870 1507 1136 1566 commoratus.
1160 1489 1442 1596 Pracipiebatur
1470 1489 1523 1568 eis
1543 1491 1649 1596 quod
1669 1491 1736 1568 de-

173 1671 180 1682 .
310 1609 389 1689 bite
414 1613 653 1720 acquirerent
671 1615 814 1705 ordini,
837 1631 875 1694 et
897 1617 1040 1696 audivit
1059 1618 1133 1695 dici
1160 1619 1267 1725 quod
1286 1647 1419 1696 eorum
1442 1617 1615 1725 capitulis
1641 1620 1734 1710 clam

311 1741 550 1832 tenebantur,
581 1744 698 1823 nullis
718 1748 959 1852 presentibus
988 1749 1060 1826 nisi
1085 1747 1263 1826 fratribus
1283 1749 1439 1827 ordinis.
1464 1747 1646 1827 Ordinata
1667 1778 1737 1856 per

311 1871 531 1981 Magistrum
557 1902 644 1952 cum
669 1893 858 1954 conventu
878 1895 1057 1956 servasset
1080 1894 1183 1957 totus
1208 1879 1318 1969 ordo,
1351 1895 1481 1956 eontra
1507 1907 1624 1985 quem
1648 1907 1737 1986 pro-

311 2019 398 2108 pter
408 2004 576 2110 predicta
590 2033 693 2082 uunc
707 2005 862 2113 grandia
877 2007 1065 2098 scandala,
1085 2008 1247 2115 suspicio
1268 2025 1307 2086 et
1321 2007 1474 2086 infamia
1491 2025 1580 2086 sunt
1596 2027 1736 2086 exorta.

312 2129 445 2210 Credit
463 2134 569 2238 quod
588 2135 719 2211 illicita
744 2134 951 2214 confessata
969 2114 1039 2244 per
1067 2167 1156 2214 eum
1188 2155 1314 2215 esseut
1333 2155 1422 2214 nota
1438 2135 1616 2215 fratribus
1635 2138 1738 2216 ordi-

195 2323 201 2331 .
312 2259 389 2350 nis,
412 2277 451 2338 et
468 2261 574 2367 quod
596 2263 772 2371 Magister
793 2283 831 2342 et
855 2266 917 2343 alii
939 2269 1073 2346 eadem
1094 2268 1170 2344 sint
1189 2267 1360 2345 confessi.
1387 2267 1469 2344 Non
1489 2265 1681 2344 obtulerat
1698 2295 1738 2345 se

312 2389 361 2468 ad
379 2389 655 2470 deffensionem
675 2394 835 2484 ordinis,
855 2423 924 2473 nec
938 2396 1058 2474 luerat
1078 2397 1176 2474 ultra
1198 2423 1313 2472 mare.

368 2521 586 2628 Requisitus
621 2522 651 2598 si
678 2521 732 2599 sic
760 2523 987 2630 deposuerat
1020 2553 1147 2632 prece,
1182 2541 1377 2631 precepto,
1405 2523 1558 2614 timore,
1591 2554 1735 2616 amore,

313 2649 423 2740 odio,
451 2649 510 2728 vel
535 2651 736 2757 temporali
759 2653 921 2731 eomodo
949 2653 1079 2732 babitu
1110 2653 1168 2732 vel
1193 2654 1388 2743 babendo,
1414 2653 1611 2760 respondit
1633 2657 1738 2762 quod

313 2807 412 2870 non,
437 2781 506 2858 sed
529 2783 770 2888 proteritate
790 2783 967 2877 dicenda;
996 2784 1055 2862 eui
1077 2782 1149 2862 fuit
1167 2784 1381 2892 injunctum
1411 2784 1516 2890 quod
1535 2813 1614 2863 non
1636 2813 1740 2862 reve·

313 2916 409 2994 laret
425 2919 525 2995 hanc
554 2943 661 2995 suam
680 2916 982 3024 deposicionem,
1007 2945 1207 3024 quousque
1220 2917 1490 2996 attestaciones
1511 2914 1652 2992 fuerint
1671 2945 1742 3021 pu-

312 3045 461 3126 blieata.

369 3308 501 3385 Frater
525 3308 741 3415 Stephanus
765 3309 812 3386 de
836 3308 1000 3388 Cellario
1020 3309 1203 3400 serviens,
1225 3307 1544 3391 Claramontensis
1561 3310 1739 3398 diocesis,

313 3437 422 3514 testis
431 3465 544 3544 supra
560 3438 724 3549 jupatus,
746 3465 816 3518 xuv
845 3467 1032 3518 annorum
1052 3438 1112 3516 vel
1138 3440 1251 3530 circa,
1274 3440 1340 3546 qni
1367 3437 1591 3516 mantellum
1607 3441 1743 3517 volun-

314 3566 411 3644 tarie
445 3567 639 3645 dimiserat
662 3585 701 3645 et
724 3569 806 3646 radi
833 3567 974 3646 iecerat
997 3568 1068 3647 sibi
1092 3567 1267 3661 barbam,
1296 3597 1383 3646 cum
1411 3597 1489 3675 qno
1515 3568 1741 3674 inquisitum

316 3695 459 3788 fuerat,
481 3697 678 3777 absolutus
704 3715 743 3776 et
763 3699 1027 3777 reconciliatus
1053 3725 1122 3804 per
1148 3698 1347 3778 dominum
1371 3697 1590 3806 episcopum
1616 3698 1744 3777 Clara-

317 3844 575 3920 montensem,
603 3828 709 3906 lectis
734 3845 772 3905 et
797 3827 1002 3936 diligenter
1020 3827 1197 3933 expositis
1225 3826 1297 3906 sibi
1322 3827 1501 3905 omnibus
1526 3845 1564 3906 et
1582 3828 1742 3936 singulis

316 3957 501 4049 articulis,
528 3958 724 4065 respondit
747 3985 786 4037 se
812 3958 972 4048 nescire,
998 3986 1069 4036 uec
1092 3958 1267 4048 credere,
1287 3986 1357 4036 nee
1378 3957 1565 4036 audivisse
1590 3957 1664 4036 dici
1695 3959 1742 4036 de

316 4089 505 4167 contentis
528 4089 568 4165 iu
594 4088 647 4167 eis
671 4089 741 4166 nisi
768 4081 873 4195 quod
895 4089 1068 4195 sequitur
1089 4119 1099 4163 ι
1124 4086 1300 4165 videlicet
1322 4087 1429 4193 quod
1446 4087 1597 4165 volebat
1619 4117 1659 4166 se
1685 4106 1742 4166 te·
1768 4131 1777 4140 ·

317 4243 408 4295 nere
430 4218 472 4294 in
497 4217 733 4296 consessione
759 4245 828 4325 per
856 4245 946 4295 eum
972 4217 1067 4294 lacta
1096 4245 1222 4295 coram
1252 4215 1353 4296 dicto
1381 4217 1539 4296 domino
1566 4219 1741 4326 episcopo

316 4346 638 4439 claromontensi,
661 4364 699 4427 et
717 4348 823 4455 quod
843 4348 922 4455 ipse
942 4365 981 4428 et
995 4346 1126 4426 iratres
1145 4347 1360 4456 Stephanus
1380 4348 1428 4426 de
1447 4351 1546 4427 Boce
1562 4365 1601 4427 et
1616 4348 1743 4428 Guido

316 4475 449 4558 Moteti
484 4453 625 4557 milites
655 4478 704 4558 de
737 4477 934 4568 Arvernia,
971 4477 1139 4555 defuncti
1165 4479 1266 4556 ultra
1293 4507 1414 4570 mare,
1445 4478 1601 4556 luerunt
1627 4478 1742 4556 simul

305 4608 457 4715 'recepti
480 4607 520 4685 in
539 4609 702 4715 quadam
727 4607 852 4688 insula
877 4637 994 4717 prope
1015 4607 1235 4698 Massiliam,
1256 4609 1296 4685 in
1316 4607 1458 4715 capella
1482 4609 1620 4686 domus
1636 4609 1745 4688 Tem·

316 4737 368 4846 pli
399 4739 498 4817 dicte
522 4740 664 4834 insule,
690 4767 760 4847 per
783 4739 937 4818 fratrem
957 4739 1191 4818 Ganfredum
1216 4740 1265 4818 de
1287 4739 1453 4848 Viebeyo
1477 4739 1597 4817 milite
1617 4767 1743 4846 quon-

318 4870 423 4961 dam,
445 4889 534 4949 sunt
547 4871 697 4950 circiter
714 4897 802 4949 xxru
825 4871 931 4962 anni,
954 4869 1194 4978 presentibus
1217 4869 1396 4948 hatribns
1415 4871 1526 4948 Petro
1551 4870 1599 4948 de
1612 4867 1743 4946 Brolio

1545 5007 1596 5068 31.
