4242 5890
365 533 438 606 aas
749 513 946 606 eaocts
969 533 1067 606 nus
1096 509 1395 608 reuertens.

362 689 401 752 et
422 675 502 780 ipse
522 673 587 780 qui
606 672 775 778 quuitur
798 674 892 751 dixit
909 675 1014 780 quod
1033 674 1103 764 sic;
1129 692 1167 752 et
1187 693 1277 752 tunc
1300 674 1491 783 predictus
1512 671 1697 780 recipIens
1712 675 1782 758 sibi

361 804 454 882 dixit
468 804 573 910 quod
582 802 777 909 oportebat
792 803 898 910 quod
914 803 1113 910 abnegaret
1128 833 1216 882 eum
1233 806 1339 913 cujus
1352 831 1486 914 ymago
1503 821 1580 882 erat
1593 804 1648 884 ibi
1660 823 1730 896 ter,
1746 825 1784 886 et

360 950 417 1011 ter
429 951 580 1040 spueret
596 961 707 1040 supra
720 960 868 1010 crucem
887 950 924 1010 et
936 933 1147 1042 ymaginem
1165 933 1334 1024 easdem,
1351 952 1389 1012 et
1407 935 1574 1042 precepit
1592 934 1663 1012 sibi
1679 938 1783 1043 quod

360 1064 433 1142 boc
450 1064 604 1152 facerem
626 1079 663 1140 et
682 1079 770 1140 tunc
790 1063 868 1168 ipse
888 1063 952 1170 qui
980 1062 1148 1169 quuitur
1167 1067 1313 1170 negavit
1330 1082 1399 1154 ter,
1425 1081 1463 1142 et
1480 1080 1538 1142 ter
1552 1065 1655 1172 spuit
1672 1094 1784 1172 supra

359 1221 508 1273 crucem
533 1209 572 1272 et
588 1193 801 1299 ymaginem
824 1192 1025 1298 predictas,
1045 1209 1082 1268 et
1102 1191 1174 1270 bec
1195 1192 1284 1271 secit
1307 1221 1391 1286 ore,
1412 1194 1573 1272 sednon
1589 1195 1719 1284 corde,
1740 1213 1782 1273 ut

358 1323 462 1402 dixit.
483 1327 577 1401 Item
597 1322 690 1429 dixit
707 1349 774 1428 per
792 1321 1049 1428 juramentum
1065 1350 1195 1411 suum,
1216 1324 1323 1430 quod
1341 1322 1530 1402 osculatus
1550 1323 1621 1402 fuit
1638 1325 1781 1405 dictum

357 1455 599 1560 recipientem
624 1453 662 1528 in
683 1450 864 1532 umbilico
889 1453 991 1530 etin
1007 1479 1093 1542 ore,
1114 1469 1151 1530 et
1169 1481 1245 1532 non
1269 1453 1373 1546 aIibi;
1396 1471 1434 1534 et
1457 1455 1625 1561 precepit
1648 1457 1719 1536 sibi
1745 1473 1781 1534 et

357 1583 449 1660 dixit
465 1583 587 1660 dictus
603 1582 788 1688 recipiens
802 1583 905 1690 quod
921 1583 952 1660 si
971 1581 1070 1661 calor
1084 1581 1260 1660 naturalis
1275 1600 1441 1663 moveret
1460 1613 1565 1674 eum,
1582 1587 1687 1692 quod
1702 1587 1778 1691 ipse

356 1716 549 1792 accederet
563 1714 611 1791 ad
624 1713 754 1791 Iratres
772 1741 876 1801 suos,
894 1729 932 1790 et
950 1713 1106 1792 haberet
1117 1741 1197 1792 rem
1215 1743 1301 1793 cum
1321 1716 1394 1808 eis,
1411 1714 1478 1794 sed
1492 1716 1571 1823 ipse
1584 1745 1778 1824 nunquam

356 1843 459 1934 fecit,
478 1862 523 1921 ut
538 1843 641 1923 dixit.

410 1976 503 2052 Item
528 1973 729 2081 requisitus
744 2001 813 2079 per
826 1974 1102 2081 juramentum,
1119 1991 1249 2052 utrum
1268 1975 1319 2062 vi,
1341 1974 1400 2052 vel
1418 1991 1524 2053 metu
1543 1977 1700 2054 carceris
1714 1993 1779 2054 aut

354 2120 644 2194 tormentorum,
668 2103 802 2180 dixerit
824 2103 927 2183 aliud
953 2133 1066 2211 quam
1085 2105 1294 2194 veritatem,
1321 2105 1414 2183 dixit
1434 2134 1502 2211 per
1519 2108 1776 2214 juramentum

354 2261 464 2312 suurn
485 2233 590 2342 quod
608 2260 701 2325 non,
728 2251 765 2311 et
783 2234 889 2340 quod
910 2261 1045 2340 puram
1074 2235 1266 2312 veritatem
1290 2234 1383 2312 dixit
1408 2263 1477 2340 pro
1507 2235 1627 2316 saIute
1652 2237 1775 2315 anime

354 2393 433 2441 sue.

407 2629 501 2705 Item
527 2656 642 2716 anno,
670 2628 875 2722 indicione,
901 2627 1139 2734 pontificatu,
1165 2656 1265 2705 anno
1293 2647 1331 2706 et
1356 2627 1418 2705 die
1443 2629 1637 2734 predictis,
1664 2627 1776 2707 frater

350 2758 539 2837 Iohannes
554 2759 601 2834 de
622 2757 863 2836 Amblanvilla
880 2775 1077 2865 preceptor
1092 2759 1139 2837 de
1158 2757 1341 2847 Puteolis,
1365 2759 1706 2866 quinquagenarius
1720 2761 1775 2838 vel

351 2886 463 2978 circa,
496 2889 631 2966 eodem
659 2887 774 2967 modo
798 2889 1035 2979 constitutus,
1057 2889 1205 2997 juratus
1233 2905 1271 2968 et
1299 2889 1564 2998 interrogatus,
1592 2889 1684 2968 dixit
1708 2919 1775 2996 per

345 3018 602 3126 juramentum
630 3047 741 3098 suum
769 3019 873 3126 quod
895 3018 995 3096 bene
1015 3037 1105 3097 sunt
1126 3037 1200 3098 tres
1223 3019 1309 3096 anni
1333 3019 1392 3096 vel
1417 3020 1512 3096 circa
1537 3019 1651 3127 elapsi
1671 3021 1775 3128 quod

350 3147 422 3225 fuit
438 3167 612 3256 receptus
627 3139 665 3226 in
681 3151 831 3257 grangia
854 3150 901 3228 de
922 3150 1142 3238 Messelent,
1162 3150 1396 3259 perfratrem
1416 3152 1616 3256 Hugonem
1640 3150 1687 3228 de
1706 3153 1774 3228 Pa-

349 3278 468 3356 raudo
492 3279 720 3358 visitatorem
744 3279 914 3369 Francie,
945 3280 1181 3386 presentibus
1211 3279 1323 3358 fratre
1350 3280 1521 3358 Jobanne
1553 3297 1771 3388 preceptore

349 3409 397 3486 de
417 3409 570 3486 Yvriaco
590 3409 630 3486 in
650 3409 927 3517 Weuquesino,
951 3425 989 3486 et
1007 3408 1119 3487 fratre
1133 3411 1243 3488 Petro
1265 3426 1433 3488 morante
1449 3409 1551 3516 apud
1563 3411 1695 3488 Barne.

347 3531 349 3538 ¹
402 3540 497 3617 Item
523 3539 616 3617 dixit
643 3569 712 3648 per
725 3541 982 3648 juramentum
1011 3540 1115 3646 quod
1140 3540 1331 3647 predictus
1360 3540 1545 3647 recipiens
1573 3539 1662 3618 Ieoit
1685 3569 1772 3620 eum

341 3669 468 3774 jurare
488 3698 631 3748 servare
652 3687 787 3748 statuta
803 3687 841 3748 et
855 3687 995 3748 secreta
1010 3669 1171 3759 ordinis,
1190 3687 1229 3748 et
1247 3671 1375 3776 posuit
1393 3669 1464 3749 sibi
1486 3669 1707 3748 mantellum
1724 3672 1772 3750 ad

346 3799 501 3890 coIIum,
522 3817 560 3878 et
575 3819 703 3906 postea
718 3817 866 3879 ostensa
881 3799 952 3879 sibi
968 3828 1077 3878 cruce
1094 3829 1181 3878 cum
1203 3797 1324 3909 effigie
1339 3801 1456 3879 Jbesu
1470 3801 1609 3880 Christi
1624 3800 1663 3876 in
1679 3829 1771 3908 quo·

347 3929 433 4008 dam
452 3931 609 4020 missali,
630 3933 813 4038 recipiens
829 3931 990 4037 quesivit
1009 3930 1055 4008 ab
1079 3959 1124 4008 eo
1147 3931 1177 4008 si
1199 3909 1376 4008 credebat
1393 3931 1498 4036 quod
1519 3949 1617 4010 esset
1635 3931 1769 4010 Jhesus

346 4058 517 4137 Christus
546 4062 653 4167 cujus
671 4089 805 4168 ymago
826 4076 904 4136 erat
923 4058 998 4148 ibi,
1020 4061 1153 4166 etipse
1172 4061 1237 4168 qui
1260 4060 1431 4166 quuitur
1449 4060 1645 4167 respondit
1664 4060 1769 4167 quod

346 4187 415 4279 sic;
433 4206 471 4266 et
485 4206 577 4267 tunc
598 4190 701 4268 idem
717 4189 900 4296 recipiens
918 4189 1087 4297 precepit
1106 4190 1177 4267 sibi
1197 4190 1303 4298 quod
1315 4191 1516 4298 abnegaret
1529 4208 1588 4268 ter
1604 4217 1710 4278 eum,
1731 4207 1770 4268 et

344 4334 402 4395 ter
428 4336 579 4425 spueret
598 4348 708 4426 supra
733 4347 880 4398 crucem
908 4336 946 4397 et
966 4319 1177 4427 ymaginem
1197 4321 1399 4426 predictas,
1422 4339 1461 4400 et
1485 4338 1576 4398 tunc
1598 4321 1677 4426 ipse
1702 4320 1766 4427 qui

345 4435 513 4555 quuitur
531 4451 678 4559 negavit
692 4433 779 4528 eum
790 4469 849 4528 ter
868 4479 945 4544 ore,
968 4451 1036 4528 sed
1054 4477 1130 4531 non
1146 4452 1275 4540 corde,
1294 4469 1336 4529 ut
1353 4451 1460 4539 dixit,
1479 4468 1516 4529 et
1534 4448 1640 4530 finxit
1655 4467 1714 4526 ter
1728 4478 1767 4528 se

343 4607 476 4685 spuere
494 4609 603 4687 supra
623 4611 772 4660 crucem
788 4599 826 4660 et
838 4582 1049 4690 ymaginem
1064 4580 1264 4686 predictas,
1285 4581 1353 4660 sed
1369 4583 1470 4689 spuit
1489 4582 1537 4660 ad
1555 4599 1709 4670 terram,
1725 4597 1767 4658 ut

343 4709 447 4788 dixit.

396 4842 491 4920 Item
511 4842 604 4919 dixit
621 4843 741 4949 quod,
765 4844 812 4922 de
825 4860 1001 4950 precepto
1020 4843 1250 4950 recipientis,
1268 4842 1348 4950 ipse
1360 4843 1545 4922 osculatus
1554 4841 1628 4919 fuit
1640 4843 1765 4948 ipsum
