4210 5882
409 554 483 626 see
802 526 999 621 enonas
1026 545 1122 618 ons
1148 544 1447 618 rennuens.

407 693 536 771 fratres
555 690 650 768 vidit
670 689 786 794 recipi
807 689 847 766 in
868 688 968 767 dioto
996 687 1128 766 ordine
1158 713 1227 792 per
1251 687 1365 765 istum
1390 685 1562 764 modum.
1588 687 1840 794 Interrogatus

406 841 533 902 utrum
548 824 599 914 vi,
616 839 681 899 aut
694 838 798 898 metu
813 820 971 897 carceris
985 847 1053 896 seu
1065 835 1357 908 tormentorum,
1377 835 1443 895 aut
1455 817 1526 896 alia
1538 845 1778 927 quacumque
1792 818 1838 896 de

407 983 530 1043 causa,
549 954 712 1061 aliquam
725 951 922 1030 salsitatem
938 951 1198 1043 immiscuerit,
1214 968 1278 1027 aut
1292 950 1486 1028 veritatem
1499 950 1658 1028 tacuerit
1668 950 1708 1027 in
1725 950 1840 1056 depo-

406 1086 548 1164 sicione
563 1115 645 1174 sua,
659 1084 752 1162 dixit
766 1113 834 1190 per
842 1085 1101 1190 juramentum
1120 1110 1233 1160 suum
1242 1082 1348 1188 quod
1355 1109 1433 1160 non
1444 1117 1453 1174 ς
1466 1082 1582 1159 immo
1593 1109 1725 1188 puram
1738 1081 1840 1158 dixe-

406 1235 464 1294 rat
482 1218 689 1294 veritatem.

462 1482 556 1578 Item
573 1478 687 1555 irater
706 1478 909 1556 Gauhidus
926 1479 974 1554 de
995 1476 1192 1580 Gonaviila
1215 1476 1340 1565 miles,
1362 1495 1561 1583 preceptor
1580 1475 1778 1581 Aquitania
1803 1496 1838 1554 et

407 1611 579 1696 pictavie,
603 1610 737 1688 eodem
753 1610 874 1686 modo
884 1609 1125 1699 constitutus,
1143 1609 1292 1715 juratus
1316 1625 1354 1685 et
1374 1609 1637 1714 interrogatus,
1661 1607 1756 1685 dixit
1772 1637 1838 1714 per

401 1743 662 1848 juramentum
682 1767 793 1817 suurn
809 1739 913 1845 quod
931 1739 1002 1815 fuit
1016 1755 1188 1845 receptus
1204 1739 1242 1816 in
1259 1738 1407 1845 Anglia,
1431 1739 1639 1826 Londonis,
1663 1740 1701 1814 in
1723 1739 1836 1816 domo

406 1871 572 1978 Templi,
589 1899 658 1977 per
671 1869 823 1946 fratrem
836 1870 1044 1951 Robertum
1065 1869 1112 1946 de
1130 1869 1335 1946 Torteville
1358 1869 1533 1959 militem,
1552 1871 1771 1976 magistrum
1781 1887 1838 1946 to-

408 2000 1010 2108 eiusAnglie‚xxv1nannisunt
1035 1999 1167 2106 elapsi,
1192 2001 1433 2105 presentibus
1461 1999 1574 2078 fratre
1602 2002 1764 2078 Henrico
1789 2002 1836 2076 de

407 2131 612 2208 Torteville
634 2148 670 2208 et
684 2132 911 2237 quibusdam
928 2130 1009 2208 aliis
1021 2131 1068 2208 de
1084 2158 1247 2236 quorum
1260 2130 1479 2208 nominibus
1491 2159 1567 2210 non
1580 2131 1726 2208 recolit.
1737 2131 1837 2209 Dixit

407 2266 523 2340 eciam
550 2292 619 2369 per
636 2265 891 2369 juramentum
911 2271 1023 2338 suum
1043 2263 1149 2368 quod
1170 2261 1294 2338 dictus
1314 2261 1499 2367 recipiens
1514 2261 1603 2340 fecit
1622 2263 1694 2340 sibi
1709 2264 1836 2370 jurare

407 2422 551 2472 servare
572 2410 708 2472 statuta
728 2411 765 2471 et
780 2392 898 2470 bonas
917 2393 1214 2470 consuetudines
1234 2392 1324 2470 dicti
1349 2393 1579 2498 ordinisque
1598 2409 1637 2468 et
1651 2421 1744 2499 quas
1758 2421 1837 2470 ver-

406 2527 567 2602 botenus
586 2525 786 2614 enarravit3
804 2541 842 2600 et
853 2541 982 2629 postea
996 2522 1176 2600 mantello
1190 2522 1260 2598 sibi
1274 2523 1398 2628 posito
1411 2523 1459 2600 ad
1473 2522 1632 2613 collum,
1655 2523 1836 2628 recipiens

406 2655 573 2733 ostendit
583 2655 654 2732 sibi
666 2656 705 2730 in
720 2653 885 2760 quodam
898 2654 1036 2732 missali
1055 2653 1256 2759 quamdam
1272 2681 1422 2736 crucem
1438 2683 1524 2731 eum
1536 2654 1710 2762 ymagine
1722 2654 1835 2731 Jhesu

405 2786 560 2877 Christi,
585 2804 621 2862 et
640 2785 807 2892 precepit
827 2782 897 2860 sibi
918 2785 1023 2890 quod
1043 2783 1244 2891 abnegaret
1258 2783 1452 2863 Christum
1471 2787 1536 2891 qui
1556 2785 1782 2890 fuitpositus
1796 2785 1835 2860 iu

408 2944 537 3004 cruce,
563 2916 699 3021 etipse
723 2931 827 2992 totus
845 2915 998 2991 territus
1022 2913 1148 2991 noluit
1165 2914 1302 3002 facere,
1330 2933 1368 2992 et
1395 2915 1517 2991 dixit:
1537 2919 1641 3004 «Ha,
1664 2915 1830 3000 domine,

408 3073 522 3152 quere
538 3045 721 3124 facerem?
741 3048 819 3151 Ego
831 3046 904 3122 boc
916 3044 1023 3124 nullo
1037 3045 1152 3122 modo
1165 3045 1338 3122 iacerem.
1356 3083 1368 3112 ν
1385 3047 1432 3124 Et
1445 3064 1537 3123 teme
1551 3047 1630 3152 ipse
1641 3045 1733 3124 dixit
1742 3045 1811 3122 sibi
1825 3075 1832 3118 :

406 3178 514 3254 «Hoc
527 3175 639 3254 facias
651 3176 842 3266 audacter3
870 3205 939 3283 ego
946 3175 1035 3282 juro
1051 3174 1119 3252 tibi
1130 3175 1170 3251 in
1190 3176 1359 3280 periculo
1378 3177 1499 3254 anime
1516 3206 1601 3254 mee
1619 3178 1724 3283 quod
1740 3203 1834 3252 nun-

405 3336 519 3414 quam
547 3307 796 3416 prejudicabit
813 3307 882 3384 tibi
910 3324 1094 3414 quantum
1120 3307 1167 3382 ad
1189 3307 1352 3384 animam
1373 3325 1411 3382 et
1435 3308 1721 3398 conscienciam
1750 3305 1833 3414 quia

405 3440 542 3516 modus
563 3454 619 3515 est
635 3439 776 3516 ordinis
796 3437 929 3526 nostri,
949 3438 1015 3544 qui
1032 3438 1102 3513 suit
1121 3437 1362 3516 introductus
1383 3467 1424 3515 ex
1445 3439 1693 3543 promissione
1714 3438 1835 3544 eujus-

406 3570 492 3646 dam
512 3569 600 3645 mali
621 3570 786 3676 Magistri
804 3571 870 3674 qui
892 3586 972 3645 erat
986 3568 1025 3644 in
1042 3597 1187 3646 carcere
1204 3569 1398 3674 cujusdam
1413 3568 1576 3658 soldani,
1594 3588 1632 3645 et
1647 3585 1834 3674 nonpote·

406 3717 462 3777 rat
491 3699 648 3776 evadere
672 3701 746 3776 nisi
764 3701 912 3805 juraret
929 3699 1035 3806 quod
1064 3700 1100 3776 si
1117 3701 1308 3790 evaderet,
1340 3701 1419 3806 ipse
1445 3699 1702 3778 introduceret
1721 3700 1832 3776 istum

408 3831 567 3908 modum
581 3832 620 3908 in
635 3831 769 3909 ordine
784 3847 930 3920 nostro,
946 3831 1052 3937 quod
1068 3859 1200 3908 omnes
1215 3831 1281 3936 qui
1294 3831 1554 3936 reciperentur
1571 3831 1619 3908 de
1633 3847 1758 3907 cetero
1775 3827 1834 3906 ab

406 3981 586 4067 negarent
602 3965 732 4054 Jesum
749 3962 960 4050 Christum,
980 3979 1018 4038 et
1038 3964 1087 4038 ita
1105 3961 1175 4038 fuit
1189 3962 1426 4039 observatum
1447 3990 1612 4068 semper,
1630 3980 1667 4039 et
1684 3977 1834 4068 propter

408 4094 479 4169 hoc
493 4109 601 4196 potes
616 4091 857 4169 benefacere.
876 4093 947 4168 »Et
961 4109 1053 4169 tune
1072 4092 1138 4168 ille
1155 4094 1220 4198 qui
1236 4093 1543 4198 loquiturnoluit
1556 4093 1698 4182 facerer
1718 4093 1831 4168 immo
1858 4129 1862 4139 ·

407 4222 647 4310 contradixit,
665 4239 703 4299 et
713 4223 845 4328 petivit
861 4221 925 4300 ubi
947 4238 1025 4300 erat
1040 4224 1242 4301 avunculus
1258 4253 1347 4301 suus
1360 4241 1398 4301 et
1413 4224 1483 4301 alie
1498 4225 1600 4302 bone
1613 4240 1742 4332 gentes
1761 4251 1832 4329 que
1905 4237 1907 4240 ’

406 4353 529 4457 ipsum
548 4353 777 4430 adduxerant
796 4353 904 4445 illum
925 4371 962 4430 et
981 4373 1072 4432 tunc
1093 4355 1277 4461 recipiens
1299 4356 1392 4431 dixit
1411 4357 1505 4434 sibi:
1525 4393 1537 4426 ι
1569 4341 1829 4440 Recessertmt,

407 4499 445 4558 et
475 4501 624 4588 oportet
646 4485 753 4591 quod
781 4482 892 4562 facias
921 4485 991 4562 boc
1016 4486 1120 4592 quod
1148 4486 1216 4562 tibi
1245 4485 1453 4592 precipias
1485 4487 1531 4564 Et
1557 4486 1681 4562 noluit
1710 4485 1833 4562 adhuc

405 4611 538 4692 faeere.
558 4617 667 4692 Tunc
682 4617 809 4694 videns
829 4616 1014 4720 recipiens
1030 4617 1282 4708 resistanciam
1294 4645 1401 4694 suam
1418 4617 1511 4694 dixit
1525 4617 1598 4695 sibi
1614 4648 1622 4693 ε
1639 4655 1651 4686 ι
1666 4617 1704 4694 Si
1721 4615 1832 4693 velles
1930 4639 1932 4642 ·

405 4746 520 4822 michi
530 4746 659 4853 jurare
675 4745 724 4822 ad
745 4763 867 4824 sancta
884 4747 954 4824 Dei
973 4747 1169 4856 Evangelia
1188 4749 1295 4855 qued
1310 4749 1487 4826 omnibus
1498 4747 1675 4826 fratribus
1688 4746 1831 4826 ordinis

405 4877 469 4982 qui
490 4877 562 4956 hoc
581 4894 753 4984 peterent
772 4907 791 4954 a
811 4893 848 4954 te
870 4877 1015 4956 diceres
1035 4879 1141 4992 quod
1160 4878 1314 4986 illaque
1331 4880 1498 4986 precipio
1518 4880 1586 4958 tihi
1602 4879 1737 4967 fecisti,
1761 4907 1830 4985 ego
1881 4857 1886 4864 ⁴
