4210 5882
669 539 863 632 esocis
889 557 986 631 nus
1011 557 1314 632 rsurmuus.
1631 562 1705 636 uro

281 693 579 804 Rougemaaille,
609 713 647 776 ot
673 697 898 805 quibusdam
921 698 1004 776 aliis
1030 699 1078 776 de
1108 727 1272 807 quorum
1299 698 1522 782 nominibus
1545 729 1621 781 uon
1646 731 1707 782 re-

280 825 380 906 colit.
400 825 504 904 Dixit
522 829 640 906 eciam
659 855 726 936 per
740 830 997 937 juramentum
1015 856 1126 910 suurn
1140 832 1262 940 quod,
1279 847 1365 938 post
1387 831 1526 912 multas
1545 836 1707 940 promis·

279 959 405 1036 siooes
429 957 738 1040 deobsersandis
756 963 903 1040 statutis
922 980 961 1040 et
988 963 1141 1043 meus
1163 962 1253 1042 dicti
1277 961 1421 1040 ordinis
1443 962 1490 1042 ab
1511 991 1557 1043 eo
1575 963 1703 1056 factas,
1739 994 1744 1003 ’

216 1127 221 1140 ·
280 1087 402 1168 dictus
423 1089 607 1196 recipiens
630 1095 798 1200 precepit
815 1068 893 1172 sibi
910 1094 1015 1200 quod
1037 1094 1268 1174 oscularetur
1291 1121 1379 1172 eum
1401 1111 1502 1172 retro
1522 1094 1562 1172 in
1579 1097 1704 1175 umbi-

278 1216 351 1296 lioo
368 1237 405 1296 et
419 1221 457 1298 in
475 1247 557 1310 cre,
577 1239 616 1300 et
631 1223 711 1330 ipse
725 1223 830 1302 finxit
844 1225 953 1332 quod·
967 1224 1199 1304 oscularetur
1215 1249 1434 1332 eum'supra
1449 1241 1571 1303 vestes
1590 1244 1701 1316 retro,

236 1353 246 1360 “
281 1365 319 1426 et
336 1350 375 1426 iu
394 1350 592 1442 umbilico,
609 1370 648 1430 et
668 1371 797 1460 postea
811 1354 1001 1435 osculatus
1024 1354 1099 1434 luit
1115 1381 1204 1434 eum
1222 1357 1262 1432 in
1283 1383 1363 1434 ore.

334 1479 429 1560 Item
450 1481 543 1558 dixit
560 1509 629 1588 per
647 1485 901 1592 jurameutum
924 1513 1036 1564 suum
1063 1485 1169 1593 quod
1188 1485 1310 1564 dictus
1335 1486 1519 1592 recipiens
1539 1487 1705 1564 ostendit

279 1609 350 1688 sibi
380 1639 529 1690 crucem
554 1615 739 1704 martelli,
765 1615 983 1723 etprecepit
1002 1614 1074 1692 sibi
1096 1615 1202 1722 quod
1227 1633 1381 1723 spueret
1402 1642 1512 1723 supra
1530 1643 1702 1708 crucem3

279 1743 382 1847 quod
407 1741 509 1833 lecit,
532 1762 571 1821 et
596 1762 727 1851 postea
745 1746 909 1824 ostendit
936 1746 1008 1823 sibi
1033 1773 1180 1824 crucem
1202 1745 1242 1822 in
1267 1743 1434 1853 quodam
1456 1745 1593 1824 missali
1618 1775 1703 1824 cum

277 1874 447 1979 ymagine
459 1873 576 1952 Jhesu
593 1876 751 1965 Christi,
781 1895 819 1954 et
833 1877 1003 1983 precepit
1025 1874 1098 1954 sibi
1117 1877 1222 1982 quod
1235 1874 1438 1983 abnegaret
1455 1875 1579 1954 Deum
1597 1879 1703 1985 cujus

277 2028 412 2109 ymago
428 2021 509 2084 erat
526 2005 595 2093 ibi,
617 2022 655 2082 st
674 2005 762 2084 lioet
778 2008 1014 2084 renuissetet
1031 2006 1155 2094 fleret,
1176 2023 1303 2087 tumen
1318 2004 1483 2084 finaliter
1498 2003 1588 2084 lecit
1605 2035 1705 2085 oom-

277 2134 420 2237 pulsus.
441 2135 541 2216 Dixit
556 2135 671 2214 eciam
687 2166 759 2245 per
776 2137 1028 2245 jurameutum
1047 2163 1174 2226 suum,
1196 2135 1301 2243 quod
1317 2135 1436 2214 credit
1451 2137 1557 2243 quod
1573 2165 1710 2220 omnes.

278 2263 342 2341 alii
362 2263 494 2344 iratres
510 2267 562 2344 ita
580 2267 817 2375 recipiantur,
840 2269 908 2346 sed
928 2296 1005 2348 non
1025 2267 1094 2346 scit
1109 2268 1314 2346 mritatem.

336 2397 587 2505 Interrogatus
599 2415 727 2476 utrum
742 2400 794 2487 vi,
809 2397 867 2476 vel
878 2417 982 2479 metu
997 2398 1154 2476 carceris
1168 2425 1236 2476 ssu
1248 2414 1541 2485 tormentorum,
1553 2416 1618 2474 aut
1630 2397 1702 2473 alia

281 2526 327 2600 de
349 2553 472 2613 causa,
495 2527 658 2634 aliquam
680 2529 815 2607 dixerit
841 2529 1037 2607 sulsitatem
1056 2529 1114 2607 vel
1133 2527 1379 2606 immiscuerit
1402 2529 1442 2604 in
1462 2527 1701 2633 deposicione

279 2685 362 2746 sua,
385 2657 477 2734 dixit
497 2685 564 2763 per
577 2659 833 2767 juramentum
850 2688 960 2736 suum
972 2659 1079 2766 quod
1098 2686 1195 2748 non;
1217 2657 1333 2736 immo
1353 2655 1447 2736 dixit
1460 2685 1593 2766 puram
1613 2659 1702 2734 reri-

278 2804 406 2864 tatem.
435 2787 525 2866 Acta
549 2807 636 2867 sunt
664 2791 734 2868 hec
762 2816 881 2880 anno,
911 2789 1117 2878 iudicione,
1141 2815 1287 2880 mense,
1314 2789 1392 2880 die,
1417 2788 1636 2896 pontificatu
1666 2805 1703 2863 et

278 2917 361 2996 loco
375 2919 568 3028 predictis,
582 2921 818 3027 presentibus
832 2920 1018 3030 religiosis
1032 2937 1071 2999 et
1080 2921 1247 3000 honestis
1261 2920 1349 2999 viris
1364 2918 1540 2999 fratribus
1555 2918 1704 2998 Gaude·

278 3047 387 3128 fredo
412 3049 629 3140 Leodiensi,
655 3051 827 3130 lohanne
853 3053 1028 3159 Bergensi
1059 3051 1202 3129 ordinis
1225 3050 1523 3139 Prcdicatorum,
1551 3051 1590 3126 in
1616 3077 1704 3127 con-

280 3198 392 3258 ventu
413 3182 609 3260 Parisiensi
627 3183 880 3274 studentibus,
904 3201 942 3262 et
961 3182 1132 3290 pluribus
1153 3183 1234 3266 aliis
1246 3183 1405 3260 testibus
1421 3183 1470 3259 ad
1482 3182 1553 3258 hec
1566 3183 1703 3258 vocatis

280 3311 490 3415 specialiter
513 3329 551 3391 et
571 3313 719 3420 rogatis.

335 3575 383 3650 Et
396 3600 466 3680 ego
476 3575 637 3652 Amisius
648 3575 695 3652 de
709 3574 908 3660 Aureliano
919 3573 1040 3654 dicun
1053 3575 1088 3654 le
1099 3573 1207 3664 llatil',
1225 3573 1380 3652 clericus
1392 3590 1621 3656 sacrosancte
1633 3573 1705 3650 llo·

278 3731 388 3780 mane
399 3703 561 3782 Ecclesie
574 3705 791 3782 auctoritate
805 3704 972 3784 notarius
986 3704 1178 3812 publicus,
1195 3703 1385 3812 premissis
1400 3700 1704 3781 confessionibus

280 3851 318 3910 et
341 3833 518 3912 omnibus
543 3835 624 3912 aliis
643 3851 682 3912 et
708 3835 880 3942 singulis,
906 3853 1018 3943 prout
1043 3834 1082 3912 in
1109 3836 1178 3913 hac
1209 3851 1250 3912 et
1270 3832 1561 3942 precedentibus
1586 3832 1703 3940 peciis

280 3963 392 4040 simul
410 3965 504 4042 sutis
524 3982 562 4042 et
579 3967 686 4074 signo
702 3993 787 4044 meo
808 3966 957 4074 signatis
975 3965 1125 4073 plenius
1145 3965 1394 4056 continentur,
1408 3991 1485 4044 una
1498 3991 1585 4042 cum
1598 3963 1703 4040 testi-

279 4093 351 4175 bus
378 4112 416 4172 et
440 4095 598 4202 publicis
622 4096 775 4174 notariis
798 4123 910 4203 supra
934 4114 973 4174 et
996 4095 1237 4203 infrascriptis
1261 4121 1415 4202 presens
1441 4091 1611 4181 interfui,
1641 4122 1701 4180 ac,

281 4224 329 4301 de
349 4226 522 4303 mandato
541 4226 774 4332 inquisitoris
787 4244 826 4303 et
842 4227 1181 4305 commissariorum
1200 4226 1559 4336 suprascriptorum,
1574 4223 1614 4302 in
1634 4224 1702 4301 hac

217 4356 221 4364 ’
282 4373 319 4432 et
344 4354 425 4434 aliis
449 4356 737 4463 precedentibus
762 4357 1020 4443 instrumentis
1044 4385 1107 4434 me
1140 4355 1341 4464 subscripsi
1373 4355 1414 4436 in
1441 4353 1702 4439 testimonium

205 4573 208 4580 Δ
282 4486 566 4590 premissorum,
587 4513 705 4593 eaque
724 4487 830 4592 signo
846 4513 932 4564 meo
952 4487 1064 4564 solito
1078 4486 1215 4594 signavi
1236 4499 1400 4593 rogatus,

337 4747 383 4823 Et
407 4774 476 4856 ego
492 4746 652 4826 lacobus
676 4748 724 4824 de
745 4747 894 4826 Virtuto
918 4746 1074 4826 clericus
1096 4745 1404 4825 Cathalaunensis
1430 4745 1604 4836 dlocesis,
1633 4773 1704 4854 pu-

281 4875 401 4955 blicus
426 4877 608 4984 imperiali
635 4879 853 4974 auctoritate
873 4877 1058 4972 notarius,
1081 4877 1274 4985 premissis
1293 4875 1469 4966 omnibus
1489 4892 1529 4954 et
1549 4874 1704 4982 singulis

1506 5020 1555 5088 53.
