4208 5886
680 547 875 638 raeces
907 561 1004 634 nes
1033 561 1337 636 runrurens.
1644 563 1718 634 ese

293 713 390 792 circa
408 711 551 787 instans
567 704 704 784 festum
726 705 927 784 nativitatis
944 703 1045 780 beati
1064 701 1248 780 lobannis
1266 703 1428 807 baptiste
1449 718 1555 778 erant
1574 702 1720 779 circiter

293 869 362 921 xxv
390 841 497 930 anni,
521 836 760 946 presentibus
785 834 962 913 fratribus
987 835 1099 912 Petro
1124 831 1332 914 Meravillas
1356 831 1516 922 Gallico,
1547 850 1585 909 ct
1610 835 1720 939 Neys-

294 988 442 1052 sement
459 971 507 1048 de
525 969 655 1047 Lenda
674 965 897 1058 Cathalano,
921 984 958 1043 et
978 963 1186 1044 Guillelmo
1212 963 1259 1042 de
1283 967 1401 1042 Novas
1422 963 1660 1050 Prouinciali,
1684 983 1722 1040 et

295 1105 414 1182 Adam
431 1103 478 1180 de
490 1100 719 1182 Valencourt
730 1097 905 1177 deBelna
925 1095 1126 1184 militibus,
1143 1123 1186 1172 ac
1198 1095 1335 1173 Jacobo
1354 1094 1402 1171 de
1420 1093 1543 1172 Garda
1563 1093 1720 1173 Guarini

293 1233 495 1325 serviente,
512 1228 742 1310 Mimatensis
761 1228 935 1316 diocesis,
953 1225 1171 1315 deffirnctis,
1189 1243 1233 1302 ut
1246 1224 1376 1302 credit.
1390 1223 1510 1330 Aquo
1526 1242 1720 1332 receptore

295 1367 373 1470 ipse
390 1364 507 1454 testis,
524 1361 589 1468 qui
608 1358 731 1438 luerat
747 1358 984 1465 portenarius
999 1356 1090 1434 dicti
1108 1356 1226 1436 Castri
1240 1355 1450 1463 Peregrini,
1469 1356 1583 1462 peciit
1604 1358 1722 1433 socie·

203 1554 206 1565 .
293 1510 410 1570 tatem
425 1491 587 1581 ordinis;
606 1519 680 1597 que
705 1515 892 1578 concessa,
913 1486 1003 1566 fecit
1026 1515 1115 1564 eum
1139 1513 1271 1564 vovere
1298 1502 1336 1563 et
1349 1485 1478 1591 jurare
1498 1487 1718 1578 castitatem,

296 1623 575 1712 obedienciam,
594 1621 717 1698 virere
733 1621 813 1698 sine'
825 1618 999 1726 proprio,
1014 1645 1162 1696 servare
1174 1616 1297 1695 bonos
1316 1643 1407 1694 usus
1424 1617 1488 1722 qui
1510 1633 1600 1694 tunc
1615 1635 1721 1694 erant

295 1755 332 1830 in
353 1754 486 1832 ordine
503 1752 619 1859 etqui
637 1751 676 1826 in
691 1767 886 1856 posterum
903 1749 1201 1854 imponerentur,
1223 1773 1301 1826 non
1319 1746 1484 1825 revelare
1504 1765 1645 1824 secreta
1663 1777 1722 1824 ca-

241 1982 246 1994 ,
295 1883 537 1990 pituliornm,
560 1881 608 1958 de
627 1881 745 1958 modo
766 1879 998 1986 recepcionis
1018 1879 1061 1956 in
1081 1877 1232 1985 speciali
1252 1906 1331 1956 non
1353 1877 1480 1955 habita
1502 1881 1719 1960 mencione.
1805 1891 1811 1900 '

294 2039 372 2091 non
385 2013 578 2091 dimittere
592 2013 765 2090 ordinem
778 2039 847 2117 pro
863 2011 956 2098 alio,
979 2027 1014 2086 et
1028 2009 1134 2116 quod
1149 2009 1359 2114 acquireret
1372 2037 1487 2114 super
1501 2009 1722 2088 Sarracenos

295 2143 600 2249 quibuscumque
620 2141 745 2218 modis
764 2157 908 2247 possen
932 2155 972 2217 et
992 2139 1170 2244 imposito
1195 2138 1266 2216 sibi
1294 2138 1493 2229 mantello,
1519 2139 1641 2216 dictus
1665 2169 1723 2216 re·

295 2289 424 2377 ceptor
441 2271 512 2348 luit
530 2269 715 2350 osculatus
729 2271 852 2376 ipsum
868 2286 1001 2347 testem
1014 2269 1052 2346 in
1064 2257 1250 2347 umbilico
1265 2296 1377 2374 super
1394 2285 1525 2346 vestes.
1547 2270 1633 2346 Post
1647 2298 1722 2375 que

216 2415 220 2422 ’
296 2400 416 2478 dictus
426 2417 598 2508 receptor
614 2401 828 2507 precepitei
844 2399 949 2506 quod
965 2398 1169 2507 abnegaret
1178 2398 1336 2478 lhesum
1355 2399 1566 2489 Christum,
1586 2416 1623 2477 et
1639 2402 1722 2505 ipso

295 2547 390 2608 teste
406 2531 660 2638 respondente
680 2531 841 2639 qualiter
855 2530 1059 2639 abnegaret
1071 2529 1274 2607 domiuum
1286 2528 1413 2608 Deum
1427 2547 1611 2620 nostrum,
1630 2531 1723 2607 dixit

297 2660 331 2737 ei
343 2661 460 2766 quod,
472 2688 516 2739 ex
526 2689 603 2769 quo
616 2661 786 2771 alligatus
797 2677 877 2738 erat
885 2659 1022 2752 ordini,
1035 2659 1217 2765 oporteba
1226 2677 1332 2738 teum
1345 2661 1418 2736 boc
1430 2653 1569 2751 lacere;
1585 2680 1723 2739 ettunc

296 2791 374 2894 ipse
387 2790 493 2868 testis
507 2789 703 2898 abnegavit
718 2819 799 2880 ore,
815 2815 893 2868 non
908 2791 1035 2868 corde.
1048 2790 1197 2868 Deinde
1211 2787 1321 2866 allata
1332 2789 1451 2867 nescit
1466 2817 1664 2898 perquem
1678 2821 1722 2868 ex

295 2919 502 2997 astantibus
521 2921 685 3029 quadam
701 2948 811 2998 cruce
828 2919 1035 3010 metallina,
1051 2920 1091 2996 in
1102 2947 1177 3026 qua
1187 2935 1266 2997 erat
1275 2948 1407 3027 ymago
1420 2919 1614 3010 Crucifixi,
1638 2951 1723 3028 pre-

295 3050 395 3155 cepit
413 3050 448 3126 ei
468 3050 574 3156 quod
588 3067 743 3156 spueret
756 3029 871 3156 super
887 3077 990 3144 eam,
1012 3068 1050 3128 et
1072 3050 1151 3155 ipse
1174 3050 1280 3128 testis
1300 3053 1403 3156 spuit
1421 3079 1499 3129 nou
1520 3081 1631 3158 supra
1655 3057 1723 3132 sed
1852 3081 1856 3087 ·

291 3178 407 3286 juxta.
427 3180 676 3258 Postmodum
697 3179 791 3258 dixit
809 3180 844 3256 ei
864 3179 970 3287 quod
988 3177 1166 3258 fratribus
1190 3181 1334 3258 ordinis
1352 3199 1500 3287 poterat
1526 3185 1723 3262 carnaliter

296 3311 546 3399 commisceri,
560 3327 599 3386 ct
613 3309 681 3415 ipsi
700 3339 787 3387 cum
806 3338 869 3400 θος
883 3309 957 3387 boc
973 3327 1100 3388 tamen
1116 3337 1194 3388 non
1206 3309 1310 3397 fecit,
1328 3337 1399 3388 nec
1411 3310 1486 3388 fuit
1496 3315 1718 3419 requisitus,

151 3545 158 3556 .
295 3466 365 3514 nec
385 3437 504 3516 credit
515 3438 621 3546 quod
634 3439 674 3516 in
690 3433 828 3516 ordine
841 3439 961 3517 lieret
980 3441 1028 3516 Et
1042 3467 1110 3546 per
1127 3441 1292 3520 eundem
1310 3443 1467 3521 modum
1480 3445 1574 3522 vidit
1585 3450 1719 3553 recipi,

295 3569 334 3642 iu
352 3567 515 3674 quadum
534 3595 680 3645 camere
701 3568 839 3646 domus
858 3567 1009 3676 Templi
1036 3571 1084 3646 de
1097 3571 1262 3648 lussiaco
1283 3571 1525 3652 bituricensis
1544 3575 1718 3664 diocesis,

295 3714 380 3774 suut
408 3697 553 3774 circiter
578 3723 602 3775 x
629 3699 733 3787 anni,
763 3697 915 3776 fratrem
941 3701 1093 3776 Petrum
1119 3701 1336 3807 bergomum
1361 3702 1459 3778 dicte
1483 3705 1721 3786 bituricensis

297 3827 472 3917 diocesis,
501 3851 577 3935 per
609 3826 762 3906 fratrem
786 3827 1004 3908 Guidonem
1030 3829 1207 3938 Delphini
1231 3829 1414 3922 militem,
1442 3849 1577 3912 testem
1610 3863 1719 3943 supra

297 3958 563 4050 examinutum,
579 3975 754 4066 presente
778 3957 892 4037 butre
921 3959 1114 4066 Rayualdo
1138 3961 1186 4038 de
1209 3962 1352 4040 Bordes
1380 3982 1601 4069 preceptore
1629 3984 1722 4046 tunc

297 4088 394 4165 dicte
410 4088 564 4180 domus3
591 4090 658 4167 sed
676 4089 748 4166 alia
768 4089 896 4168 illicita
914 4119 992 4170 non
1012 4091 1297 4170 intervenerunt
1314 4093 1354 4170 in
1370 4092 1479 4172 dictis
1492 4097 1722 4204 recepcioni-

295 4218 450 4296 buenec
465 4236 567 4325 post,
583 4220 689 4325 quod
704 4220 784 4326 ipse
797 4220 960 4312 sciverit,
974 4247 1044 4298 nec
1057 4220 1436 4329 plures·viditrecipi;
1454 4227 1574 4304 credit
1594 4246 1720 4307 tamen

295 4348 400 4455 quod
414 4348 668 4427 communiter
683 4367 723 4427 et
737 4351 880 4457 ubique
906 4351 1166 4458 reciperentur
1187 4352 1399 4431 secundum
1419 4356 1580 4434 modum
1595 4361 1722 4465 predi-

296 4491 399 4554 ctum
411 4475 661 4554 confossatum
681 4505 750 4584 per
768 4507 874 4556 eum.
896 4480 1008 4572 Item,
1025 4481 1120 4557 dixit
1135 4481 1239 4587 quod
1258 4481 1451 4588 ipse'bene
1464 4487 1642 4565 credebat
1661 4518 1721 4567 ec-

296 4606 506 4684 clesiasticis
518 4609 772 4698 sacramentis,
792 4609 948 4688 credens
961 4610 1068 4716 quod
1087 4609 1150 4688 alii
1164 4611 1302 4691 eodem
1319 4615 1436 4693 modo
1456 4617 1668 4708 crederent,
1684 4639 1721 4698 et

297 4737 399 4841 quod
420 4763 555 4814 eorum
571 4737 782 4818 sacerdotes
807 4739 936 4818 debite
959 4739 1203 4820 celebrarent.
1220 4741 1463 4822 Claudestiue
1487 4745 1721 4853 recipieban-

296 4883 369 4955 tur,
401 4866 513 4945 nullis
542 4867 778 4974 presentibus
805 4868 878 4947 nisi
904 4867 1083 4948 fratribus
1106 4871 1265 4965 ordinis,
1294 4903 1337 4951 ex
1362 4901 1440 4981 quo
1473 4877 1592 4954 credit
1612 4881 1717 4984 quod
