4320 5898
739 506 936 600 rnocts
963 527 1059 600 ons
1085 525 1390 600 reuertens
1734 526 1797 604 m·

403 667 533 745 Frater
556 667 701 776 Symon
723 665 761 744 lo
782 669 909 778 Begue
924 668 1250 758 Altisiodorensis,
1267 669 1445 748 Garimus
1461 669 1509 748 de
1529 668 1682 748 Corbon
1698 670 1786 748 Lin-

344 798 541 906 gonensis,
573 799 790 906 Stephanus
810 799 858 878 dc
883 801 1012 880 Brolio
1039 801 1340 894 Catbalanensis,
1371 819 1409 879 et
1425 799 1547 879 Adam
1574 801 1622 878 de
1657 821 1786 882 sonmo

345 931 518 1010 Johenne
533 930 573 1006 in
591 931 770 1010 Brocuria
784 931 1053 1013 Ambianonsis
1069 934 1283 1026 dicessum,
1300 932 1456 1012 adducti
1472 961 1541 1041 pro
1558 933 1723 1012 testibus
1736 937 1785 1014 ad

345 1063 580 1170 presenciam
612 1065 839 1145 eommdem
873 1067 1120 1146 dominorum
1151 1066 1521 1157 commissariorum,
1548 1067 1782 1176 juraverunt,

345 1195 452 1274 tactis
467 1198 709 1276 sacrosanctis
721 1198 945 1324 Evangpliis,
963 1199 1089 1278 dicere
1104 1199 1144 1275 in
1159 1200 1232 1279 isto
1247 1199 1406 1307 negocio
1420 1197 1573 1307 plenam
1589 1216 1627 1276 et
1640 1225 1784 1278 meram

344 1329 555 1417 veritatem,
581 1328 794 1408 secundum
817 1329 978 1410 fonnem
1004 1331 1213 1440 juramenti
1238 1330 1400 1408 aliorum
1425 1330 1581 1410 testium
1611 1331 1786 1439 superius

344 1461 591 1570 registratsm,
610 1460 820 1570 expositam
836 1481 874 1541 et
894 1463 1164 1572 vulgaritatem
1178 1462 1336 1540 eisdem.

402 1725 490 1818 Quo
509 1723 620 1816 lacto,
637 1723 752 1801 frater
770 1723 893 1801 Adam
914 1723 962 1802 de
986 1741 1115 1804 sancto
1134 1725 1307 1804 lobanne
1329 1725 1369 1802 in
1389 1727 1568 1804 Brocnria
1587 1749 1787 1836 preceptor

346 1856 486 1934 domus
503 1854 656 1962 Templi
682 1855 731 1932 de
751 1857 923 1935 Rosseris
944 1855 1213 1936 Ambianensis
1233 1857 1412 1950 diocesis,
1438 1858 1787 1968 quinquagenarius

344 1987 404 2066 vel
424 1988 537 2078 circa,
560 1987 627 2095 qui
647 2015 717 2095 pro
740 1989 916 2066 suasione
942 1988 1159 2096 aliquorum
1184 1989 1411 2068 mantellum
1432 1989 1627 2092 dimiserat
1645 2007 1683 2069 et
1703 1993 1786 2070 radi

345 2119 486 2198 lecerat
504 2115 577 2198 sibi
589 2119 759 2208 barbam,
782 2149 870 2198 cum
887 2148 965 2230 quo
986 2119 1223 2228 inquisitum,
1246 2121 1443 2202 absolutus
1464 2137 1503 2200 et
1521 2121 1787 2202 reconciliatus

345 2251 469 2330 lueret
482 2279 552 2360 per
569 2250 771 2330 dominum
788 2253 1011 2361 episcopum
1026 2251 1322 2332 Ambisnensem
1339 2253 1405 2360 qui
1422 2281 1528 2332 nunc
1543 2271 1610 2343 est,
1627 2253 1734 2334 lectis
1749 2268 1788 2333 et

346 2380 550 2492 diligenter
575 2383 753 2491 expositis
772 2383 844 2464 sibi
869 2383 1050 2465 omnibus
1075 2402 1114 2464 et
1138 2384 1297 2495 singulis
1317 2384 1500 2478 articulis,
1524 2387 1722 2494 respondit
1746 2415 1787 2466 se

345 2516 490 2594 nescire
511 2543 582 2594 nec
597 2517 784 2596 audivisse
802 2515 888 2607 dici,
911 2545 982 2596 nec
1001 2517 1159 2596 credere
1179 2518 1228 2597 de
1248 2515 1437 2597 contentis
1456 2517 1497 2594 in
1517 2517 1574 2596 eis
1593 2518 1664 2596 nisi
1681 2519 1786 2626 quod

345 2649 527 2755 sequitur.
551 2649 655 2728 Dixit
674 2650 777 2726 enim
799 2679 838 2728 se
860 2649 975 2728 luisse
997 2668 1194 2758 receptum
1213 2649 1254 2728 in
1280 2647 1423 2758 capella
1447 2649 1547 2726 dicte
1572 2649 1712 2728 domus
1737 2651 1787 2728 de

345 2781 511 2876 deseris,
525 2808 594 2890 per
606 2782 762 2860 fratrem
777 2782 989 2862 Robertum
1006 2782 1054 2860 de
1069 2781 1226 2862 Belvaco
1240 2781 1446 2891 quondam,
1463 2782 1503 2858 in
1520 2781 1673 2860 instanti
1690 2781 1785 2860 sesto

343 2910 454 2992 beate
468 2915 646 2994 Katerine
664 2913 822 2996 suerunt
836 2943 973 2993 novem
989 2915 1076 2993 anni
1093 2914 1151 2993 vel
1168 2915 1276 3006 circa,
1296 2913 1539 3022 presentibus
1554 2914 1726 2994 lobanne
1746 2916 1786 2992 lo

344 3045 486 3126 Carnus
509 3049 725 3155 quondam,
756 3066 851 3127 tunc
864 3065 1128 3156 preceptorem
1155 3047 1253 3126 dicte
1282 3046 1439 3140 domus,
1472 3064 1511 3124 et
1533 3048 1706 3126 lobanne
1738 3048 1787 3124 de

343 3179 544 3286 Foqucriis
555 3179 793 3259 Belvacensis
806 3180 981 3270 diocesis,
997 3179 1045 3257 dc
1062 3180 1169 3290 cujus
1183 3178 1257 3258 vita
1266 3177 1326 3258 vel
1343 3195 1466 3258 morte
1483 3207 1562 3256 non
1578 3177 1695 3256 babet
1707 3207 1787 3256 cer·

344 3309 564 3403 titudinem,
586 3311 850 3403 servientibus,
867 3312 906 3387 in
925 3313 1030 3390 h'unc
1043 3311 1202 3388 modum
1219 3347 1227 3389 :
1246 3340 1335 3390 nam
1352 3340 1439 3389 cum
1456 3311 1640 3389 instanter
1659 3324 1698 3386 et
1712 3308 1786 3387 sre-

344 3458 508 3548 quenter
523 3443 700 3548 peciisset
718 3471 848 3518 amore
865 3443 938 3518 Dei
959 3459 998 3518 et
1017 3429 1136 3516 Jhesir
1155 3443 1295 3518 Christi
1317 3441 1389 3517 sibi
1406 3439 1568 3519 concedi
1588 3467 1725 3546 panem
1749 3459 1787 3520 et

344 3599 494 3679 aquom,
513 3589 551 3650 et
570 3571 790 3674 societatem
805 3587 843 3646 et
858 3595 1066 3677 pauperem
1085 3551 1264 3644 vestitum
1282 3566 1441 3656 ordinis,
1464 3587 1502 3646 et
1521 3569 1725 3649 obtulisset
1744 3601 1785 3650 se

343 3701 441 3781 velle
453 3702 537 3780 fieri
549 3729 699 3780 servum
712 3699 902 3779 esclavum
916 3697 988 3778 Dei
1002 3716 1041 3775 et
1055 3696 1201 3776 ordinis
1216 3714 1255 3773 et
1265 3700 1383 3776 Terre
1393 3716 1532 3792 sancte,
1546 3717 1584 3777 et
1596 3703 1701 3779 terei
1713 3731 1786 3782 res

344 3863 509 3942 pensum
529 3834 663 3912 ficisset
677 3834 784 3941 quod
802 3831 903 3911 benc
922 3829 1166 3920 deliberaret,
1184 3829 1274 3938 quia
1293 3847 1486 3937 oporteret
1501 3859 1590 3908 eum
1609 3831 1785 3914 abdicare

345 3998 365 4044 a
385 3997 425 4048 se
445 3967 641 4075 propriam
659 3967 895 4046 voluntatem
912 3983 954 4044 et
972 3963 1094 4044 subici
1115 3961 1258 4055 aliene,
1282 3963 1427 4044 esurire
1448 3981 1487 4042 et
1506 3964 1610 4043 sitire
1631 3969 1786 4074 quando

266 4171 271 4180 .
345 4099 459 4179 vellet
474 4100 677 4190 comedere
695 4116 734 4178 et
748 4097 900 4186 bibere,
917 4096 1086 4209 sigillare
1101 4098 1256 4206 quando
1272 4095 1388 4175 vellet
1403 4098 1587 4190 dormire,
1608 4118 1646 4178 et
1666 4100 1785 4180 multa

346 4231 417 4310 alia
443 4232 540 4311 dura
559 4250 598 4311 et
618 4261 748 4341 aspera
773 4231 983 4324 sustinere3
1005 4229 1171 4308 finaliter
1190 4227 1446 4337 respondente
1467 4229 1549 4338 ipso
1564 4247 1661 4310 teste
1682 4233 1786 4340 quod

347 4365 475 4442 omnia
494 4365 709 4456 sustineret,
725 4382 763 4443 et
780 4380 867 4472 post
886 4363 969 4472 ejus
985 4362 1249 4471 recepcionem
1270 4362 1445 4454 instante,
1467 4363 1625 4470 prestito
1640 4391 1709 4472 per
1722 4367 1788 4473 ju-

346 4515 563 4577 ramentum
579 4497 686 4606 quod
706 4525 751 4575 ex
769 4495 872 4574 malo
892 4493 1048 4605 ingenio
1070 4511 1109 4572 et
1128 4521 1197 4602 per
1219 4495 1431 4603 symoniam
1451 4495 1720 4574 conveniebat
1739 4497 1785 4574 ad

347 4626 492 4708 dictum
513 4629 703 4724 ordinem,
726 4645 765 4708 et
788 4628 895 4737 quod
909 4656 986 4707 non
1005 4644 1084 4706 erat
1102 4626 1246 4705 servilis
1270 4627 1522 4720 condicionis,
1540 4655 1611 4708 nec
1640 4656 1788 4706 excom·

348 4761 574 4853 municatus,
594 4791 666 4839 nec
685 4759 944 4851 matrim-onio,
959 4787 1031 4838 nec
1049 4758 1157 4836 elteri
1170 4757 1346 4867 religioni
1366 4787 1438 4838 nec
1456 4758 1596 4837 debitis
1617 4789 1692 4866 que
1711 4761 1787 4837 sol·

348 4921 436 4970 vere
454 4919 533 4971 non
549 4913 678 4999 posset
697 4893 903 5004 obligatus,
921 4911 960 4974 et
978 4893 1085 5002 quod
1104 4918 1183 4970 non
1203 4891 1368 4970 babebat
1383 4892 1644 4972 infirmitatem
1664 4890 1786 4970 laten·
