4320 5898
748 515 946 609 pauens
973 535 1069 608 nus
1095 533 1399 607 rnurmans.
1743 531 1790 606 ns

350 672 564 782 premissis,
588 673 786 783 abnegavit
805 677 933 755 Deum
963 674 1023 755 vel
1052 677 1211 754 Jhesum
1245 703 1312 754 ore
1339 703 1417 753 non
1448 674 1579 763 corde,
1608 692 1652 754 ut
1684 673 1789 794 dixit.

349 806 502 885 Deinde
522 807 692 915 precepit
707 808 740 885 ei
758 808 865 917 quod
880 826 1034 916 spueret
1048 837 1161 915 super
1176 807 1381 917 quamdam
1399 835 1551 886 crucem
1571 806 1736 916 ligneam
1750 808 1790 886 in

350 968 426 1047 qua
452 956 532 1017 erat
554 968 689 1047 ymago
711 940 909 1031 Crucifixi,
940 941 1092 1018 allatam
1112 941 1259 1018 ibidem
1279 969 1348 1046 per
1369 939 1517 1017 dictum
1536 956 1788 1046 receptorem,

351 1069 598 1178 exprimendo
617 1071 707 1150 talia
720 1072 859 1151 verba:
882 1073 986 1180 Spuc
1007 1101 1122 1180 super
1141 1073 1385 1180 prophetam,
1409 1089 1447 1150 et
1468 1072 1549 1179 ipse
1564 1069 1671 1148 testis
1690 1071 1792 1178 spuit

350 1231 428 1281 non
449 1231 563 1310 supra
577 1203 652 1281 sed.
659 1205 785 1313 juxta,
807 1205 896 1312 quia
918 1205 1012 1284 dixit
1027 1205 1132 1312 quod
1152 1222 1231 1282 erat
1245 1205 1293 1282 de
1306 1203 1457 1311 punctis
1474 1201 1635 1292 ordinis,
1657 1231 1792 1281 secun-

351 1335 444 1413 dum
476 1365 551 1442 que
583 1334 701 1414 eciam
729 1353 877 1443 poterat
904 1335 1103 1414 carnaliter
1122 1335 1359 1413 commisceri
1385 1333 1565 1412 iratribus
1587 1333 1738 1412 ordinis*
1755 1352 1792 1412 et

350 1467 421 1573 ipsi
442 1493 531 1544 eum
551 1495 620 1556 eo;
641 1468 865 1546 hortamen
886 1497 964 1547 non
985 1468 1075 1546 feeit
1094 1496 1163 1545 nee
1185 1465 1306 1544 credit
1324 1465 1431 1573 quod
1454 1465 1496 1542 in
1514 1464 1648 1544 ordine
1670 1491 1791 1544 serva-

218 1613 241 1643 ‘
349 1614 466 1676 retur.
490 1597 596 1675 Dixit
615 1600 734 1677 eciam
759 1599 884 1705 quod,
906 1601 1117 1678 seeundum
1140 1599 1238 1676 dicta
1256 1615 1415 1704 puncta,
1439 1596 1605 1678 debebat
1624 1625 1713 1675 eum
1733 1627 1793 1676 os·

231 1813 233 1818 ⁸
351 1729 468 1806 culari
481 1729 522 1802 in
538 1757 629 1819 ano,
648 1728 714 1806 sed
737 1728 883 1806 dictum
904 1728 1079 1808 osculum
1097 1728 1304 1837 degrada,
1323 1728 1411 1836 quia
1429 1728 1509 1838 ipse
1524 1746 1697 1836 receptor
1712 1748 1792 1808 erat

349 1857 549 1967 presbiter,
563 1858 784 1938 remittebat
799 1859 845 1937 ei.
861 1857 944 1939 Alia
964 1857 1096 1938 illicita
1116 1879 1194 1938 non
1214 1861 1500 1938 intervenerunt
1513 1860 1553 1936 in
1568 1861 1791 1968 recepcione
1913 1945 1918 1954 ,

349 1987 415 2068 suri
448 1989 617 2098 predicta
651 2019 722 2068 nec
753 2007 856 2097 post,
887 1991 1046 2070 credens
1074 1991 1180 2097 quod
1206 1992 1305 2070 dicta
1329 1991 1461 2071 illicita
1486 1989 1692 2071 consessata
1723 2021 1792 2100 per

350 2150 440 2199 eum
460 2122 733 2200 intervenirent
747 2123 1002 2200 communiter
1021 2123 1061 2198 in
1082 2123 1370 2230 recepcionibus
1389 2123 1566 2217 aliomm‚
1590 2124 1678 2232 quia
1697 2124 1792 2204 vidit

349 2254 465 2361 recipi
485 2251 641 2332 fratrem
666 2254 821 2332 Petrum
851 2255 898 2334 de
925 2254 1046 2334 Lenhi
1073 2255 1299 2334 servientem
1324 2254 1585 2334 Noviomeusis
1611 2257 1787 2348 diocesis,

348 2413 465 2494 quem
494 2385 616 2464 eredit
638 2384 778 2479 vivere,
803 2386 843 2464 in
873 2385 1015 2494 capella
1028 2384 1174 2464 domus
1196 2385 1349 2494 Templi
1377 2386 1423 2464 de
1445 2386 1613 2494 Oymont
1637 2387 1790 2466 Ambia-

349 2520 477 2599 nensis
498 2518 677 2612 diocesis,
703 2547 772 2626 per
797 2518 953 2598 fratrem
985 2519 1170 2600 Garinum
1201 2518 1248 2596 de
1274 2518 1419 2600 Grandi
1444 2519 1575 2600 Villari
1597 2537 1791 2628 precepto

349 2681 433 2730 rem
448 2669 541 2730 tunc
557 2650 710 2728 ballivie
730 2650 777 2728 de
795 2653 969 2744 Pontivo,
988 2651 1049 2728 vel
1062 2680 1132 2759 per
1151 2649 1304 2728 fratrem
1324 2650 1537 2730 lohannem
1559 2651 1607 2728 de
1630 2649 1787 2760 Semoy‚

349 2785 413 2892 qui
446 2783 571 2864 tenuit
594 2784 737 2862 'dictam
765 2783 956 2864 balliviam
981 2783 1029 2862 de
1055 2781 1472 2890 Pontivo,·predictum
1503 2783 1657 2862 fratrem
1684 2779 1790 2866 Gari-

349 2945 461 3004 num,
482 2943 560 2994 non
582 2933 711 2994 tamen
730 2915 830 2995 bene
853 2917 988 2996 recolit
1003 2916 1088 3024 quis
1108 2915 1278 3022 ipsorum
1304 2915 1473 2996 duorum
1494 2945 1583 2994 eum
1604 2918 1790 3025 receperit

350 3077 420 3128 nec
438 3079 518 3158 quo
536 3067 729 3157 tempore3
754 3067 791 3126 et
811 3049 1017 3128 adsuerunt
1037 3049 1171 3128 iratres
1194 3051 1329 3128 Petrus
1357 3050 1404 3128 de
1427 3049 1787 3156 Lenhi'quondam,

326 3275 330 3290 Ι
350 3181 558 3260 avunculus
577 3183 668 3260 dieti
694 3183 813 3274 Petri,
839 3200 932 3261 tunc
956 3199 1157 3290 preceptor
1178 3181 1277 3258 dicte
1299 3180 1437 3259 domus
1465 3182 1512 3258 de
1538 3180 1721 3289 Oymont,
1752 3201 1790 3260 et

349 3315 536 3394 Robertus
557 3315 604 3392 de
627 3314 875 3408 Rembenval,
899 3333 937 3392 et
961 3314 1154 3392 Gerendus
1171 3313 1421 3422 Burgundus‚
1449 3313 1497 3392 de
1522 3342 1689 3420 quorum
1716 3313 1789 3392 vita

349 3447 408 3526 vel
425 3464 549 3524 morte
569 3473 648 3524 non
669 3444 784 3522 habet
805 3445 1098 3533 certitudinem
1122 3462 1160 3521 et
1180 3444 1220 3518 in
1241 3443 1341 3522 diota
1360 3444 1583 3551 recepcione
1602 3446 1698 3524 vidit
1711 3473 1790 3524 ser-

348 3577 422 3655 vari
437 3578 597 3657 modurn
608 3576 674 3683 qui
688 3574 813 3652 luerat
825 3592 992 3653 servatus
1008 3575 1050 3650 in
1063 3603 1131 3652 sua
1143 3573 1271 3681 quoad
1287 3573 1405 3664 licita,
1427 3591 1465 3652 et
1485 3575 1628 3654 audivit
1645 3578 1725 3684 ipse
1738 3595 1790 3656 te-

347 3711 413 3790 stis
423 3708 619 3818 quomodo
629 3707 826 3815 predictus
840 3723 1015 3813 receptor
1024 3705 1193 3816 precepit
1204 3703 1331 3782 eidem
1342 3705 1456 3783 Petro
1468 3706 1570 3812 quod
1584 3708 1789 3814 abnegaret
1858 3791 1860 3796 ,

347 3843 473 3920 Deum
490 3859 528 3919 et
542 3840 650 3948 quod
665 3855 820 3947 spueret
839 3867 952 3946 supra
972 3865 1141 3924 crucem,
1159 3852 1198 3914 et
1212 3835 1307 3914 dixit
1320 3834 1355 3914 ei
1371 3835 1479 3942 quod
1497 3852 1647 3943 poterat
1665 3865 1788 3916 carna·

347 3972 434 4052 liter
459 3970 695 4052 commisceri
722 3970 906 4049 fratribus¹
921 3969 1067 4048 ordinis
1085 3985 1124 4046 et
1142 3967 1213 4076 ipsi
1238 3997 1325 4047 cum
1346 3996 1413 4060 eo,
1439 3984 1477 4046 et
1501 3968 1608 4076 quod
1623 3969 1788 4050 debebat

348 4105 495 4184 dictum
521 4121 772 4212 receptorem,
785 4100 946 4182 osculari
966 4102 1007 4180 in
1029 4130 1101 4180 ano
1124 4101 1337 4180 secundum
1352 4117 1492 4208 puncta
1509 4101 1676 4195 ordinis;
1694 4120 1732 4180 et
1747 4104 1787 4180 in

347 4236 542 4344 presencia
562 4236 680 4344 ipsius
700 4235 807 4313 testis
823 4252 862 4315 et
876 4235 1138 4343 predictorum
1160 4233 1283 4310 dictus
1298 4233 1433 4311 Petrus
1449 4231 1646 4342 abnegavit
1659 4235 1786 4312 Deum

348 4387 386 4448 et
408 4371 511 4478 spuit
526 4367 635 4478 juxta
654 4395 829 4458 crucem;
859 4367 928 4444 sed
952 4366 1000 4444 ad
1022 4393 1152 4472 preces
1173 4382 1211 4444 et
1235 4364 1530 4472 requisicionem
1557 4365 1647 4444 dicti
1673 4396 1788 4444 avun-

348 4500 423 4580 culi
448 4502 525 4594 sui,
555 4498 629 4580 luit
654 4499 689 4576 ei
719 4497 921 4576 remissum
954 4497 1129 4576 osculum
1160 4495 1421 4574 inhonestum.
1453 4495 1557 4574 Alios
1587 4524 1664 4575 non
1693 4498 1787 4576 vidit

347 4631 480 4740 recipi,
507 4649 545 4710 et
569 4631 616 4710 de
636 4630 818 4740 predictis
842 4629 936 4706 dixit
959 4656 1004 4706 se,
1026 4628 1141 4708 fuisse
1171 4627 1386 4708 consessum
1415 4629 1516 4706 dicto
1545 4627 1649 4706 fratri
1672 4631 1786 4709 Petro

223 4809 226 4816 ·
347 4764 513 4856 Miuhot‚
537 4765 603 4872 qui
628 4763 772 4870 recepit
795 4789 902 4854 eum,
924 4778 962 4840 et
983 4760 1077 4839 dixit
1097 4761 1132 4837 ei
1152 4761 1277 4870 quod,
1299 4790 1343 4838 ex
1365 4791 1442 4868 quo
1465 4759 1619 4839 dolebat
1638 4761 1686 4838 de
1702 4790 1787 4868 pre-

349 4896 475 4986 dictis,
490 4896 595 4975 Deus
610 4892 826 4972 misericors
839 4893 1052 4970 remitteret
1068 4892 1120 4984 ei,
1138 4908 1176 4968 et
1193 4891 1353 4970 absolvit
1368 4921 1475 4984 eum,
1495 4892 1665 4999 injuncto
1681 4895 1787 5000 quod
