4208 5886
397 503 467 576 ros
780 474 978 568 procus
1008 490 1106 565 nus
1137 489 1439 564 rsusmnas.

389 641 463 720 fuit
475 637 654 720 seductus
669 636 804 714 adicto
817 633 981 742 dyabolo
997 633 1037 711 in
1049 631 1170 710 forma
1185 631 1353 709 humana
1364 625 1646 719 transformato,
1663 645 1702 708 et
1715 631 1822 738 quod

389 771 524 850 exinde
546 769 764 848 babuerunt
783 784 911 845 ortum
929 791 1075 843 errores
1089 761 1270 869 predicti,
1293 779 1332 840 et
1349 759 1443 839 vidit
1464 757 1684 867 frequenter
1705 761 1746 838 in
1766 763 1823 869 pi-

388 901 505 982 cturis
519 899 618 979 duos
628 897 804 977 barbatos
822 897 862 973 in
879 924 957 975 uno
968 922 1069 1003 equo
1080 893 1307 1001 equitantes,
1325 909 1363 970 ct
1380 890 1501 970 credit
1513 889 1619 997 quod
1631 919 1823 998 represen-

389 1049 513 1112 tarent
525 1030 716 1138 predictos
735 1027 844 1106 duos.
860 1027 963 1105 Dixit
978 1027 1134 1130 insuper
1152 1052 1191 1101 sa
1206 1023 1392 1102 audivisse
1407 1020 1568 1110 narrari,
1590 1049 1669 1100 non
1688 1023 1822 1102 recolit

391 1161 578 1269 aquibus,
599 1160 721 1268 quod,
739 1187 826 1236 cum
841 1155 1037 1266 quondam
1049 1155 1227 1266 Magister
1241 1153 1387 1232 ordinis
1401 1151 1553 1259 Templi
1566 1150 1716 1232 diucius
1730 1151 1821 1232 luis-

388 1309 445 1372 set
460 1290 656 1374 aflictusin
667 1289 879 1368 carceribus
893 1287 1064 1375 Soldani,
1082 1284 1155 1364 fuit
1169 1285 1372 1376 demissus,
1390 1283 1641 1390 promissione
1649 1311 1718 1391 per
1730 1312 1819 1362 aum

388 1423 483 1501 sacta
502 1423 607 1530 quod
623 1448 768 1499 errores
787 1419 956 1497 contenti
973 1417 1013 1495 in
1029 1417 1138 1494 dictis
1158 1414 1325 1494 articulis
1343 1412 1401 1492 vel
1422 1413 1538 1521 aliqui
1560 1422 1604 1492 ex
1628 1415 1684 1492 eis
1701 1415 1821 1494 intro-

390 1552 621 1633 ducerentur
643 1579 712 1659 per
735 1579 824 1630 eum
845 1551 886 1627 in
902 1548 1037 1628 ordine
1059 1545 1294 1654 supradicto,
1314 1562 1353 1626 et
1372 1546 1450 1654 ipse
1467 1544 1657 1626 Soldanus
1681 1547 1821 1654 atejus

387 1711 619 1780 successores
650 1681 835 1760 haberent
864 1679 1009 1758 dictum
1041 1678 1215 1758 ordinem
1244 1674 1615 1768 recommandatam,
1649 1693 1687 1754 et
1715 1678 1820 1784 quod

387 1814 647 1922 temporaliter
676 1812 918 1892 subvenirent
943 1808 1089 1890 eisdem
1111 1807 1336 1916 Templariis
1360 1824 1401 1886 et
1428 1807 1554 1887 ordini
1579 1806 1816 1886 eorumdem.

387 1949 657 2026 Verumtamen
676 1944 707 2022 si
731 1943 828 2022 dicte
854 1942 1091 2019 narraciones
1108 1968 1195 2018 rere
1218 1940 1309 2031 siut,
1337 1937 1395 2018 vel
1419 1965 1514 2026 non,
1533 1937 1627 2016 dixit
1649 1967 1689 2017 se
1715 1939 1818 2018 idem

387 2077 493 2154 testis
514 2075 703 2182 ignorem
720 2074 900 2182 adjiciens
920 2072 1026 2179 quod
1049 2072 1087 2149 in
1108 2071 1320 2151 substancia
1343 2070 1533 2150 nesciebat
1551 2069 1639 2177 plus
1659 2068 1707 2147 de
1728 2097 1818 2148 con-

388 2207 500 2288 tentis
519 2207 560 2286 in
580 2204 745 2284 articulis
759 2202 989 2282 memoratis.

390 2455 394 2464 ³
443 2473 571 2548 Frater
580 2468 806 2575 Radulphus
816 2467 972 2547 Louveti
986 2466 1195 2574 predictus,
1213 2466 1444 2546 testishodie
1453 2466 1618 2576 juratus,
1640 2466 1706 2573 qui
1719 2493 1818 2542 man·

385 2600 522 2679 tellum
536 2600 743 2678 voluntarie
763 2617 849 2705 post
867 2599 1083 2704 capcionem
1108 2626 1215 2674 suam
1231 2597 1424 2676 dimiserat
1439 2613 1478 2674 et
1495 2596 1576 2674 radi
1592 2596 1730 2674 fecerat
1746 2596 1817 2675 sibi

385 2729 557 2822 barbam,
577 2744 662 2809 xxx*
679 2757 866 2808 annorum
886 2728 944 2806 vel
965 2728 1075 2817 circa,
1099 2755 1187 2806 cum
1207 2754 1286 2834 quo
1304 2727 1530 2833 inquisitum
1549 2724 1688 2815 fuerat,
1709 2725 1816 2804 abso-

386 2861 490 2940 lutus
509 2880 547 2939 et
565 2859 827 2940 reconciliatus
839 2887 908 2965 per
923 2859 1123 2936 dominum
1140 2858 1361 2966 episcopum
1375 2856 1641 2948 Parisiensem,
1657 2855 1764 2934 lectis
1781 2871 1818 2933 et

386 2991 588 3100 diligenter
602 2991 777 3098 expositis
789 2989 861 3068 sibi
880 2989 1056 3067 omnibus
1072 3006 1110 3066 et
1121 2987 1280 3096 singulis
1296 2986 1482 3078 articulis,
1502 2985 1699 3093 respondit
1712 2986 1817 3093 quod

386 3121 536 3202 nullum
556 3121 674 3200 alium
691 3120 838 3199 viderat
854 3119 970 3226 recipi
989 3120 1030 3196 in
1046 3120 1195 3208 ordine,
1217 3147 1288 3196 nec
1306 3117 1483 3196 lucratio
1502 3144 1547 3195 eo
1565 3116 1638 3194 uisi
1653 3143 1722 3222 per
1740 3130 1816 3194 ιιιι,01

367 3281 535 3333 menses
550 3269 636 3330 ante
664 3251 880 3358 capcionem
907 3277 1059 3342 eorum,
1079 3249 1183 3327 unde
1205 3249 1411 3338 nesciebat,
1433 3275 1505 3326 nec
1526 3246 1724 3336 credebat,
1747 3274 1816 3324 nec

386 3383 577 3462 audiverat
595 3383 668 3460 dici
686 3382 735 3460 de
750 3381 936 3459 contentis
950 3380 991 3456 in
1011 3379 1064 3456 eis
1083 3379 1155 3456 nisi
1175 3379 1281 3487 quod
1300 3378 1492 3487 sequitur:
1517 3376 1692 3454 videlicet
1711 3376 1816 3484 quod

384 3515 464 3621 ipse
479 3531 654 3620 receptus
667 3513 868 3627 fueratper
882 3509 1037 3588 fratrem
1058 3509 1278 3616 Philippum
1295 3508 1429 3616 Agate,
1451 3525 1588 3588 testem
1602 3535 1715 3614 supra
1736 3535 1816 3586 exa-

384 3646 586 3736 minatum,
605 3645 646 3722 in
669 3642 812 3753 capella
840 3642 980 3720 domus
1004 3640 1154 3748 Templi
1183 3642 1306 3720 Sancti
1337 3640 1517 3746 Stephani
1551 3639 1599 3716 de
1627 3639 1815 3718 Renarilla

384 3775 622 3856 Ebroicensis
645 3774 822 3866 diocesis,
852 3772 1093 3879 presentibus
1121 3769 1299 3849 iratribus
1330 3771 1483 3850 Matheo
1513 3769 1726 3880 Raynaudi,
1754 3770 1815 3848 Ri-

386 3906 527 3984 chardo
540 3906 650 3983 Fabri
667 3903 923 3983 etGuillelmo
938 3901 1144 3989 Caletensi,
1159 3901 1419 3991 servientibus,
1433 3928 1531 4010 quos
1542 3900 1663 3980 credit
1675 3899 1813 3988 vivere,

387 4037 427 4114 in
447 4036 551 4113 hunc
569 4037 755 4114 modum:
777 4062 865 4110 nam
885 4033 1147 4140 cumpeciisset
1164 4061 1302 4140 panem
1322 4051 1360 4111 et
1374 4060 1509 4140 aquam
1535 4031 1694 4120 ordinis,
1717 4048 1756 4108 et
1782 4029 1813 4107 ei

388 4166 630 4246 concessisset
648 4165 772 4244 dictus
793 4182 976 4271 receptor,
1002 4162 1092 4242 fecit
1116 4191 1205 4243 eum
1231 4191 1363 4242 vovere
1388 4178 1427 4242 et
1444 4163 1572 4271 jurare
1591 4161 1811 4252 castitatem,

387 4297 666 4390 obedienciam,
680 4297 802 4376 vivere
818 4296 899 4374 sine
915 4295 1081 4402 proprio,
1095 4311 1134 4374 et
1147 4323 1291 4373 servare
1304 4293 1427 4372 bonos
1440 4322 1534 4372 usus
1547 4309 1585 4372 et
1597 4294 1716 4372 bonas
1732 4319 1815 4370 con·

387 4428 607 4508 suetudines
627 4429 790 4521 ordinis,
811 4445 850 4506 et
865 4428 1044 4535 imposito
1059 4426 1131 4506 sibi
1146 4426 1343 4516 mantello,
1366 4427 1445 4533 ipse
1460 4443 1632 4532 receptor
1649 4442 1688 4502 ot
1701 4442 1815 4504 astan-

386 4577 444 4638 tes
458 4558 613 4637 luerunt
632 4589 722 4638 eum
740 4557 895 4638 osculati
910 4558 950 4636 in
966 4585 1053 4648 ore;
1078 4574 1117 4636 et
1139 4585 1185 4634 eo
1213 4559 1395 4636 instructo
1422 4553 1585 4664 qualiter
1608 4573 1757 4662 regeret
1775 4583 1812 4634 sc

388 4688 429 4768 iu
456 4689 605 4782 ordine,
626 4689 796 4797 precepit
822 4688 856 4766 ei
880 4686 1003 4766 dictus
1027 4703 1210 4793 receptor,
1232 4686 1271 4764 in
1293 4687 1487 4796 presencia
1511 4685 1689 4778 aliorum
1710 4685 1813 4794 quod

388 4837 538 4930 negaret
553 4821 694 4913 Deum,
716 4837 855 4900 etcum
872 4819 950 4925 ipse
963 4818 1067 4897 testis
1084 4817 1338 4925 respondisset
1355 4817 1463 4925 quod
1482 4817 1555 4926 boc
1570 4815 1678 4897 nullo
1697 4817 1809 4896 modo
