4210 5882
687 577 882 670 rnocts
907 595 1004 668 oss
1029 595 1328 669 restructas.
1644 603 1717 674 ssa
1816 553 1818 560 '

295 734 366 811 bus
387 751 423 810 et
437 736 590 812 notariis
608 738 879 845 suprascriptis,
906 755 943 814 et
961 765 1033 816 una
1049 767 1132 816 cum
1151 739 1266 845 signis
1286 755 1324 815 et
1339 739 1590 846 subscriptum
1610 761 1719 822 nota·

295 865 437 943 riorum
461 863 797 976 ipsorum'signum
812 897 939 946 meum
965 887 1185 947 consuetum
1210 886 1359 975 rogatus
1379 871 1552 976 apposui,
1575 874 1639 949 hic
1657 901 1717 950 me

295 996 545 1075 subscribens.

350 1262 390 1334 In
411 1262 562 1336 nomine
577 1260 730 1338 Domini
755 1287 877 1338 amen.
902 1259 1009 1338 Anno
1031 1262 1200 1368 ejusdcm
1222 1261 1421 1339 millesimo
1443 1277 1523 1340 ccc⁰
1538 1262 1715 1368 septimo,

294 1388 482 1466 indicione
498 1407 613 1480 sexta,
636 1419 764 1468 mense
780 1391 1008 1480 novembris,
1032 1389 1202 1497 ejusdem
1222 1391 1359 1468 mensis
1380 1391 1440 1467 die
1456 1417 1549 1480 mur,
1567 1391 1718 1496 pontili-

294 1535 396 1620 cutus
406 1520 626 1597 sanctissimi
639 1521 752 1627 patris
768 1537 805 1598 et
817 1521 963 1599 domini
974 1521 1118 1597 domini
1130 1521 1467 1598 Clementisdivina
1478 1519 1719 1626 providencia

292 1676 387 1756 pape
407 1651 526 1755 quinti
544 1678 643 1728 anno
658 1650 840 1739 secundo,
858 1652 896 1725 in
914 1651 1105 1755 presencia
1120 1649 1285 1755 religiosi
1301 1666 1338 1726 et
1351 1649 1497 1728 honesti
1511 1651 1579 1726 viri
1595 1649 1717 1728 fratris

292 1781 432 1858 Nicolai
463 1782 510 1858 de
536 1782 734 1858 Anessiaco
777 1782 919 1858 ordinis
953 1779 1111 1856 fratrum
1140 1781 1439 1868 Predicatorum,
1474 1782 1715 1858 commissarii

294 1911 367 1987 dati
390 1911 604 2018 areligioso
629 1927 667 1987 et
695 1911 854 1989 honesto
882 1912 962 1986 viro
991 1909 1104 1986 fratre
1131 1909 1337 1988 Guillelmo
1363 1911 1409 1986 dc
1433 1911 1593 1988 Parisios
1626 1911 1715 1990 dicti

295 2041 454 2136 ordinis,
483 2041 713 2148 inquisitoris
738 2041 902 2118 heretice
926 2040 1112 2148 pravitatis
1131 2041 1170 2115 in
1190 2067 1305 2147 regno
1326 2041 1478 2117 Francie
1500 2043 1717 2120 auctoritate

293 2172 496 2277 apostolica
512 2173 705 2276 deputato,
724 2171 914 2247 existentis
927 2171 966 2247 in
982 2171 1156 2246 domibus
1166 2168 1314 2274 Templi
1329 2169 1560 2258 Parisiensis,
1573 2197 1641 2275 pro
1658 2172 1717 2246 in-

292 2300 479 2406 quirendo
510 2317 634 2378 contra
663 2300 842 2406 quasdam
872 2328 1050 2405 personas
1079 2299 1222 2376 ordinis
1251 2298 1389 2375 milicie
1413 2299 1562 2404 Templi
1592 2299 1716 2375 eidem

292 2459 402 2534 supra
418 2429 517 2508 dicto
533 2432 688 2507 crimine
705 2428 861 2518 delatas,
884 2446 1054 2505 nostrum
1068 2430 1302 2505 notariorum
1316 2445 1352 2504 et
1364 2429 1517 2506 testium
1535 2427 1717 2524 infrascri-

291 2575 459 2663 ptorum,
481 2559 725 2666 personaliter
746 2561 970 2638 constitutus
994 2558 1105 2636 frater
1123 2553 1278 2665 Egidins
1304 2559 1351 2633 de
1370 2555 1565 2634 Cbeuruto
1590 2558 1716 2634 locum

214 2741 220 2756 .
291 2703 424 2765 tenens
442 2691 671 2796 preceptoris
692 2691 738 2766 de
757 2691 945 2797 Frcsnayo
959 2689 1062 2795 juxta
1086 2689 1307 2775 Pruvinum,
1329 2685 1643 2796 quadragenarius
1659 2689 1717 2764 vel

296 2818 406 2907 circa,
418 2819 563 2926 juratus
583 2819 630 2896 ad
650 2836 773 2896 sancta
791 2817 862 2896 Dei
878 2819 1073 2925 Evangelia
1093 2819 1140 2894 ab
1156 2845 1202 2895 eo
1216 2834 1313 2894 tacta
1330 2817 1453 2894 dicere
1468 2817 1515 2894 de
1529 2845 1567 2895 se
1585 2835 1621 2894 et
1636 2818 1717 2895 aliis

296 2948 334 3023 in
348 2977 456 3026 causa
473 2948 562 3025 fidei
578 2949 745 3056 plenam,
761 2977 893 3054 puram
916 2964 953 3024 et
972 2949 1154 3054 integram
1171 2949 1381 3039 veritatem
1411 2965 1448 3024 et
1469 2949 1717 3055 interrogatus

297 3079 343 3156 de
368 3098 537 3186 tempore
564 3097 601 3157 et
623 3079 739 3157 modo
759 3107 825 3156 sue
845 3079 1092 3184 recepcionis,
1120 3078 1212 3154 dixit
1229 3105 1299 3183 per
1318 3079 1578 3184 juramentum
1603 3105 1715 3155 suum

296 3210 400 3316 quod
418 3211 490 3287 luit
508 3227 680 3317 receptus
700 3211 800 3315 apud
821 3210 1073 3298 Cbeurutum,
1098 3235 1147 3286 xu
1168 3209 1254 3284 anni
1277 3206 1429 3285 luerunt
1450 3207 1602 3286 infesto
1623 3209 1717 3287 Om-

296 3341 400 3417 nium
426 3342 646 3420 Sanctorum
672 3367 794 3444 nuper
813 3337 1012 3444 preterito,
1038 3367 1105 3444 per
1128 3339 1279 3414 fratrem
1302 3337 1542 3444 Radulphum
1568 3339 1616 3414 de
1636 3340 1715 3418 Gisi

295 3487 528 3578 receptorem
538 3471 754 3576 Campanis,
770 3469 1008 3574 presentibus
1017 3468 1191 3547 fratribus
1209 3469 1368 3570 Henrico
1382 3467 1429 3545 de
1442 3469 1590 3574 Soupir,
1604 3469 1714 3548 Petro

296 3603 343 3678 de
358 3603 513 3680 Cbeuru
527 3619 563 3679 et
578 3600 803 3709 quibusdam
817 3600 898 3677 aliis
913 3599 960 3678 de
976 3627 1139 3707 quorum
1153 3600 1368 3678 nominibus
1379 3627 1453 3677 non
1464 3599 1605 3677 recolit.
1617 3603 1717 3680 Dixit

296 3735 412 3812 eciam
440 3761 509 3840 per
527 3735 786 3841 juramentum
807 3761 919 3810 suum
948 3731 1067 3839 quod,
1098 3749 1182 3838 post
1211 3731 1347 3808 multas
1373 3731 1639 3838 promissiones
1668 3733 1715 3810 de

295 3866 439 3944 statutis
453 3883 491 3942 et
510 3865 659 3944 secretis
680 3863 767 3941 dicti
788 3863 929 3941 ordinis
942 3863 1179 3940 observandis
1198 3862 1245 3939 ab
1266 3887 1311 3940 eo
1331 3859 1458 3950 factas,
1481 3878 1518 3938 et
1538 3863 1716 3940 mantello

296 3998 366 4075 sibi
385 3999 433 4073 ad
447 3997 586 4075 collum
600 3995 739 4103 posito,
759 3993 882 4072 dictus
891 3995 1075 4100 recipiens
1087 3993 1250 4070 ostendit
1263 3992 1334 4070 sibi
1348 3992 1549 4101 quamdam
1566 4019 1716 4070 crucem

296 4157 368 4236 que
382 4129 478 4206 solet
493 4127 630 4233 portari
648 4127 695 4202 ad
708 4123 855 4215 lunera,
873 4144 910 4204 et
924 4126 1038 4233 peciit
1052 4123 1098 4202 ab
1115 4152 1160 4201 eo
1171 4141 1300 4202 utrum
1312 4125 1482 4201 crederet
1497 4125 1535 4200 in
1549 4151 1637 4200 eum
1651 4126 1715 4232 qui

294 4289 423 4366 passus
430 4255 560 4336 'luerat
568 4259 608 4334 in
618 4287 678 4347 ea,
693 4258 823 4364 etipse
839 4256 931 4334 dixit
944 4273 981 4333 et
996 4255 1191 4363 respondit
1201 4255 1304 4362 quod
1315 4255 1383 4342 sic,
1404 4271 1440 4331 et
1453 4271 1582 4360 postea
1595 4255 1716 4332 dictus

296 4391 478 4497 recipiens
496 4391 662 4497 precepit
681 4389 752 4466 sibi
773 4389 1043 4496 quodspuerct
1059 4413 1169 4492 supra
1190 4411 1356 4477 crucem3
1384 4384 1489 4490 quod
1507 4385 1587 4491 ipse
1614 4387 1719 4464 linxit

296 4522 433 4616 facere,
444 4523 508 4600 scd
517 4541 640 4600 tamen
660 4520 803 4628 aliquid
815 4521 862 4596 de
869 4519 1079 4624 sputamine
1093 4545 1169 4596 non
1179 4517 1315 4594 cecidit
1329 4545 1439 4622 supra
1447 4543 1599 4594 crucem
1614 4517 1717 4624 quod

298 4671 434 4760 posset.
463 4655 713 4762 Interrogatus
740 4651 787 4728 de
813 4649 956 4738 osculo,
987 4649 1080 4726 dixit
1101 4677 1169 4754 per
1193 4649 1450 4756 juramentum
1474 4673 1586 4760 suum
1614 4647 1719 4753 quod

299 4786 420 4863 dictus
437 4785 619 4892 recipiens
637 4783 746 4860 traxit
766 4811 853 4858 eum
880 4783 926 4859 ad
946 4797 1107 4888 partem,
1129 4797 1168 4857 et
1192 4778 1279 4856 lecit
1300 4807 1339 4857 se
1359 4779 1517 4857 osculari
1546 4777 1593 4854 ab
1614 4805 1659 4854 co
1681 4778 1718 4853 in

247 4911 249 4914 ⁵
298 4945 381 5008 ore,
404 4917 442 4992 in
461 4915 643 4996 umbilico
664 4932 701 4991 et
719 4913 759 4989 in
775 4913 849 4990 stne
866 4914 972 5022 spine
988 4911 1102 4990 dorsi.
1124 4912 1225 4988 Dixit
1240 4910 1357 4989 eciam
1378 4937 1446 5016 per
1458 4913 1717 5016 juramentum

1520 5059 1570 5136 [ις.
