4208 5886
389 497 464 566 200
770 474 969 566 procus
1001 491 1098 565 uns
1128 489 1438 566 rumpemus.
1525 469 1530 482 '
1632 435 1637 442 ’

260 621 262 626 ’
387 661 469 723 suo,
489 651 526 710 et
541 629 750 712 Guillelmo
766 630 931 740 Bergerii
953 630 1146 739 quondam
1176 631 1437 722 servientibus,
1461 631 1500 710 in
1518 633 1621 712 hunc
1635 637 1818 716 modum:

386 791 473 842 nam
495 792 583 842 cum
604 764 810 842 instructus
829 763 1005 871 peciisset
1022 779 1081 840 ter
1103 791 1190 840 cum
1210 763 1393 842 instancia
1412 763 1483 842 sibi
1505 767 1662 844 concedi
1682 793 1819 874 panem

386 911 425 971 et
447 923 602 1002 aquam,
617 893 836 971 societatem
857 909 894 971 et
914 893 1091 972 vestitum
1111 892 1272 984 ordinis,
1290 911 1329 972 et
1348 894 1471 973 dictus
1490 912 1663 1002 receptor
1676 900 1710 976 ei
1729 927 1820 978 con·

386 1025 570 1115 cessisset,
592 1023 684 1103 fecit
702 1052 790 1102 eum
813 1051 944 1102 vovere
965 1041 1004 1102 et
1020 1024 1151 1131 jurare
1176 1053 1289 1134 super
1314 1024 1518 1132 quemdam
1545 1027 1688 1106 librum
1712 1059 1820 1136 aper-

386 1174 469 1235 tum
490 1157 714 1244 castitatem,
735 1154 1017 1248 obedienciam,
1031 1156 1154 1234 vivere
1174 1155 1255 1233 sine
1271 1156 1437 1263 proprio,
1461 1175 1499 1234 et
1518 1158 1623 1265 quod
1636 1159 1819 1238 obediret

386 1286 566 1364 omnibus
587 1285 873 1392 preceptoribus
897 1286 964 1391 qui
990 1303 1297 1392 proponerentur
1320 1287 1466 1378 eidem,
1494 1305 1531 1364 et
1557 1317 1704 1368 servare
1733 1319 1819 1397 pre-

385 1435 492 1524 cepta
515 1444 649 1495 eorum
669 1442 910 1522 quecumque
929 1431 1069 1504 essent,
1092 1432 1130 1492 et
1149 1415 1328 1522 imposito
1345 1416 1417 1494 sibi
1435 1413 1634 1511 mantello,
1656 1421 1735 1526 ipse
1759 1451 1817 1500 re-

386 1566 516 1655 ceptor
536 1565 573 1624 ct
593 1563 753 1625 astantes
780 1543 935 1624 fuerunt
954 1572 1042 1623 eum
1063 1545 1219 1624 osculati
1245 1547 1284 1622 in
1312 1574 1397 1639 ore,
1423 1565 1462 1626 et
1488 1576 1534 1625 eo
1559 1549 1744 1628 instructo
1768 1553 1817 1630 de

386 1677 625 1756 observancia
648 1676 887 1785 jejuniorum
918 1675 1063 1753 ordinis
1088 1691 1126 1752 et
1155 1675 1203 1754 de
1229 1674 1311 1754 aliis
1337 1675 1465 1768 licitis,
1496 1677 1620 1756 dictus
1644 1699 1817 1789 receptor

387 1808 479 1885 dixit
490 1809 525 1885 ei
542 1839 550 1886 :
564 1846 577 1876 a
592 1810 652 1912 Tu
657 1807 791 1916 jurasti
810 1806 966 1910 obedire
982 1807 1160 1884 omnibus
1177 1807 1463 1913 preceptoribus
1481 1809 1558 1888 tuis
1577 1827 1614 1886 et
1631 1813 1816 1917 preceptis

386 1945 462 2046 qu'e
487 1940 556 2017 tibi
582 1938 736 2030 fierent3
764 1965 834 2044 ego
856 1935 943 2014 volo
967 1936 1128 2043 probare
1153 1936 1183 2015 si
1212 1936 1376 2015 servabis
1400 1939 1506 2045 quod
1527 1939 1690 2048 jurasti:
1714 1942 1815 2020 unde

385 2069 552 2177 precipio
568 2068 637 2147 tibi
652 2067 758 2175 quod
776 2066 939 2178 abneges
954 2067 1092 2146 Deum.
1110 2104 1123 2136 ι
1139 2067 1288 2148 Etcum
1310 2068 1390 2176 ipse
1410 2069 1515 2148 testis
1536 2087 1633 2148 esset
1650 2073 1815 2179 stupesc-

386 2216 468 2276 ctus
489 2199 537 2276 de
553 2199 654 2277 dicto
668 2216 865 2305 precepto,
887 2216 926 2274 et
942 2198 1144 2304 respiceret
1164 2199 1464 2292 circumstantes,
1480 2199 1603 2278 dictus
1615 2200 1815 2280 Arnaudus

384 2329 585 2409 subridens
601 2329 694 2407 dixit
707 2329 758 2406 ei:
773 2329 917 2418 «Vade,
937 2327 1048 2406 facias
1060 2329 1134 2407 hoc
1151 2357 1294 2408 secure.
1312 2367 1325 2399 ι
1340 2331 1387 2407 Et
1400 2347 1491 2408 tunc
1506 2331 1608 2409 dicto
1623 2347 1814 2440 receptore

385 2463 533 2540 dicente
556 2461 662 2569 quod
684 2459 804 2536 multa
825 2459 1004 2538 dicuntur
1024 2487 1089 2538 ore
1110 2459 1250 2567 quibus
1271 2488 1346 2538 non
1368 2462 1604 2540 consentitur
1625 2463 1756 2556 corde,
1778 2483 1815 2542 et

385 2595 489 2700 quod
510 2592 731 2700 abnegaret,
754 2592 833 2698 ipse
851 2591 957 2670 testis
972 2591 1166 2699 abnegavit
1186 2591 1311 2670 Deum
1332 2592 1483 2684 dolens,
1503 2623 1567 2672 ore
1588 2621 1665 2672 non
1687 2596 1811 2684 corde,

385 2741 428 2800 ut
445 2723 550 2801 dixit.
572 2724 661 2800 Post
679 2749 753 2829 que
770 2720 988 2799 immediate
1009 2720 1098 2800 secit
1118 2748 1206 2798 eum
1222 2721 1357 2829 jurare
1375 2751 1489 2830 super
1507 2723 1652 2802 dictum
1673 2725 1812 2802 librum

387 2855 492 2962 quod
506 2854 719 2962 acquireret
734 2853 859 2931 ordini
875 2852 1181 2959 quibuscumque
1197 2853 1322 2931 modis
1334 2871 1476 2959 posset,
1493 2881 1571 2932 non
1587 2855 1813 2933 declarando

387 2985 498 3063 licitis
517 2984 575 3063 vel
599 2985 751 3062 illicitis.
778 2982 859 3062 Alia
886 2982 1016 3061 illicita
1036 3009 1112 3059 non
1135 2983 1417 3061 intervenerunt
1436 2983 1475 3060 in
1497 2983 1595 3062 dicta
1619 3014 1684 3063 sua
1715 3015 1814 3064 rece-

386 3117 520 3223 pcione
537 3115 596 3193 vel
614 3133 710 3223 post.
728 3114 831 3191 Dixit
840 3130 967 3190 tamen
984 3113 1088 3221 quod
1107 3113 1300 3219 predictus
1314 3113 1428 3190 frater
1439 3113 1638 3192 Arnaudus
1656 3116 1749 3192 dixit
1760 3117 1810 3206 ci,

386 3263 472 3352 post
493 3245 699 3354 predictam
723 3245 984 3351 recepcionem
1008 3271 1131 3334 suam,
1157 3245 1262 3351 quod
1287 3244 1429 3321 amicos
1451 3244 1635 3322 habuerat
1654 3246 1694 3321 in
1716 3246 1812 3323 dicta

387 3407 454 3455 sua
478 3376 713 3485 recepcione,
742 3374 831 3481 quia
858 3374 978 3452 multa
1002 3373 1073 3451 alia
1097 3374 1386 3454 intervenissent
1411 3376 1451 3452 in
1477 3376 1575 3453 dicta
1593 3377 1811 3483 recepcione

385 3539 470 3596 sua,
489 3506 596 3617 quod
613 3535 691 3584 non
707 3505 871 3584 audebat
885 3506 989 3584 idem
1004 3503 1118 3582 frater
1131 3504 1332 3584 Arnuedus
1350 3507 1513 3584 revelare
1529 3508 1616 3598 sibi,
1639 3508 1709 3584 nisi
1731 3537 1814 3615 pre-

386 3627 505 3718 dictos
520 3639 660 3716 amicos
680 3636 734 3716 ibi
753 3636 965 3728 habuisseta
989 3635 1184 3744 exquibus
1203 3635 1360 3743 quidem
1380 3637 1503 3715 verbis
1524 3655 1561 3716 et
1577 3656 1731 3745 propter
1751 3639 1813 3716 ab·

384 3772 627 3879 negucionem
648 3767 872 3876 predictam,
897 3769 1019 3846 dictus
1036 3766 1161 3857 testis,
1183 3765 1356 3844 turbatus
1375 3785 1413 3844 ct
1431 3768 1655 3876 religionem
1670 3769 1813 3846 habens

385 3918 611 4005 suspectam,
635 3898 779 3976 dimisit
798 3896 992 3988 habitum,
1011 3915 1048 3976 et
1069 3897 1164 3974 infra
1185 3925 1327 3976 annum
1347 3928 1367 3975 a
1386 3902 1608 4006 recepcione
1623 3929 1690 3978 sua
1705 3901 1812 3978 exivit

362 4125 363 4128 p
387 4023 531 4108 dictum
547 4029 740 4118 ordinem;
762 4027 884 4104 sedin
905 4028 1109 4105 crastinum
1126 4026 1200 4106 fuit
1215 4044 1361 4134 captus,
1385 4046 1421 4106 et
1436 4031 1484 4108 ad
1502 4031 1716 4109 suasionem
1740 4031 1810 4108 lra-

384 4160 452 4239 tris
471 4160 570 4238 Petri
587 4157 802 4238 Theobaldi
827 4159 1057 4264 preceptoris
1075 4174 1168 4236 tunc
1185 4157 1234 4236 de
1254 4156 1384 4236 Castro
1405 4158 1606 4254 Bernardi,
1624 4163 1689 4268 qui
1714 4159 1812 4239 lece·

385 4309 443 4370 rat
462 4319 550 4371 eum
569 4291 667 4397 capi,
685 4306 722 4367 et
736 4286 860 4366 fratris
879 4289 979 4366 Petri
999 4289 1046 4367 de
1064 4288 1183 4366 Banes
1203 4288 1402 4396 presbiteri
1432 4291 1646 4398 quondam,
1663 4293 1729 4399 qui
1748 4294 1812 4370 ab·

383 4423 494 4502 solvit
514 4451 620 4514 eum,
642 4420 824 4500 remansit
844 4420 883 4497 in
904 4420 1006 4499 dicto
1023 4419 1177 4508 ordine,
1198 4421 1286 4529 quia
1305 4422 1526 4528 permiserat
1546 4423 1618 4502 sibi
1634 4424 1760 4531 quod,
1781 4423 1810 4502 si

383 4553 534 4632 volebat
555 4579 752 4631 remanere
773 4551 812 4626 in
834 4551 936 4629 dicto
956 4550 1090 4628 ordine
1111 4567 1149 4628 et
1168 4549 1267 4628 bene
1289 4549 1427 4644 lacere,
1454 4578 1531 4630 non
1552 4551 1736 4632 revelaret
1755 4580 1812 4630 rc-

378 4713 532 4764 cessum
556 4712 669 4762 suum
695 4681 922 4790 predictum.
951 4681 1166 4789 Requisitus
1184 4680 1216 4758 si
1231 4679 1315 4769 scit,
1334 4680 1470 4769 credit,
1492 4683 1551 4760 vel
1571 4682 1713 4760 audivit
1738 4681 1810 4760 dici

378 4817 489 4932 ¹quod
515 4815 615 4894 dicta
640 4813 842 4923 abnegacio
864 4810 1070 4891 confessata
1088 4839 1157 4918 per
1185 4839 1275 4888 eum
1296 4811 1540 4892 interveniret
1560 4813 1812 4892 communiter
