4320 5898
438 507 485 580 52
824 486 1020 581 moces
1048 507 1142 581 oss
1168 505 1471 580 reuertens,

433 693 494 742 sos
513 663 627 742 luisse
648 681 777 742 contra
797 664 987 756 ordinem,
1013 666 1061 743 ad
1081 668 1188 776 cujus
1208 665 1482 744 deffensionem
1500 693 1537 742 se
1560 694 1636 742 non
1661 666 1859 744 obtulerat.

490 795 707 902 Requisitus
737 797 765 873 si
792 797 845 875 sic
867 795 1093 904 deposuerat
1129 825 1257 904 prece,
1286 813 1481 905 precepto,
1522 796 1674 888 timore,
1714 825 1858 889 amore,

433 926 536 1016 odio,
553 925 611 1003 vel
621 927 820 1035 temporali
837 928 999 1007 comodo
1015 927 1146 1008 habito
1162 929 1220 1008 vel
1230 928 1424 1018 habendo,
1442 929 1639 1036 respondit
1651 929 1756 1036 quod
1769 957 1858 1020 non,

434 1058 501 1133 sed
529 1086 598 1163 pro
628 1060 782 1138 veritate
808 1060 983 1148 dicenda;
1018 1061 1077 1136 cui
1112 1058 1184 1139 luit
1205 1060 1415 1169 injunctum
1439 1060 1543 1166 quod
1573 1089 1650 1138 non
1682 1060 1863 1137 revelaret

434 1189 529 1264 hanc
547 1217 651 1265 suam
675 1189 976 1298 deposicionem,
994 1217 1194 1298 quousque
1219 1189 1480 1268 attestaciones
1498 1189 1639 1268 suerint
1658 1187 1857 1298 publicato.

490 1455 619 1530 Frater
649 1454 835 1532 Robertus
870 1455 917 1533 de
946 1451 1163 1532 Correnllos
1196 1452 1400 1558 presbiter,
1435 1471 1585 1533 curatus
1618 1455 1772 1533 ecclesie
1811 1456 1859 1532 de

435 1585 569 1672 Bralli,
591 1586 822 1664 Bertrandus
842 1585 890 1662 de
911 1586 1135 1670 Somerens,
1152 1583 1342 1662 lohannes
1361 1585 1533 1663 Bocherii
1551 1586 1599 1662 de
1621 1585 1763 1665 Grandi
1781 1586 1858 1666 Vil-

431 1715 511 1792 larii
542 1716 825 1805 Ambianensis,
861 1715 982 1793 Adam
1010 1713 1058 1792 de
1091 1712 1242 1792 lnlemo
1273 1715 1547 1808 Noviornensis,
1581 1714 1778 1823 Philippus
1811 1718 1857 1794 do

433 1849 578 1939 Maniu,
593 1849 781 1926 Rohertus
803 1847 850 1925 de
866 1845 1066 1924 Rambeval
1082 1845 1323 1936 Morinensis,
1340 1845 1536 1955 Philippus
1552 1847 1600 1924 de
1619 1846 1855 1938 Laveroines,

433 1979 618 2056 Martinus
634 1978 923 2066 de'Marselhes,
946 1978 1137 2055 lohannes
1156 1977 1296 2084 Peynet
1316 1975 1502 2083 presbiter
1519 1977 1767 2070 Belvacensis,
1788 1979 1855 2056 Pe-

432 2127 512 2187 trus
543 2111 589 2186 de
618 2110 729 2188 Siven
763 2109 966 2217 presbiter,
997 2107 1216 2196 Bisuntine‚
1255 2106 1442 2187 Geraldus
1481 2107 1623 2186 iudicis
1660 2129 1857 2218 preceptor
1952 2091 1956 2102 ¹

432 2241 570 2318 domus
582 2239 730 2348 Templi
748 2239 1018 2328 Narmatensis,
1032 2236 1219 2316 Martinus
1234 2238 1282 2316 de
1298 2239 1427 2317 Monte
1442 2241 1641 2318 Trichardi
1661 2217 1856 2348 preceptor

430 2371 566 2448 domus
585 2372 734 2480 Templi
757 2373 805 2449 de
822 2370 923 2450 Melo
944 2370 1091 2457 Leone,
1111 2369 1303 2446 lohannes
1319 2370 1488 2448 Durandi
1507 2389 1705 2478 preceptor
1720 2372 1854 2450 domus

429 2502 580 2608 Templi
600 2503 647 2578 de
668 2501 849 2594 Gandria,
870 2502 1060 2580 lohannes
1081 2500 1129 2576 de
1154 2500 1274 2576 Rasns
1297 2517 1496 2608 preceptor
1517 2501 1667 2608 Templi
1690 2502 1737 2579 de
1757 2503 1854 2579 Lan-

430 2632 655 2720 deblancha,
688 2630 977 2709 Bartholomeus
1003 2630 1050 2707 de
1077 2628 1196 2706 Podio
1222 2628 1364 2706 Revelli
1389 2619 1637 2722 Pictavensis,
1654 2632 1787 2709 Petrus
1807 2633 1853 2709 de

430 2765 566 2840 Sancto
593 2762 799 2840 Benedicto
824 2759 1120 2846 Aurelianensis,
1142 2758 1276 2862 Petrus
1293 2759 1341 2838 de
1364 2759 1493 2838 Monte
1514 2759 1682 2840 Chalveti
1703 2763 1854 2869 Lugdu-

429 2895 570 2982 nensis,
593 2893 760 2972 Andreas
785 2893 832 2970 de
857 2891 988 2972 Monte
1009 2891 1195 2982 Laudato,
1218 2907 1255 2968 et
1280 2889 1505 2999 Raynaudus
1530 2893 1707 2969 Larchier
1731 2894 1852 2970 Turo—

429 3025 555 3101 nensis
570 3023 814 3112 diocessium,
833 3022 986 3101 adducti
996 3050 1065 3128 pro
1079 3019 1241 3099 testibus
1258 3019 1306 3098 ad
1324 3021 1558 3128 presenciam
1579 3021 1768 3100 dictomm
1788 3024 1870 3130 do-·

428 3155 621 3232 minorum
643 3153 1004 3242 commissariorum,
1027 3151 1206 3258 premissa
1225 3150 1500 3256 protestacione
1514 3153 1620 3260 quod
1638 3179 1714 3230 non
1734 3155 1852 3231 inten-

429 3287 525 3362 dunt
542 3285 718 3364 recedere
735 3313 754 3362 a
772 3283 1077 3391 deposicionibus
1098 3311 1165 3388 per
1180 3310 1245 3358 eos
1259 3280 1363 3360 lactis
1381 3310 1507 3360 coram
1533 3282 1732 3362 ordinariis
1752 3286 1848 3372 suis,

428 3435 465 3492 et
483 3419 512 3494 si
533 3416 619 3523 plus
634 3417 693 3494 vel
713 3416 840 3494 minus
859 3391 1046 3508 dicerent,
1064 3413 1169 3521 quod
1192 3413 1246 3491 eis
1263 3440 1340 3492 non
1361 3413 1589 3524 prejudicet,
1610 3414 1849 3523 juraverunt,

426 3548 531 3625 tactis
544 3546 785 3626 sacrosanctis
796 3545 1021 3654 Evangeliis,
1039 3546 1163 3624 dicere
1177 3545 1217 3622 in
1234 3545 1305 3622 isto
1322 3545 1480 3654 negocio
1497 3545 1648 3653 plenam
1662 3562 1699 3622 et
1710 3573 1850 3622 meram

424 3680 634 3768 veritatem,
666 3680 875 3758 secundum
901 3679 1060 3757 formam
1075 3677 1282 3787 juramenti
1313 3676 1473 3755 aliorum
1503 3677 1656 3754 testium
1682 3677 1852 3783 superius

425 3811 672 3917 mgistratum,
697 3812 899 3918 expositam
917 3828 955 3888 et
970 3809 1234 3916 vulgaritatem
1255 3807 1410 3886 eisdem.

483 3941 570 4017 Acta
592 3940 749 4018 luerunt
770 3941 841 4016 hec
862 3938 970 4018 dictis
991 3939 1052 4017 die
1073 3955 1112 4015 et
1132 3939 1231 4028 loco,
1254 3936 1494 4045 presentibus
1512 3963 1573 4014 me
1595 3936 1850 4016 Floriamonte

425 4070 646 4162 Dondedei,
666 4089 703 4148 et
723 4069 805 4147 aliis
825 4070 979 4148 notariis
1000 4069 1135 4147 ultimo
1153 4067 1367 4147 nominatis.
1386 4068 1517 4146 Dictus
1534 4068 1651 4145 eciam
1677 4068 1851 4174 magister

425 4201 590 4280 Amisius
608 4199 780 4279 interfuit
809 4201 1019 4306 recepcioni
1041 4199 1249 4309 juramenti
1274 4198 1429 4277 testium
1457 4197 1713 4305 predictorum
1734 4197 1848 4274 hodie

424 4333 708 4438 productorum.
1803 4337 1807 4344 ’

481 4595 569 4670 Post
602 4595 689 4683 hec,
730 4596 791 4672 die
819 4587 947 4671 Martis
973 4593 1165 4701 sequenti,
1188 4621 1263 4700 que
1292 4590 1362 4669 fuit
1387 4617 1446 4670 xvt
1482 4592 1563 4670 dies
1591 4591 1680 4668 dicti
1709 4592 1849 4669 mensis

423 4725 569 4812 Marcii,
590 4723 661 4802 fuit
682 4723 868 4802 adductus
895 4724 942 4801 ad
969 4723 1199 4830 presenciam
1226 4722 1415 4802 dictorum
1440 4722 1682 4800 dominorum
1705 4723 1847 4829 episco-

423 4885 559 4960 porum
576 4855 808 4934 Mimatensis
829 4871 866 4932 et
880 4855 1173 4944 Lemovicensis,
1191 4871 1226 4931 et
1241 4854 1493 4932 archidiaconi
1507 4853 1743 4945 Tridentini,
1766 4851 1847 4928 aliis
