4202 5876
695 531 893 628 procus
919 553 1015 626 nas
1041 553 1342 629 raurutuas.
1660 556 1737 638 ιιι.

304 693 434 774 fratres
454 693 543 772 dicti
560 695 679 774 Mansi
699 695 770 773 Dei
791 695 902 774 insui
923 696 1114 802 presencia
1135 698 1356 776 constitutos
1369 697 1511 805 rogavit
1522 715 1560 776 et
1570 699 1733 793 monuit,
1780 743 1784 754 ·

221 875 226 881 -
304 826 481 934 quatinus
502 855 615 934 super
641 825 819 933 predictis
843 824 1005 906 articulis
1026 827 1173 932 plenam
1203 845 1239 906 et
1265 857 1397 935 puram
1419 828 1588 908 dicerent
1604 830 1737 908 verita-

303 977 395 1039 tem.
413 959 525 1038 Aliud
544 958 633 1036 inde
653 958 781 1036 nescit.

361 1224 469 1306 Anno
489 1252 566 1333 quo
586 1252 715 1332 supra,
737 1251 802 1302 ιιιιι
822 1221 997 1300 kalendas
1017 1220 1206 1300 februarii.

362 1359 454 1437 Vlll.
490 1358 617 1435 Frater
649 1355 891 1464 Raymundus
931 1353 978 1431 de
1018 1353 1155 1434 Gordia
1198 1353 1323 1443 miles,
1366 1372 1564 1461 preceptor
1603 1355 1738 1433 domus

306 1489 425 1567 Mansi
443 1489 515 1567 Dei
539 1487 684 1566 ordinis
703 1487 841 1567 milicie
859 1485 1021 1593 Templi,
1045 1485 1218 1564 Elnensis
1239 1485 1418 1575 diocesis,
1440 1485 1546 1564 testis
1566 1486 1735 1594 juratus,

306 1647 420 1726 super
440 1619 618 1727 predictis
643 1619 808 1697 articulis
832 1636 868 1696 et
888 1646 1019 1696 eorum
1040 1617 1211 1724 quolibet
1228 1616 1299 1694 sibi
1321 1615 1496 1724 expositis
1515 1617 1554 1694 in
1574 1617 1735 1725 vulgari,

307 1769 349 1828 ut
368 1750 584 1860 principalis
604 1750 652 1828 dc
672 1777 712 1828 se
732 1751 833 1855 ipso,
858 1767 896 1826 et
913 1767 955 1828 ut
971 1749 1076 1828 testis
1092 1748 1139 1826 de
1158 1749 1255 1839 aliis,
1274 1748 1475 1856 diligenter
1493 1765 1529 1826 et
1548 1748 1737 1856 sigillatim

307 1883 571 1989 interrogatus,
590 1880 824 1988 respondens
845 1881 937 1958 dixit
953 1909 1066 1986 super
1080 1881 1203 1988 primo
1218 1881 1321 1988 quod
1343 1880 1498 1958 crimina
1512 1897 1686 1958 contenta
1700 1881 1738 1956 in

307 2015 388 2120 ipso
408 2015 530 2122 primo
548 2013 704 2092 articaalo
725 2030 867 2092 suntet
886 2012 1060 2091 videntur
1079 2013 1149 2092 sibi
1166 2012 1376 2103 horribilia,
1400 2011 1504 2090 valde
1521 2011 1682 2090 nefanda
1703 2029 1740 2088 et

308 2143 509 2235 diabolica,
532 2161 570 2223 et
590 2146 696 2250 quod
715 2145 794 2252 ipsa
814 2161 990 2224 contenta
1010 2145 1146 2251 inipso
1166 2145 1288 2250 primo
1308 2143 1464 2221 articulo
1484 2143 1639 2222 crimina
1659 2145 1738 2251 ipse

307 2305 375 2354 nec
390 2277 460 2355 scit
478 2304 549 2353 nec
568 2275 687 2354 credit
704 2277 862 2354 comissa
877 2275 991 2354 luisse
1013 2305 1032 2352 a
1052 2303 1093 2352 se
1113 2276 1195 2382 ipso
1210 2304 1280 2352 nec
1297 2275 1344 2352 ab
1363 2275 1491 2382 aliquo
1507 2273 1619 2352 fratre
1636 2275 1740 2356 ordi·

307 2410 365 2484 nis
393 2406 482 2484 dicti
511 2407 674 2513 Templi.
699 2408 780 2485 Imo
806 2408 874 2484 scit
896 2408 944 2484 de
969 2407 1114 2513 seipso
1138 2435 1209 2484 nec
1227 2406 1375 2485 dubitat
1397 2406 1494 2483 dicta
1515 2407 1668 2484 crimina
1682 2407 1740 2484 vel

308 2539 464 2644 aliquod
481 2539 528 2616 de
545 2539 687 2616 eisdem
707 2568 783 2618 non
798 2538 913 2618 fuisse
934 2539 1093 2618 comissa
1111 2569 1131 2615 a
1146 2567 1203 2630 se;
1225 2555 1262 2616 et
1280 2538 1384 2615 idem
1404 2537 1496 2615 dicit
1511 2537 1557 2614 de
1573 2537 1653 2614 aliis
1668 2537 1741 2614 lra-

307 2670 428 2748 trihus
455 2671 623 2778 ejusdem
650 2669 793 2749 ordinis
823 2699 919 2779 quos
943 2671 1022 2777 ipse
1042 2672 1184 2778 recepit
1206 2688 1244 2749 et
1264 2670 1379 2776 recipi
1397 2667 1491 2748 vidit
1505 2668 1554 2747 ad
1565 2668 1739 2747 ordinem

307 2802 574 2908 supradictum.
594 2802 696 2880 Dixit
721 2802 838 2879 eciam
864 2829 902 2878 se
931 2831 1007 2880 non
1034 2802 1187 2879 credere
1212 2801 1376 2908 aliquem
1396 2799 1547 2878 fratrem
1573 2829 1739 2908 unquam

306 2933 419 3013 fuisse
447 2950 641 3040 receptum
668 2964 688 3010 a
712 2962 954 3042 quocumque
980 2935 1027 3012 ad
1054 2932 1227 3012 ordinem
1253 2933 1529 3039 supradictum,
1550 2933 1616 3040 qui
1643 2932 1740 3009 dicta

308 3066 464 3144 crimina
494 3066 532 3144 in
557 3066 659 3144 dicto
679 3066 836 3144 articulo
854 3083 1028 3144 contenta
1048 3065 1237 3144 comiserit
1255 3064 1312 3142 vel
1336 3065 1492 3172 aliquod
1515 3064 1561 3141 de
1584 3064 1739 3142 eisdem.

308 3199 382 3276 Nec
402 3198 587 3303 recipiens
607 3197 754 3276 comisit
769 3199 995 3305 supradicta.

365 3328 422 3406 Ad
446 3354 593 3408 u-vm
609 3328 783 3406 articulos
804 3329 1001 3419 inclusive,
1038 3327 1238 3436 diligenter
1258 3345 1296 3405 et
1320 3327 1508 3433 sigillatim
1536 3326 1742 3432 iuterroga-

307 3477 384 3548 tus,
406 3458 499 3537 dixit
522 3476 565 3536 ut
591 3488 702 3566 supra
727 3459 900 3566 deposuit
925 3487 1038 3566 super
1065 3459 1204 3566 primo,
1231 3457 1397 3535 adiciens
1419 3487 1458 3536 se
1486 3485 1562 3535 non
1588 3455 1741 3534 credere
1794 3449 1798 3452 ⁵

308 3618 376 3695 per
388 3589 501 3667 alium
514 3619 621 3696 posse
638 3589 766 3668 salvari
784 3591 856 3668 nisi
871 3619 939 3697 per
955 3591 1163 3668 Dominum
1176 3607 1345 3668 nostrum
1362 3591 1381 3666 J
1386 3590 1518 3666 hesum
1533 3587 1738 3676 Christum,

309 3722 376 3828 qui
404 3738 460 3799 est
483 3750 568 3800 vera
596 3722 695 3800 salus
719 3723 887 3800 omnium
911 3721 1098 3812 fidelium,
1117 3722 1238 3828 etqui
1264 3749 1394 3828 passus
1416 3719 1488 3799 fuit
1511 3748 1579 3826 pro
1605 3720 1741 3798 nostris

308 3856 482 3960 peccatis,
513 3883 590 3933 non
614 3883 682 3961 pro
708 3855 800 3945 suis,
829 3870 866 3932 et
889 3883 958 3962 pro
988 3853 1249 3960 redemptione
1278 3853 1436 3954 humani
1461 3852 1624 3960 generis,
1655 3881 1742 3929 cum

308 4004 500 4091 peccatum
515 4014 592 4064 non
606 3984 750 4076 fecerit,
772 4015 842 4064 nec
862 3986 932 4064 suit
952 3986 1063 4064 dolus
1082 3986 1121 4062 in
1137 4014 1203 4065 ore
1224 3985 1315 4092 ejus.
1383 3991 1389 4001 ’

366 4116 818 4196 Ad1x—x111articulos
839 4117 1016 4195 inclusive
1038 4115 1214 4194 facientes
1234 4116 1471 4196 mencionem
1497 4116 1545 4192 de
1571 4114 1741 4195 dehone-

310 4248 440 4326 standa
456 4277 565 4326 cruce
587 4248 724 4326 Christi
745 4265 782 4326 et
806 4249 886 4356 ejus
907 4248 1093 4356 vituperio
1120 4265 1156 4325 et
1178 4247 1345 4326 crucifixi
1366 4247 1405 4324 in
1422 4275 1464 4324 ea
1485 4245 1685 4353 diligenter
1705 4263 1743 4324 et

309 4365 495 4487 sigillatim
516 4381 780 4488 interrogatus,
802 4407 915 4487 super
938 4380 991 4456 eis
1016 4381 1250 4486 respondens
1270 4378 1376 4468 dixit,
1399 4377 1545 4486 negavit
1564 4378 1744 4485 simplici-

309 4529 369 4588 ter
388 4530 425 4590 et
444 4539 537 4618 pure
558 4513 657 4619 ipsos
682 4512 859 4591 articulos
884 4529 922 4590 et
946 4511 1071 4592 omnia
1100 4528 1137 4588 et
1159 4510 1306 4619 singula
1332 4526 1505 4588 contenta
1525 4509 1564 4586 in
1586 4511 1657 4600 eis,
1679 4508 1743 4586 ad-

312 4643 518 4751 densquod
530 4643 578 4722 ad
590 4644 774 4722 honorem
791 4659 830 4722 et
847 4642 1003 4751 gloriam
1020 4642 1249 4722 sanctissime
1265 4641 1386 4720 crucis
1399 4640 1537 4720 Christi
1558 4657 1596 4717 et
1608 4640 1743 4746 passio·

186 4861 191 4871 ‚
311 4776 370 4854 nis
390 4777 472 4884 ejus
490 4805 605 4883 quam
622 4776 701 4882 ipse
721 4776 893 4854 Christus
911 4803 1040 4882 passus
1058 4773 1131 4853 luit
1150 4774 1190 4852 in
1211 4801 1280 4852 suo
1295 4771 1566 4882 gloriosissimo
1586 4797 1741 4877 corpore

312 4936 379 5015 pro
402 4935 442 4986 se
467 4924 504 4984 et
528 4935 596 5014 pro
624 4905 705 4984 aliis
730 4907 906 4989 fidelibus
927 4906 1162 4995 Christianis,
1184 4923 1260 4984 tam
1286 4906 1365 5013 ipse
1390 4931 1502 5009 quam
1527 4900 1589 4978 alii
1610 4899 1744 4980 fratres

420 5067 525 5126 raonis
541 5083 594 5126 aas
609 5083 781 5128 renarrans.
796 5099 838 5110 -·
853 5084 887 5127 ιι.
1533 5056 1574 5120 58
