4486 5890
474 535 544 606 ue
859 507 1053 602 procus
1081 527 1176 600 uns
1202 526 1504 601 renuamus.

468 673 583 750 ferret
602 669 792 760 alienum,
815 670 904 776 quia
925 667 1056 746 nullus
1077 695 1120 746 ex
1143 665 1320 746 struibus
1339 666 1483 746 ordinis
1499 684 1628 776 ageret
1645 669 1894 774 penitenciam

468 832 537 910 pro
558 830 621 893 eo,
643 815 681 878 et
708 799 813 906 quod
842 827 921 877 non
943 800 1141 876 interesset
1167 797 1250 878 loco
1271 799 1311 876 in
1338 827 1416 906 quo
1442 797 1576 906 aliquis
1603 797 1896 878 exheredaretur

472 934 630 1039 injuste;
652 947 689 1008 et
714 930 892 1034 imposito
919 929 988 1007 sibi
1010 927 1211 1016 mantello,
1233 929 1313 1035 ipse
1340 945 1379 1006 et
1401 945 1574 1036 receptor
1601 944 1639 1008 et
1658 946 1820 1010 anantes
1833 957 1897 1010 oc-

472 1063 582 1142 culati
605 1060 761 1138 luerunt
786 1087 876 1138 eum
896 1060 934 1138 in
953 1086 1036 1148 ore,
1056 1075 1095 1137 et
1111 1058 1285 1136 instruxit
1309 1087 1398 1137 eum
1420 1057 1525 1166 quod
1535 1059 1677 1167 jaceret
1697 1089 1784 1138 cunr
1803 1088 1896 1166 pan·

471 1195 529 1270 nis
556 1193 681 1280 lineis,
712 1217 786 1270 una
809 1189 964 1270 cordula
984 1190 1145 1281 cinctus,
1175 1207 1213 1268 et
1233 1188 1396 1296 qualiter
1426 1207 1575 1298 regeret
1604 1218 1644 1268 se
1677 1191 1716 1268 in
1746 1191 1893 1270 ordine.

471 1321 720 1400 Postmodum
754 1320 846 1396 dixit
878 1321 910 1397 ei
944 1321 1049 1427 quod
1079 1347 1155 1396 non
1176 1319 1392 1397 turbaretur
1420 1347 1491 1398 nec
1515 1337 1724 1399 terreretur
1753 1321 1802 1400 de
1823 1322 1896 1400 hiis

473 1482 547 1558 que
570 1452 739 1531 dicerent
759 1449 903 1541 eidem,
928 1467 966 1528 et
986 1448 1096 1528 allata
1115 1450 1278 1558 quadam
1297 1479 1407 1528 cruce
1428 1449 1550 1558 lignea
1567 1451 1606 1530 in
1624 1480 1697 1560 qua
1718 1479 1796 1532 nou
1818 1471 1895 1530 erat

472 1610 605 1689 ymago
625 1579 820 1671 Crucilixi,
846 1579 964 1658 nescit
988 1607 1212 1687 perquem,
1244 1581 1412 1686 precepit
1441 1580 1475 1658 ei
1508 1579 1631 1662 dictm
1659 1581 1787 1660 Guido
1807 1581 1896 1661 Chi·

472 1714 551 1790 lleti
578 1711 685 1818 quod
717 1727 870 1815 spueret
890 1737 1004 1816 supra
1033 1708 1169 1786 dictam
1190 1737 1361 1799 crucem
1390 1711 1532 1816 etipse
1557 1711 1677 1799 testis,
1710 1739 1797 1790 eum
1828 1711 1896 1790 oli·

473 1840 699 1949 quantulum
734 1839 965 1929 recessisset,
997 1837 1160 1918 finaliter
1182 1867 1269 1916 cum
1294 1839 1330 1918 ei
1360 1839 1550 1919 diceretur
1565 1841 1675 1948 quod
1699 1840 1898 1948 oportebat

474 1999 562 2050 eum
586 1969 761 2059 obedire,
787 1971 888 2075 spuit
902 1997 980 2046 uon
996 1995 1108 2074 supra
1130 1969 1199 2048 sed
1207 1969 1312 2076 juxte
1329 1996 1424 2048 eom.
1439 1970 1589 2050 Deinde
1610 1970 1703 2050 dixit
1721 1972 1755 2049 ei
1772 1972 1892 2080 quod,

474 2103 504 2178 si
525 2102 641 2207 aliqui
666 2098 796 2176 famuli
820 2099 964 2176 ordinis
988 2099 1158 2176 venirent
1181 2098 1229 2176 ad
1246 2098 1373 2179 locum
1395 2099 1434 2176 in
1456 2128 1534 2207 quo
1556 2101 1636 2206 ipsc
1652 2101 1761 2180 testis
1780 2121 1894 2190 esset,

476 2248 514 2308 et
545 2231 726 2307 haberent
752 2229 948 2334 penuriam
985 2228 1195 2319 lectorum,
1223 2229 1328 2334 quod
1353 2228 1591 2337 recolligeret
1621 2257 1686 2312 eos
1719 2231 1757 2306 in
1798 2231 1895 2310 lecto

473 2389 559 2451 suo,
577 2376 796 2436 nontamen
814 2358 999 2435 intellexit
1023 2358 1146 2435 dictus
1167 2359 1273 2436 testis
1293 2359 1332 2435 in
1347 2359 1422 2438 boc
1435 2358 1580 2466 aliquid
1600 2359 1788 2438 illicitum.
1816 2361 1895 2440 Alia

474 2491 673 2596 inhonesta
693 2515 770 2566 non
790 2489 1072 2566 intervenerunt
1092 2488 1130 2564 in
1151 2487 1250 2566 dicte
1270 2515 1337 2566 sue
1364 2489 1585 2594 recepcione
1612 2515 1683 2570 uec
1708 2507 1813 2597 post,
1829 2517 1896 2568 nec

476 2619 611 2708 credit,
635 2619 723 2724 quia
743 2645 819 2694 non
840 2617 946 2707 vidit,
976 2646 1045 2696 nec
1072 2617 1214 2694 audivit
1230 2619 1325 2709 dici,
1352 2619 1459 2724 quod
1482 2618 1579 2698 dicta
1600 2619 1728 2698 illicita
1748 2620 1808 2698 vel
1825 2619 1894 2702 atie

477 2747 747 2826 intervenirent
771 2746 811 2822 in
845 2747 1131 2853 recepcionibus
1160 2746 1321 2828 aliorum
1355 2746 1513 2828 fratrmn
1546 2749 1692 2828 ordinis
1715 2748 1774 2828 vel
1801 2767 1894 2855 post.

475 2881 586 2962 Item,
607 2877 699 2954 dixit
723 2876 828 2982 quod
846 2877 944 2954 bene
973 2875 1150 2956 credebat
1179 2877 1434 2958 ecclesiasticis
1452 2879 1710 2966 sacramentis,
1724 2895 1767 2958 et
1780 2879 1899 2958 credit

479 3007 583 3113 quod
612 3006 674 3084 alii
691 3005 829 3084 ,fratres
847 3007 991 3086 ordinis
1012 3008 1146 3084 eodem
1181 3007 1297 3084 modo
1327 3007 1544 3094 crederent,
1571 3025 1612 3086 ot
1635 3008 1739 3114 quod
1767 3037 1896 3088 eorum

478 3136 692 3215 sacerdotes
720 3135 847 3212 debite
876 3134 1126 3222 celebrarent,
1153 3154 1190 3214 et
1224 3153 1443 3244 preceptum
1470 3136 1544 3218 luit
1571 3139 1642 3245 ipsi
1671 3139 1758 3216 testi
1796 3139 1897 3245 quod

480 3267 696 3344 conveniret
712 3265 759 3344 ad
780 3265 914 3354 divina,
929 3265 1081 3371 quando
1095 3265 1244 3344 audiret
1262 3265 1402 3371 pulsari
1423 3293 1652 3374 campanam.
1676 3269 1810 3348 Statim
1830 3296 1896 3376 pro

478 3396 655 3501 professis
678 3394 925 3476 habebantur.
945 3394 1186 3474 Clandestine
1214 3395 1503 3501 recipiebantur,
1528 3397 1644 3476 nullis
1663 3397 1897 3505 presentibus

480 3526 550 3602 uisi
580 3524 758 3604 fratribus
782 3523 938 3604 ordinis.
965 3526 1006 3602 ln
1032 3525 1148 3602 domo
1175 3525 1223 3600 de
1245 3525 1350 3603 Certi
1372 3525 1411 3604 in
1433 3555 1507 3634 que
1530 3525 1604 3604 suit
1627 3547 1895 3614 commoratus,

478 3655 571 3731 vidit
591 3654 815 3734 elemosinas
832 3655 1097 3735 convenienter
1117 3651 1211 3732 lieri.
1298 3713 1299 3718 ,

535 3787 749 3889 Requisitus
775 3785 885 3864 sisic
920 3785 1147 3890 deposuerat
1175 3816 1305 3891 prece,
1341 3806 1533 3894 precepto,
1564 3790 1719 3879 tiorore,
1751 3817 1896 3874 amore,

479 3915 580 4003 odio,
609 3916 667 3990 vel
695 3913 893 4020 temporali
918 3915 1080 3992 comodo
1110 3916 1237 3995 habito
1263 3917 1320 3994 vel
1350 3917 1548 4011 babendo,
1577 3919 1773 4025 respondit
1798 3919 1898 4024 quod

479 4071 574 4134 non,
597 4044 664 4120 sed
687 4071 756 4148 pro
783 4045 936 4122 veritate
954 4043 1130 4134 dicenda;
1153 4049 1212 4124 cui
1239 4047 1311 4125 fuit
1336 4050 1550 4156 injunctum
1568 4050 1675 4156 quod
1702 4077 1778 4126 non
1799 4078 1898 4126 reve-

478 4171 573 4248 laret
596 4173 692 4251 hanc
716 4201 823 4252 suam
847 4174 1127 4280 deposicionem
1141 4237 1150 4267 ‚
1166 4205 1366 4285 quousque
1387 4180 1647 4258 attesteeiones
1673 4179 1815 4258 luerint
1834 4208 1900 4285 pu·

479 4299 632 4388 blicate;
650 4321 688 4379 et
708 4331 784 4378 non
800 4302 988 4382 obtulerat
1003 4334 1042 4382 sc
1068 4306 1115 4384 ad
1131 4307 1404 4386 deffensionem
1419 4309 1582 4402 ordinis,
1602 4311 1698 4388 sient
1714 4309 1817 4388 dixit.
1889 4366 1890 4374 ,

536 4562 663 4638 Frater
673 4561 910 4640 ''Guillelmus
929 4563 975 4639 de
993 4566 1174 4672 Vernegia
1196 4565 1325 4655 miles,
1348 4569 1625 4648 lemovicensis
1644 4571 1823 4658 diocesis,
1840 4569 1901 4646 ad-

478 4689 613 4768 ductus
635 4719 703 4795 pro
722 4706 817 4768 teste
843 4691 890 4767 ad
914 4696 1145 4798 presenciam
1172 4697 1394 4776 eorumdem
1417 4698 1666 4778 dominorum
1687 4700 1902 4778 commissa-

476 4819 640 4908 riorum,
657 4820 811 4926 juravit‚
828 4823 934 4900 tactis
950 4825 1191 4902 sacrosanctis
1206 4828 1430 4934 Evangeliis‚
1446 4829 1572 4908 dicere
1594 4833 1632 4908 in
1655 4831 1725 4908 isto
1746 4830 1902 4938 negocio
