4486 5890
467 505 516 577 ss
855 479 1054 573 procus
1081 496 1172 569 ors
1200 497 1503 570 reuertens.

464 643 699 722 ordinaverat
715 670 762 718 ne
779 640 933 718 daretur
950 639 1020 718 nisi
1037 655 1096 716 ter
1109 638 1149 714 in
1165 636 1395 730 ebdomada,
1414 655 1568 745 propter
1583 639 1737 746 negocia
1751 669 1826 746 que
1843 643 1895 718 eis

463 773 752 862 incumbebant,
779 788 819 849 et
840 771 945 879 quod
971 787 1125 878 propter
1149 767 1432 847 restitucionem
1461 768 1645 845 dictarum
1670 767 1895 847 elemosina-

464 935 548 983 rum
570 903 788 1011 paciebatur
805 903 916 990 ordo,
940 917 1069 979 contra
1086 927 1200 1006 quem
1224 927 1325 976 nunc
1344 898 1499 1006 grandia
1520 898 1709 985 scandala,
1733 901 1895 1005 suspicio

465 1054 503 1112 ct
523 1035 675 1113 infamia
691 1051 778 1113 sunt
793 1050 935 1123 exorta,
955 1049 993 1109 et
1004 1030 1125 1107 credit
1140 1029 1247 1136 quod
1261 1029 1465 1106 confessata
1481 1057 1548 1136 per
1564 1057 1654 1106 eum
1668 1047 1793 1106 essent
1809 1047 1896 1108 nota

464 1167 644 1258 fratribus
665 1166 826 1255 ordinis,
850 1181 886 1242 et
904 1162 1012 1271 quod
1036 1189 1194 1268 magnus
1221 1161 1397 1269 Magister
1417 1159 1536 1237 etalii
1560 1160 1693 1238 eadem
1715 1161 1790 1238 sint
1807 1189 1897 1238 con·

465 1299 563 1376 lessi.
587 1301 668 1375 Non
691 1297 881 1376 obtulerat
900 1323 939 1374 se
962 1292 1186 1372 deffensioni
1212 1291 1300 1370 dicti
1321 1292 1477 1370 ordinis.

524 1430 739 1536 Requisitus
762 1428 793 1504 si
821 1427 873 1504 sic
897 1427 1122 1533 deposuerat
1145 1451 1278 1529 prece,
1314 1440 1513 1529 precepto,
1537 1451 1685 1514 amore,
1704 1422 1816 1511 odio,
1837 1423 1895 1500 vel

465 1558 664 1666 temporali
680 1557 843 1637 comodo
857 1555 988 1634 habito
1003 1554 1062 1632 vel
1076 1552 1270 1640 habendo,
1293 1553 1489 1661 respondit
1509 1552 1615 1661 quod
1634 1580 1726 1642 non,
1746 1554 1813 1631 sed
1827 1583 1896 1661 pro

464 1691 617 1795 veritate
640 1690 817 1777 dicenda;
837 1687 897 1763 cui
918 1685 992 1762 fuit
1011 1684 1224 1792 injunctum
1247 1683 1353 1790 quod
1374 1712 1451 1760 non
1472 1683 1653 1762 revelaret
1673 1684 1769 1760 hanc
1791 1711 1896 1761 suam

467 1819 767 1926 deposicionem,
789 1844 988 1925 quousque
1013 1813 1275 1892 attestaciones
1295 1813 1437 1891 luerint
1455 1813 1658 1921 publicate.

524 1950 614 2027 Acta
633 1948 788 2029 firerunt
805 1949 875 2024 hec
893 1946 1001 2024 dictis
1019 1944 1079 2021 die
1102 1961 1140 2020 et
1159 1943 1259 2030 loco,
1282 1943 1521 2048 presentibus
1541 1945 1720 2050 magistro
1735 1944 1896 2034 Amisio,

469 2109 529 2156 me
545 2080 801 2157 Floriamonte
817 2076 1036 2162 Dondedei‚
1054 2090 1092 2151 et
1106 2073 1189 2151 aliis
1204 2073 1358 2152 notariis
1374 2105 1486 2182 supra
1501 2075 1638 2154 ultimo
1655 2074 1867 2153 nominatis.

522 2343 710 2430 Posthac,
728 2340 790 2418 die
804 2341 911 2418 Lune
928 2357 1013 2447 post
1025 2339 1149 2418 Letoce
1161 2341 1369 2430 Jerusalem,
1391 2367 1466 2448 que
1482 2339 1554 2418 luit
1566 2367 1638 2418 xxn
1654 2340 1744 2417 dicti
1758 2341 1899 2418 mensis

468 2474 616 2558 Marcii,
639 2488 896 2548 convenerunt
916 2469 1006 2546 dicti
1029 2469 1175 2546 domini
1197 2471 1428 2548 Mimatensis
1458 2488 1495 2547 et
1519 2471 1798 2549 Lemovicensis
1819 2472 1898 2578 epi-

468 2605 588 2710 scopi,
604 2621 642 2679 et
657 2602 943 2681 archidiaconus
955 2601 1219 2688 Tridentinus,
1234 2600 1316 2678 aliis
1331 2601 1499 2711 legitime
1515 2602 1712 2691 excusatis,
1728 2602 1768 2679 in
1784 2602 1898 2679 domo

471 2733 617 2810 domini
633 2732 732 2809 Petri
762 2733 809 2808 de
835 2731 1023 2810 Sabaudia
1047 2732 1315 2838 archiepiscopi
1336 2731 1614 2840 Lugdunensis,
1636 2749 1723 2808 ante
1742 2733 1897 2810 domum

468 2863 625 2942 fratrum
648 2863 840 2940 Minorum
861 2863 908 2940 de
931 2863 1111 2951 Parisius,
1138 2879 1176 2940 et
1202 2861 1274 2940 luit
1302 2860 1445 2939 ibidem
1466 2862 1651 2939 adductus
1677 2862 1726 2939 ad
1745 2889 1891 2968 presen-

469 2996 563 3072 ciam
591 2993 813 3072 eorumdem
842 2992 956 3072 frater
991 2993 1039 3071 de
1071 2994 1199 3072 Monte
1233 2992 1430 3070 Trichardi
1461 2993 1640 3080 serviens,
1667 2993 1897 3070 Turonensis

470 3125 646 3212 diocesis,
668 3139 866 3230 preceptor
885 3124 1023 3202 domus
1044 3121 1194 3229 Templi
1218 3122 1266 3199 de
1295 3120 1395 3199 Malo
1419 3123 1544 3199 Leone
1568 3120 1791 3198 Pictavensis
1816 3120 1896 3198 dio-

469 3255 578 3345 cesis,
599 3252 822 3333 mantellum
837 3253 982 3332 ordinis
997 3271 1034 3330 et
1046 3251 1201 3330 barbam
1219 3252 1425 3342 defferens,
1445 3252 1705 3360 sexagenarius
1714 3253 1773 3330 vel
1786 3253 1894 3344 circa,

470 3413 556 3462 cum
577 3413 654 3492 quo
673 3385 894 3491 inquisitum
910 3383 1048 3476 fuerat,
1067 3381 1262 3463 absolutus
1281 3400 1318 3460 et
1333 3382 1596 3461 reconciliatus
1616 3409 1685 3490 per
1699 3381 1896 3460 officialem

367 3567 372 3573 -
469 3517 745 3592 Turonensem.
768 3515 889 3591 Lectis
909 3532 946 3592 et
967 3514 1169 3623 diligenter
1190 3513 1367 3621 expositis
1390 3514 1461 3591 sibi
1485 3512 1665 3590 omnibus
1687 3530 1725 3590 et
1743 3513 1899 3622 singulis

469 3643 650 3732 articulis,
685 3643 880 3751 respondit
899 3671 939 3723 se
965 3644 1126 3732 nescire,
1148 3672 1219 3722 nec
1243 3643 1416 3732 credere,
1446 3671 1516 3720 nec
1544 3643 1728 3722 audivisse
1753 3642 1827 3720 dici
1853 3643 1898 3721 de

469 3775 654 3852 contentis
676 3775 715 3851 in
736 3774 792 3852 eis
809 3775 880 3851 nisi
901 3773 1007 3881 quod
1032 3775 1213 3880 sequitur.
1242 3773 1429 3852 Videlicet
1451 3773 1557 3880 quod
1583 3800 1779 3882 nunquam
1798 3773 1900 3852 vide-

468 3923 544 3991 rat,
566 3933 636 3981 nec
661 3905 839 3992 sciverat,
863 3931 934 3979 nec
963 3903 1157 3980 audiverat
1182 3901 1254 3979 dici
1279 3920 1365 3980 ante
1393 3903 1607 4009 capcionem
1637 3931 1770 3982 eorum
1795 3905 1899 4012 quod

469 4033 605 4110 fierent
632 4034 921 4141 abnegaciones,
953 4032 1308 4139 dogmatizaciones,
1334 4034 1517 4140 vituperia
1539 4034 1674 4120 crucis,
1696 4033 1821 4112 oscula
1851 4036 1899 4111 in-

413 4195 422 4202 ·
470 4164 646 4255 honesta,
668 4163 812 4240 crimen
830 4162 1116 4252 sodomiticum,
1141 4163 1385 4242 adoraciones
1403 4165 1473 4240 cati
1493 4182 1530 4242 et
1548 4163 1772 4272 ydolorum,
1791 4163 1900 4244 abso-

471 4295 640 4372 luciones
658 4322 726 4401 per
742 4293 855 4371 laicos
879 4292 1119 4384 eorumdem,
1140 4293 1199 4370 vel
1222 4294 1347 4401 aliqua
1361 4293 1491 4372 illicita
1514 4295 1609 4373 circe
1625 4313 1897 4374 sacramentum

471 4424 596 4502 altaris
616 4422 676 4500 vel
698 4422 770 4502 alia
793 4439 1037 4515 sacramenta,
1066 4422 1124 4499 vel
1148 4422 1274 4530 aliqua
1297 4425 1368 4503 alia
1391 4423 1521 4502 illicita
1538 4423 1594 4502 vel
1616 4423 1816 4503 inhonesta
1841 4425 1899 4502 in·

470 4552 686 4631 ervenirent
714 4553 753 4629 in
789 4555 1010 4662 recepcione
1036 4553 1194 4630 fratrum
1225 4554 1371 4632 ordinis
1399 4554 1458 4631 vel
1487 4573 1584 4661 post.
1618 4555 1837 4663 Requisitus
1866 4555 1897 4632 si

471 4683 648 4762 credebat
672 4684 776 4791 quod
797 4686 836 4762 in
862 4683 1051 4793 aliquibus
1075 4684 1245 4792 partibus
1275 4686 1545 4763 intervenirent
1569 4686 1640 4763 alia
1665 4684 1794 4763 illicita
1824 4713 1897 4795 que

472 4814 594 4892 dictus
608 4843 702 4920 papa
722 4814 761 4890 in
778 4814 911 4894 litteris
926 4815 1140 4921 patentibus
1156 4813 1295 4892 fatetur
1315 4843 1493 4923 magnum
1514 4817 1733 4924 Magistrum
1750 4833 1787 4893 et
1805 4815 1896 4892 alios
