4208 5886
683 523 881 615 rnoeas
913 539 1010 612 uns
1041 540 1349 614 ruurmnns.
1654 545 1728 618 aas

300 684 486 794 jacebant.
515 682 646 762 Credit
670 683 776 789 quod
800 682 975 761 nolentes
998 681 1119 760 lacere
1144 681 1274 760 illicita
1299 680 1502 760 consessata
1526 709 1593 789 per
1619 713 1726 776 eum,

303 815 361 894 vel
379 843 421 894 ca
441 831 508 894 aut
521 829 661 892 secreta
677 811 942 919 capitoliorum
958 811 1182 904 revelantes,
1203 829 1387 919 perpetuo
1408 812 1623 892 incarcerati
1638 813 1730 894 luis-

303 965 398 1024 sent.
423 945 695 1054 lnjungebatur
714 943 768 1022 eis
786 943 893 1050 quod
912 943 1052 1050 absque
1074 941 1230 1020 licencia
1254 971 1331 1022 non
1356 943 1628 1023 confiterentur
1646 947 1729 1022 aliis

264 1091 270 1105 “
304 1105 417 1183 qrram
437 1073 694 1154 sacerdotibus
713 1071 869 1150 ordinis.
885 1073 1033 1150 Fratres
1047 1072 1191 1150 ordinis
1210 1069 1354 1179 quibus
1369 1073 1490 1150 credit
1508 1092 1598 1152 nota
1613 1074 1727 1154 fuisse

303 1204 837 1310 illicitaconlessatapereum,
850 1201 1006 1280 brenmt
1017 1201 1267 1310 negligentes,
1278 1203 1453 1309 quianon
1467 1197 1726 1295 correxerunt,

303 1363 374 1413 nec
402 1334 724 1414 denunciaverunt
753 1331 931 1410 Ecclesie.
962 1329 1216 1409 Elemosinam
1248 1349 1287 1408 et
1314 1332 1607 1438 hospitalitatem
1636 1335 1731 1412 vidit

304 1467 568 1544 convenienter
595 1462 677 1542 lieri
703 1479 743 1540 et
768 1460 903 1540 servari
926 1460 967 1536 in
992 1460 1172 1538 domibus
1195 1461 1345 1538 ordinis·
1362 1461 1401 1539 in
1428 1462 1567 1567 quibus
1591 1465 1730 1542 exstitit

304 1611 568 1673 commoratus.
598 1592 704 1672 Clam
733 1619 866 1668 eorum
891 1587 1067 1695 capitulis
1089 1589 1328 1677 tenebantur,
1356 1588 1472 1666 nullis
1490 1592 1729 1695 presentibus
1774 1665 1781 1676 ,

303 1726 374 1802 nisi
391 1724 568 1803 fratribus
584 1721 739 1800 ordinis.
762 1720 944 1800 Ordinata
957 1745 1026 1824 per
1040 1719 1261 1826 Magistrum
1278 1747 1365 1796 cum
1384 1736 1570 1796 conventu
1590 1747 1728 1800 servas-

302 1873 360 1933 set
385 1872 488 1933 totus
513 1855 628 1943 ordo,
653 1869 782 1931 contra
805 1879 921 1956 quem
947 1865 1103 1955 propter
1126 1848 1295 1956 predicta
1321 1877 1422 1927 nunc
1445 1849 1598 1955 grandia
1623 1879 1727 1928 scan-

304 1985 405 2075 dala,
422 1983 584 2090 suspicio
608 1999 646 2059 et
666 1981 818 2058 infamia
837 1996 925 2058 sunt
942 1993 1084 2066 exorta,
1100 1981 1149 2056 ad
1167 1980 1274 2085 cujus
1289 1979 1434 2056 ordinis
1453 1979 1726 2062 deffensionem

302 2141 342 2190 se
362 2141 439 2190 non
461 2111 667 2203 obtulerat,
685 2137 754 2188 nee
773 2109 897 2202 fuerat
915 2107 1013 2185 ultra
1035 2135 1150 2184 mare.
1267 2127 1275 2142 ‘

359 2241 576 2349 Requisitus
586 2241 619 2318 si
632 2240 686 2318 sic
701 2242 927 2346 deposuerat
939 2265 1066 2345 prece,
1081 2255 1273 2344 precepto,
1287 2239 1442 2330 timore,
1455 2269 1599 2332 amore,
1617 2243 1724 2332 odio,

302 2371 361 2450 vel
380 2369 581 2479 temporali
601 2369 764 2448 comodo
779 2367 911 2446 habito
923 2368 981 2446 vel
995 2367 1189 2461 habendo,
1207 2369 1404 2474 respondit
1423 2371 1528 2478 quod
1543 2399 1637 2464 non,
1658 2375 1727 2452 sed

302 2531 371 2609 pro
397 2502 551 2580 veritate
576 2501 754 2592 dicenda;
779 2499 840 2577 cui
868 2498 941 2578 luit
959 2498 1170 2607 injunctum
1196 2500 1302 2605 quod
1321 2527 1399 2578 non
1423 2501 1604 2580 revelaret
1628 2505 1726 2584 banc

304 2659 410 2728 suam
422 2632 722 2738 deposicionem‚
739 2657 937 2738 quousque
948 2628 1359 2708 attestacionesluerint
1370 2630 1572 2737 publicata.
1585 2635 1725 2740 Requi-

186 2773 190 2786 '
302 2763 396 2840 situs
414 2787 532 2868 quare
560 2759 706 2866 fugerat
729 2759 769 2836 in
797 2760 973 2864 capcione
1003 2757 1187 2846 aliorum,
1216 2761 1412 2864 respondit
1435 2762 1540 2866 quod
1572 2781 1725 2870 propter

300 2892 477 2969 timorem
498 2889 597 2967 dicte
612 2888 813 2994 capcionis,
834 2905 871 2964 et
885 2888 974 2994 quia
988 2887 1222 2965 voluntarius
1234 2905 1314 2965 erat
1333 2906 1371 2966 et
1381 2889 1515 2981 luerat,
1532 2891 1723 3000 perlonga

300 3037 472 3126 tempora
487 3037 591 3106 ante,
604 3019 652 3096 ad
666 3020 883 3096 exeundum
895 3018 1039 3095 dictum
1055 3017 1229 3095 ordinem
1245 3035 1399 3124 propter
1412 3020 1579 3125 predicta
1595 3022 1723 3101 illicita

301 3150 505 3228 confessata
518 3176 588 3254 per
602 3176 706 3234 eum,
724 3165 764 3228 et
776 3148 945 3225 exivisset
958 3164 1043 3224 ante
1057 3149 1292 3256 capcionem,
1309 3150 1380 3226 nisi
1396 3150 1584 3230 timuisset
1595 3173 1724 3261 captus

299 3276 412 3354 fuisse
433 3275 559 3352 abeis.

356 3541 485 3618 Frater
503 3542 636 3618 Petrus
656 3541 704 3618 de
719 3542 866 3620 Modies
881 3545 1059 3635 serviens,
1078 3545 1275 3625 Vienensis
1295 3550 1471 3638 diocesis,
1489 3551 1595 3630 testis
1610 3581 1722 3656 supra

292 3668 460 3773 juratus,
486 3688 606 3748 vestes
634 3670 793 3748 radiatas
822 3671 1010 3764 deserens,
1042 3677 1130 3781 quia
1159 3705 1245 3753 cum
1273 3677 1326 3754 eis
1353 3695 1481 3784 captus
1506 3680 1628 3758 fuerat
1646 3710 1722 3758 una

300 3827 385 3874 cum
400 3817 495 3878 teste
509 3800 699 3906 predicto,
712 3802 791 3910 jam
808 3819 864 3880 est
878 3829 998 3882 annus
1011 3805 1070 3882 vel
1088 3807 1199 3894 circa,
1218 3835 1304 3884 cum
1319 3807 1537 3914 aufugisset,
1560 3810 1721 3889 aliorum

299 3931 474 4032 capcione
490 3931 631 4020 audita,
649 3948 688 4009 et
702 3930 864 4009 habebat
877 3932 1033 4010 barbam
1047 3965 1184 4028 rasam,
1204 3937 1523 4047 quadragenarius
1536 3939 1594 4017 vel
1609 3942 1719 4032 circa,

298 4084 383 4134 cum
404 4087 480 4165 quo
507 4060 729 4167 inquisitum
761 4059 881 4140 luerat
909 4091 978 4168 per
1006 4065 1204 4144 dominum
1233 4069 1450 4175 episcopum
1471 4071 1722 4150 Matisconen-

297 4213 395 4276 sem,
418 4189 524 4268 lectis
545 4207 583 4268 et
602 4190 804 4300 diligenter
820 4193 996 4297 expositis
1014 4194 1085 4272 sibi
1107 4197 1285 4275 omnibus
1304 4216 1342 4275 et
1357 4199 1514 4308 singulis
1535 4202 1719 4293 articulis,

298 4319 495 4423 respondit
509 4347 549 4397 se
565 4319 724 4413 nescire,
751 4349 821 4400 nec
836 4323 1007 4416 credere,
1033 4351 1104 4402 uec
1119 4327 1303 4406 audivisse
1320 4327 1393 4406 dici
1412 4328 1662 4410 decantantis
1682 4335 1720 4410 in

297 4447 351 4524 eis
363 4448 435 4524 nisi
455 4450 560 4556 quod
579 4451 773 4556 sequitur:
793 4453 968 4531 videlicet
982 4455 1086 4560 quod
1105 4457 1185 4563 ipse
1200 4475 1371 4564 receptus
1386 4459 1507 4538 lueret
1525 4463 1566 4538 in
1581 4463 1722 4568 capella

298 4579 434 4656 domus
448 4581 597 4687 Templi
620 4583 667 4660 de
681 4583 816 4660 Tauris
837 4584 1083 4691 lingonensis
1106 4586 1282 4674 diocesis,
1307 4589 1402 4666 cirea
1423 4591 1564 4669 instans
1583 4592 1720 4672 festum

295 4707 501 4786 Natiuitatis
512 4709 668 4788 Domini
685 4729 796 4788 erunt
809 4739 870 4792 vm
881 4714 986 4802 anni,
1000 4743 1068 4820 per
1084 4715 1236 4794 fratrem
1250 4717 1483 4823 Stephanum
1506 4721 1553 4798 de
1568 4721 1721 4827 Espalhi

297 4838 478 4915 serviente
498 4841 710 4945 quomam,
738 4845 977 4948 presentibus
999 4845 1174 4923 fratribus
1199 4849 1357 4954 llugone
1379 4851 1426 4926 de
1447 4848 1629 4928 Cabilone
1648 4852 1720 4930 rui·

381 4973 488 5036 saccis
503 4995 556 5038 oss
571 4997 749 5040 martires.
759 5012 801 5026 -
811 5001 844 5041 u.
1510 4986 1549 5054 34
