4242 5890
712 545 908 640 exocts
934 565 1032 640 nus
1058 565 1360 641 remenses.
1674 567 1743 640 au

303 709 433 799 ,leone
458 725 716 816 preceptorem
739 707 885 788 hahivie
903 709 950 786 de
976 709 1151 799 Pontivo‚
1179 711 1417 816 presentibus
1443 708 1554 788 fratre
1580 711 1748 788 huberto
1811 783 1815 796 ,

324 839 512 946 capellano
528 839 627 917 dicte
649 839 803 929 domus,
819 839 1102 946 preceptoribus
1118 841 1164 918 de
1187 841 1381 934 Quesncto
1402 857 1440 918 et
1462 839 1509 917 de
1526 840 1658 931 Caret,
1679 841 1750 918 fra-

323 987 379 1049 tre
388 970 594 1052 Guillelmo
610 971 909 1049 dePlatea.Dixit
925 972 1042 1048 eciam
1056 997 1124 1078 per
1131 971 1390 1078 juramentum
1405 999 1517 1050 suum
1530 971 1650 1078 quod,
1666 989 1750 1078 post

323 1101 460 1180 multas
479 1101 747 1208 promissiones
764 1103 812 1180 dc
827 1101 1066 1180 observandis
1084 1103 1232 1181 statutis
1248 1121 1286 1181 et
1301 1102 1640 1183 consuetudinibus
1659 1101 1750 1180 dicti

325 1231 468 1310 ordinis
482 1231 612 1321 factas,
633 1231 757 1311 dictus
776 1233 961 1338 recipiens
981 1233 1147 1310 ostendit
1167 1233 1240 1310 sibi
1257 1261 1406 1310 crucem
1423 1233 1461 1308 in
1481 1231 1750 1338 quodammis·
1869 1279 1871 1286 ι

324 1361 390 1440 sali
409 1363 448 1440 in
464 1391 537 1471 qua
557 1379 635 1440 erat
648 1391 782 1470 ymago
801 1365 918 1441 Jhesu
935 1363 1092 1454 Christi,
1110 1380 1147 1441 et
1158 1363 1327 1470 precepit
1346 1362 1417 1440 sibi
1431 1360 1535 1468 quod
1551 1361 1752 1470 abnegaret

322 1493 477 1571 Jhesum
488 1493 696 1583 Christum,
715 1512 754 1572 et
767 1512 919 1601 spueret
934 1523 1046 1600 supro
1062 1521 1228 1583 crucem,
1247 1511 1285 1570 et
1296 1495 1392 1600 ipse,
1411 1493 1458 1571 de
1473 1495 1648 1572 mandato
1663 1523 1748 1584 suo,

324 1623 440 1701 semel
461 1624 656 1732 abnegavit
675 1623 831 1702 ihesum
850 1623 1061 1714 Christum,
1084 1639 1122 1702 et
1142 1625 1259 1702 semel
1277 1625 1377 1730 spuit
1397 1651 1507 1730 supra
1528 1653 1691 1702 crucem.

377 1755 629 1862 Interrogatus
653 1755 701 1832 de
727 1754 875 1845 osculo,
898 1755 991 1834 dixit
1012 1783 1080 1862 per
1095 1755 1352 1861 juramentum
1377 1781 1489 1832 suum
1514 1755 1618 1860 quod
1642 1783 1750 1832 oscu-

322 1885 418 1962 latus
437 1883 511 1960 suit
529 1884 570 1960 in
588 1883 704 1962 latere
725 1901 763 1962 et
782 1885 821 1961 in
842 1911 919 1963 ore.

377 2013 626 2121 Interrogatus
647 2014 694 2092 de
714 2031 801 2092 voto
821 2014 1012 2104 castitatis,
1030 2013 1123 2092 dixit
1142 2017 1246 2122 quod
1266 2015 1367 2093 idem
1385 2017 1570 2122 recipiens
1584 2017 1753 2122 precepit

322 2143 392 2221 sihi
413 2144 517 2250 quod
538 2145 692 2222 omnino
708 2143 911 2221 abstineret
930 2173 950 2222 a
970 2142 1211 2236 mulieribus,
1235 2164 1272 2224 et
1287 2147 1549 2224 commisceret
1568 2171 1607 2222 se
1625 2173 1752 2223 carna-

322 2272 407 2350 liter
421 2297 507 2350 cum
528 2271 610 2351 aliis
630 2271 807 2352 fratribus
828 2272 917 2352 dicti
931 2275 1087 2353 ordinis.

376 2402 591 2509 Requisitus
603 2387 732 2479 utrum
743 2401 838 2480 vidit
853 2403 969 2507 recipi
984 2403 1130 2508 aliquos
1144 2403 1291 2494 fratres,
1310 2406 1403 2483 dixit
1416 2431 1485 2512 per
1494 2406 1751 2513 juramentum

321 2559 431 2608 snum
453 2531 559 2638 quod
572 2531 625 2608 sic
644 2530 757 2620 duos,
780 2559 943 2638 quorum
961 2560 1061 2610 unus
1075 2533 1274 2612 vocabatur
1292 2535 1508 2624 Anselmus,
1531 2533 1578 2612 de
1598 2537 1750 2613 nomine

322 2661 474 2739 alterius
493 2687 570 2739 non
581 2660 729 2752 recoht;
752 2678 788 2738 et
808 2657 960 2739 fuerunt
972 2663 1111 2770 recepti
1125 2691 1193 2769 per
1206 2665 1347 2744 dictum
1363 2666 1515 2744 fratrem
1528 2664 1748 2744 Rohertum.

376 2791 591 2896 Requisitus
610 2809 737 2869 utrum
755 2821 823 2898 per
842 2794 950 2871 illurn
970 2793 1128 2872 modum
1148 2793 1301 2874 fuerunt
1318 2797 1474 2902 recepti,
1495 2795 1588 2872 dixit
1606 2823 1674 2902 per
1687 2798 1750 2904 ju-

320 2940 531 2998 ramentum
546 2922 653 3028 quod
666 2923 734 3011 sic,
756 2940 794 3000 et
807 2924 914 3030 quod
931 2922 1005 3002 hoc
1023 2925 1127 3002 vidit.
1226 3013 1231 3022 Α

378 3051 591 3159 Requisitus
611 3069 738 3129 utrum
759 3081 890 3132 omnes
914 3052 976 3131 alii
998 3054 1192 3160 perillum
1219 3059 1373 3136 modum
1397 3059 1632 3164 recipiantur.
1656 3058 1750 3148 dixit

321 3180 426 3287 quod
444 3182 512 3271 sic,
532 3198 573 3258 ut
592 3183 721 3259 credit.

378 3311 591 3416 Requisitus
606 3325 733 3390 utrum
741 3313 792 3402 vi,
805 3313 863 3390 vel
877 3331 980 3393 metu
994 3317 1215 3394 carcerisvel
1228 3335 1518 3408 tormentorum.
1532 3318 1666 3400 dixerit
1680 3319 1748 3395 ali·

322 3467 436 3546 quam
455 3438 669 3532 salsitatem,
688 3460 754 3520 eut
772 3443 963 3522 veritatem
978 3445 1150 3523 tacuisset
1169 3447 1208 3523 in
1223 3475 1288 3525 sua
1299 3447 1557 3554 deposicione‚
1571 3447 1665 3523 dixit
1678 3475 1747 3552 per

316 3571 573 3677 juramentum
591 3599 701 3650 suum
721 3573 825 3678 quod
840 3601 934 3664 non;
951 3575 1066 3654 immo
1085 3575 1276 3654 veritatem
1294 3577 1394 3656 dixit.

376 3832 470 3907 Item
493 3827 607 3911 frater
629 3831 814 3914 unbertus
838 3829 886 3911 de
911 3834 1123 3924 Momboin‚
1147 3839 1254 3916 etatis
1275 3841 1519 3948 quadraginta
1544 3871 1746 3934 annorum,

317 3957 465 4064 juratus
488 3960 623 4038 eodem
647 3961 764 4040 modo
785 3963 832 4040 de
857 3992 897 4040 se
918 3982 956 4042 et
979 3965 1061 4043 aliis
1081 3967 1120 4044 in
1137 3995 1245 4046 causa
1260 3967 1350 4046 fidei
1370 3970 1536 4075 plenam,
1558 4000 1693 4078 puram
1712 3992 1750 4050 et

322 4089 502 4196 integram
527 4091 651 4170 dicere
676 4092 886 4184 veritatem,
914 4112 952 4173 et
974 4097 1175 4204 requisitus
1201 4097 1247 4176 dc
1273 4118 1441 4208 tempore
1471 4119 1509 4180 et
1535 4103 1649 4182 modo
1681 4133 1748 4181 sue

322 4222 567 4327 recepcionis‚
588 4223 681 4300 dixit
690 4251 759 4331 per
768 4224 1024 4332 juramentum
1041 4255 1153 4307 suum
1173 4231 1280 4336 quod
1298 4231 1370 4310 fuit
1382 4251 1555 4341 receptus
1574 4237 1614 4312 in
1631 4235 1748 4314 domo

323 4349 368 4427 de
389 4351 544 4429 Themis
568 4352 608 4430 in
630 4352 779 4431 ballivia
801 4355 849 4432 de
873 4357 1030 4465 Prunny,
1053 4387 1122 4466 per
1140 4359 1291 4440 fratrem
1314 4364 1516 4470 Symonem
1538 4365 1585 4442 de
1608 4367 1747 4460 Quinci

321 4495 577 4588 preceptorem
597 4481 695 4562 dicte
709 4484 872 4576 ballivis,
894 4487 1081 4566 sexdecim
1102 4490 1189 4568 anni
1205 4507 1292 4568 sunt
1312 4491 1427 4600 elapsi
1448 4493 1507 4571 vel
1527 4495 1638 4585 circa,
1662 4525 1748 4603 pre-

321 4611 491 4690 sentibus
509 4611 684 4692 fratribus
705 4613 908 4696 Guillehno
930 4618 977 4696 de
996 4621 1104 4697 Braie
1128 4638 1164 4698 et
1188 4619 1300 4700 fratre
1319 4623 1454 4730 Egidio
1474 4625 1649 4704 Monechi
1677 4628 1749 4703 mi-

320 4739 411 4830 litis,
431 4759 469 4820 et
483 4743 707 4852 quibusdam
727 4745 808 4824 eliis
829 4746 1002 4828 fratribus
1020 4749 1066 4828 de
1088 4777 1252 4856 quorum
1273 4755 1490 4834 nominihus
1508 4784 1583 4834 non
1603 4755 1744 4834 recolit.

319 4871 420 4950 Dixit
443 4891 568 4952 tamen
585 4903 654 4983 per
671 4875 927 4983 juramentum
951 4909 1062 4959 suum
1086 4883 1205 4987 quod,
1226 4901 1310 4988 post
1330 4886 1465 4965 multas
1479 4889 1745 4995 promissiones

605 5251 617 5288 2
