4210 5882
691 528 888 623 Procas
916 547 1012 620 ons
1038 545 1340 622 rsurmrns.
1658 547 1731 622 1137

295 715 553 769 annum·vero
582 688 727 796 possint
756 691 804 768 ad
832 689 944 768 aliam
970 687 1193 797 religionem
1219 663 1477 798 approbatam,
1509 690 1734 769 strictiorem

293 841 438 913 tamen,
459 819 611 930 propria
630 820 819 900 voluntate
835 821 991 900 transire
1007 821 1148 929 absque
1162 821 1319 900 licencia
1338 821 1494 899 rectoris
1508 820 1630 929 prime
1647 823 1736 900 reli-

293 955 440 1064 gionisi’
460 952 554 1031 dixit
573 952 678 1061 quod
697 954 814 1031 sancti
833 971 959 1061 patres
980 952 1199 1032 fundatores
1223 952 1368 1033 ordinis
1391 951 1480 1030 dicti
1505 953 1657 1062 Templi
1682 956 1735 1032 sic

293 1102 518 1179 statuerunt,
537 1102 575 1162 et
592 1085 643 1162 ita
659 1085 838 1193 scriptum
856 1101 926 1178 est,
943 1101 985 1162 ut
1001 1085 1116 1174 dixit,
1132 1086 1171 1163 in
1189 1085 1287 1164 libro
1306 1102 1531 1164 statutorum
1551 1101 1588 1162 et
1601 1085 1733 1193 regule

296 1218 439 1298 ordinis
459 1216 674 1326 supradicti.

351 1333 409 1428 ild
424 1377 518 1431 xxxv
537 1347 740 1428 articulum
758 1349 1007 1457 respondens,
1030 1347 1122 1426 dixit
1139 1377 1226 1426 vera
1247 1377 1327 1426 esse
1346 1365 1518 1427 contenta
1538 1350 1578 1426 in
1599 1375 1657 1428 eo.
1674 1349 1735 1426 In·

293 1498 502 1590 terrogatus
519 1463 566 1560 de
584 1480 791 1570 sentencia,
812 1479 1008 1588 respondit
1024 1496 1062 1558 et
1080 1480 1272 1558 racionem
1290 1480 1449 1587 assignat
1464 1480 1592 1588 quein
1608 1479 1734 1588 regula

293 1614 520 1692 continetur.

352 1745 410 1822 Ad
438 1771 546 1826 xxxvr
576 1760 615 1822 et
643 1769 766 1822 xxxvu
791 1742 969 1822 articulos
996 1743 1177 1820 inclusive
1202 1743 1454 1850 interrogatus
1484 1743 1731 1852 respondens,

183 1911 187 1918 ·
295 1874 487 1956 confessus
507 1891 563 1954 est
583 1889 758 1953 contenta
776 1875 815 1950 in
831 1874 885 1952 eis
898 1902 985 1952 vera
999 1901 1097 1965 esse,
1121 1891 1157 1952 et
1171 1873 1340 1982 predicta
1358 1872 1411 1952 sic
1428 1873 1524 1953 vidit
1543 1875 1591 1952 de
1609 1874 1734 1982 seipso

295 2006 378 2086 lieri
398 2007 498 2084 etde
518 2006 745 2115 quibusdam
767 2005 849 2084 aliis
870 2005 1069 2085 observari.

352 2138 410 2217 Ad
425 2165 560 2219 xxxvm
576 2137 778 2217 articulum
796 2138 1046 2245 respondens,
1062 2135 1155 2215 dixit
1170 2165 1209 2215 se
1229 2164 1306 2214 non
1327 2136 1482 2214 credere
1497 2121 1601 2244 quod
1616 2137 1733 2244 aliqua

171 2318 177 2324 ·
296 2271 445 2350 sinistra
474 2269 638 2376 suspicio
673 2297 744 2376 pro
776 2267 875 2346 dicta
901 2267 1129 2348 clandestina
1161 2267 1381 2375 recepcione
1414 2267 1572 2346 fratrum
1602 2269 1733 2356 haberi

295 2401 466 2480 debeata
482 2429 722 2514 quocumque
737 2395 1030 2489 bonohomine,
1047 2427 1134 2478 cum
1145 2457 1267 2476 .....
1291 2397 1344 2476 nil
1361 2398 1548 2488 malinas,
1565 2417 1609 2478 ut
1623 2399 1730 2492 dixit,

295 2535 381 2614 etsi
404 2533 751 2613 forte'contrarium
782 2532 1028 2640 suspicentur,
1058 2531 1177 2610 credit
1206 2558 1272 2609 eos
1296 2559 1465 2638 peccare,
1494 2549 1531 2610 et
1549 2533 1733 2612 Dominus

294 2685 419 2775 pareat
439 2665 552 2775 [eis?].

351 2797 408 2877 Ad
424 2825 532 2878 xxxix
552 2797 750 2877 articulum
772 2797 1020 2905 respondens,
1044 2795 1137 2874 dixit
1152 2813 1194 2874 ut
1207 2796 1245 2872 in
1258 2795 1426 2902 proximo
1442 2795 1604 2904 arti[caio
1616 2825 1734 2900 preec-

295 2931 418 3040 deripi.

350 3061 409 3140 Ad
423 3060 579 3142 xl--xlv
593 3057 768 3138 articulos
786 3059 967 3139 inclusive
986 3059 1212 3166 respondens,
1229 3058 1338 3151 dixit,
1353 3059 1500 3168 negavit
1516 3089 1581 3140 eos
1599 3079 1638 3140 et
1652 3089 1734 3140 orn-

293 3197 355 3274 nia
367 3211 405 3272 et
416 3193 559 3302 singula
575 3207 751 3272 contenta
764 3192 804 3268 in
818 3193 882 3271 eis.
896 3194 1149 3300 Interrogatus
1160 3219 1237 3299 quo
1247 3191 1361 3272 modo
1373 3193 1442 3270 scit
1453 3193 1557 3300 quod
1567 3192 1733 3300 predicta
1775 3239 1781 3266 .

294 3326 333 3404 in
349 3324 515 3404 articulis
531 3323 708 3432 predictis
727 3340 898 3403 contenta
912 3340 1059 3401 careant
1075 3324 1246 3413 veritate,
1267 3341 1312 3401 ut
1326 3323 1439 3413 dixit,
1460 3323 1656 3432 respondit
1675 3352 1731 3416 se,

295 3485 381 3536 cum
407 3457 455 3534 sit
478 3456 525 3533 de
547 3456 647 3534 dicto
668 3455 821 3545 ordine,
843 3483 1031 3563 nusquam
1051 3453 1117 3532 illa
1139 3470 1319 3560 patrasse,
1341 3483 1411 3532 nec
1430 3454 1478 3532 ad
1500 3483 1543 3532 ea
1563 3456 1735 3535 commit-

294 3588 408 3666 tenda
422 3581 595 3695 rogatum
616 3586 672 3664 vel
694 3603 864 3686 vocatum
883 3585 1002 3664 luisse
1023 3615 1091 3693 per
1111 3585 1274 3694 aliquem
1296 3585 1344 3663 de
1365 3585 1467 3663 dicto
1492 3585 1644 3677 ordine,
1663 3615 1734 3664 nec

294 3719 388 3797 vidit
403 3747 474 3797 nec
493 3717 634 3797 audivit
650 3745 720 3796 nec
740 3718 846 3797 scivit
865 3747 1094 3827 quemquam
1111 3717 1237 3825 aliqua
1251 3716 1371 3796 facere
1392 3716 1440 3794 de
1455 3717 1646 3824 predictis.

351 3849 410 3928 Ad
439 3849 632 3931 xlvi-lxx
657 3849 839 3930 articulos
867 3850 1047 3928 inclusive
1074 3850 1323 3960 interrogatus
1356 3848 1604 3957 respondens,
1641 3849 1735 3927 dixit

296 3998 469 4060 contenta
490 3982 617 4060 omnia
636 4000 673 4061 et
693 3981 837 4090 singula
858 3982 897 4059 in
919 3983 972 4062 eis
986 4010 1062 4060 non
1084 4009 1165 4060 esse
1184 4010 1287 4071 vera,
1309 4009 1378 4058 nec
1398 4009 1437 4059 se
1458 3981 1552 4059 scire
1566 4006 1636 4058 nec
1653 4009 1734 4059 cre-

297 4115 387 4193 dere
404 4143 490 4192 vera
510 4143 607 4204 esse,
630 4114 729 4192 salvo
755 4115 860 4222 quod
881 4111 1073 4192 confessus
1100 4129 1155 4190 est
1176 4113 1282 4221 quod
1303 4111 1549 4192 incontinenti
1570 4129 1655 4220 post
1673 4140 1733 4192 re-

296 4246 513 4356 cepoionem
534 4245 690 4324 fratmm
709 4245 799 4324 dicti
814 4245 974 4331 ordinis,
993 4245 1063 4354 ipsi
1080 4245 1220 4352 recepti
1242 4245 1281 4323 in
1300 4244 1431 4323 fratres
1450 4244 1639 4356 recipiunt
1651 4245 1736 4353 qui

296 4376 391 4456 libet
408 4406 528 4456 unum
549 4376 742 4486 cingulum
761 4377 809 4455 de
826 4376 893 4455 filo
911 4376 1014 4455 lineo
1026 4377 1085 4454 vel
1102 4376 1150 4454 de
1165 4376 1266 4467 lana,
1283 4377 1377 4454 sicut
1396 4377 1513 4484 magis
1529 4377 1582 4454 eis
1596 4375 1731 4483 placet,

226 4545 228 4552 ·
297 4528 335 4588 et
354 4511 436 4621 ejus
454 4509 704 4618 longitudinis
721 4539 832 4617 quam
845 4508 992 4599 volunt,
1014 4526 1051 4586 et
1060 4525 1244 4616 perpetuo
1255 4507 1347 4587 dum
1363 4508 1490 4586 viumt
1500 4527 1651 4616 portant
1664 4510 1735 4586 cin·

295 4640 383 4750 gula
397 4643 473 4720 sive
485 4641 658 4720 cordulas
673 4641 735 4720 die
750 4657 953 4756 poetaque,
967 4658 1005 4718 et
1018 4640 1108 4748 ipsis
1121 4639 1280 4749 cingulis
1290 4640 1508 4751 cinguntur;
1520 4668 1597 4719 non
1607 4658 1733 4718 tamen

296 4773 407 4883 ydola
420 4774 621 4881 cingamtur
634 4771 691 4850 vel
706 4789 908 4880 tangtmtur
918 4802 1003 4850 cum
1016 4774 1091 4866 eis,
1103 4772 1246 4851 addens
1258 4771 1362 4882 quod
1377 4771 1460 4853 illas
1475 4771 1648 4852 cordulae
1659 4770 1733 4849 sive

297 4904 442 5014 cingula
462 4923 613 5013 portant
633 4904 672 4982 in
692 4904 842 5018 signum
863 4905 1050 4983 castitatis.
1706 4903 1719 4918 '
