4486 5890
740 500 937 593 nnocns
963 517 1059 590 ons
1085 518 1386 592 rruenrnns.
1704 519 1775 590 125

353 659 504 746 ordine,
521 675 559 734 et
574 657 688 765 aliqui
704 660 815 738 mele.
835 657 1023 767 Capitulis
1041 657 1181 764 quibus
1195 657 1316 734 adluit
1329 655 1422 733 vidit
1436 655 1556 734 teneri
1576 655 1777 762 aliquando

354 789 400 868 dc
422 787 484 867 die
506 803 543 864 et
562 785 766 893 aliquando
792 790 839 868 de
860 805 986 877 nocte,
1011 787 1126 864 nullis
1152 785 1390 894 presentibus
1417 783 1490 861 nisi
1514 783 1691 860 fratribus
1721 813 1778 862 or·

352 919 467 1008 dinis,
495 916 621 1026 jannis
646 918 793 1009 clausis,
825 919 972 1027 proviso
995 946 1043 994 ne
1073 918 1266 1024 audiretur
1295 914 1457 992 exterius
1491 911 1595 1020 quod
1623 913 1780 991 interius

354 1050 542 1158 agebatur.
572 1047 754 1128 Ordinata
780 1078 849 1156 per
879 1049 1099 1156 Magistrum
1127 1076 1214 1124 cum
1249 1060 1434 1122 conventu
1469 1059 1647 1120 servasset
1676 1059 1780 1119 totus

354 1181 465 1270 ordo,
488 1195 616 1256 contra
637 1205 752 1284 quem
771 1206 874 1256 nunc
892 1175 1045 1283 grandia
1065 1176 1253 1266 scandala,
1275 1173 1436 1280 suspicio
1462 1189 1500 1250 et
1521 1171 1673 1248 infamia
1693 1191 1781 1248 sunt

356 1327 500 1396 exorta,
517 1324 555 1387 et
569 1307 688 1386 credit
702 1308 806 1416 quod
821 1307 911 1385 dicti
929 1334 1074 1384 errores
1088 1304 1282 1384 consessati
1298 1331 1366 1410 per
1383 1331 1471 1380 eum
1487 1319 1612 1379 essent
1625 1301 1665 1377 in
1680 1301 1780 1378 dicto

356 1439 490 1517 ordine
510 1456 596 1515 ante
616 1438 697 1543 ejus
718 1437 997 1544 recepcionem,
1014 1453 1054 1512 et
1075 1436 1178 1541 quod
1199 1462 1265 1512 eos
1289 1459 1445 1540 magnus
1465 1432 1641 1539 Magister
1661 1448 1698 1507 et
1717 1431 1779 1508 alii

355 1569 430 1646 sint
450 1567 619 1646 confessi.

414 1697 630 1804 Requisitns
659 1698 688 1774 si
716 1697 769 1774 sic
800 1697 1026 1803 deposuerat
1057 1723 1188 1801 prece,
1218 1714 1419 1802 precepto,
1440 1695 1596 1785 timore,
1631 1721 1779 1783 amore,

357 1830 463 1919 odio,
485 1828 544 1906 vel
575 1826 775 1934 temporali
807 1827 970 1904 comodo
998 1826 1129 1904 habito
1158 1825 1216 1902 vel
1246 1825 1441 1914 habendo,
1458 1823 1655 1930 respondit
1676 1821 1782 1930 quod

359 1986 453 2050 non,
479 1957 546 2037 sed
567 1955 803 2063 proteritate
827 1951 1006 2043 dicenda;
1028 1955 1089 2031 cui
1113 1953 1186 2032 luit
1211 1955 1424 2062 injunctum
1445 1954 1550 2062 quod
1576 1981 1653 2032 non
1679 1981 1783 2029 reve·

359 2091 452 2167 laret
469 2089 566 2165 hanc
593 2115 697 2164 suam
719 2086 1019 2192 deposicionem,
1041 2112 1241 2191 quousque
1261 2083 1520 2162 attestaciones
1541 2083 1684 2160 fuerint
1711 2113 1780 2188 pu-

359 2219 516 2308 blicate3
534 2234 572 2294 et
588 2244 665 2294 non
682 2213 872 2294 obtulerat
892 2201 932 2294 se
953 2214 1000 2293 ad
1021 2214 1296 2293 deffensionem
1316 2213 1471 2292 ordinis.
1875 2195 1879 2204 ’

416 2482 545 2558 Frater
576 2479 805 2558 Guillelmus
836 2478 883 2556 de
914 2480 1077 2585 Massyas
1107 2476 1233 2565 miles,
1261 2476 1578 2556 Claramontensis
1605 2476 1781 2566 diocesis,

362 2611 466 2688 testis
486 2639 597 2716 supra
608 2611 780 2717 juratus,
802 2607 1025 2688 mantellum
1043 2607 1187 2685 ordinis
1207 2623 1246 2684 et
1263 2605 1419 2685 barbam
1448 2606 1656 2694 defferens,
1677 2608 1786 2713 quin-

363 2739 613 2848 quagenarius
637 2738 697 2815 vel
725 2738 839 2829 circa,
872 2765 958 2814 cum
990 2763 1067 2843 quo
1097 2735 1322 2842 inquisitum
1354 2735 1495 2827 luerat,
1526 2735 1722 2814 absolutus
1749 2752 1787 2812 et

362 2867 625 2948 reconciliatus
649 2894 717 2974 per
747 2867 945 2945 dominum
983 2865 1203 2973 episcopum
1231 2866 1597 2954 claromontensem,
1627 2865 1733 2944 lectis
1749 2883 1787 2942 et

365 2998 565 3107 diligenter
594 2996 770 3102 expositis
799 2996 870 3074 sibi
901 2993 1078 3074 omnibus
1112 3013 1150 3073 et
1188 2995 1345 3105 singulis
1375 2995 1562 3086 articulis,
1591 2996 1788 3101 respondit

364 3127 470 3234 quod
493 3153 690 3231 nunquam
709 3125 854 3203 viderat
883 3124 1049 3232 aliquem
1075 3125 1193 3202 alium
1212 3125 1328 3232 recipi
1347 3127 1386 3202 in
1405 3125 1556 3217 ordine,
1578 3154 1648 3202 nec
1672 3125 1786 3202 inter·

365 3257 486 3335 luerat
515 3255 688 3360 capitulis
713 3254 957 3348 eorumdem,
988 3281 1058 3332 nec
1080 3254 1204 3332 luerat
1228 3255 1268 3331 in
1289 3255 1439 3345 ordine,
1461 3255 1532 3334 nisi
1551 3284 1620 3362 per
1645 3283 1787 3332 annum

365 3413 452 3462 cum
477 3383 638 3461 dimidio
666 3384 725 3461 vel
753 3384 848 3461 circa
876 3401 962 3462 ante
993 3384 1210 3491 capcionem
1242 3412 1394 3477 eorum,
1423 3385 1513 3492 quia
1541 3383 1663 3462 firerat
1688 3412 1788 3462 rece-

364 3531 450 3618 ptus
465 3513 504 3588 in
518 3513 670 3590 instanti
685 3511 781 3590 festo
796 3510 1078 3619 Assumpcionis
1096 3511 1206 3591 beate
1227 3514 1343 3590 Maris
1359 3531 1472 3590 erunt
1490 3514 1661 3621 quinque
1677 3514 1786 3591 anni:

365 3643 471 3748 prius
488 3657 616 3718 tamen
640 3641 763 3720 suerat
784 3642 945 3720 donatus
965 3670 1099 3720 eorum
1119 3670 1188 3748 per
1214 3640 1280 3720 rufi
1307 3672 1425 3722 annos
1452 3643 1511 3721 vel
1538 3644 1648 3736 circa,
1685 3644 1789 3720 unde

367 3771 570 3864 nesciebat,
599 3801 668 3850 nec
690 3772 887 3864 credebat,
908 3799 978 3850 nec
1009 3773 1202 3852 audiverat
1227 3773 1302 3851 dici
1332 3773 1381 3850 de
1401 3773 1586 3851 contentis
1611 3774 1651 3850 in
1680 3772 1789 3850 dictis

366 3903 534 3982 articulis
562 3904 635 3981 nisi
661 3905 767 4010 quod
798 3905 981 4010 sequitur.
1007 3904 1110 3982 Dixit
1130 3904 1232 3982 enim
1253 3933 1292 3982 se
1311 3903 1425 3982 luisse
1444 3920 1639 4011 receptum
1667 3904 1704 3979 in
1730 3931 1790 3980 ca-

366 4034 466 4141 pella
492 4034 629 4112 domus
643 4034 794 4142 Templi
812 4035 859 4112 de
879 4035 990 4113 Sellis
1008 4034 1328 4113 Clarnmontensis
1354 4033 1532 4122 diocesis,
1550 4063 1618 4141 per
1637 4031 1790 4111 fratrent

368 4165 618 4243 Bertrandum
648 4163 696 4242 de
727 4164 891 4274 Sartiges
921 4164 1099 4256 militem,
1129 4183 1222 4242 tunc
1248 4181 1509 4271 preceptorem
1538 4164 1586 4242 de
1611 4163 1788 4254 Carlaco,

368 4296 432 4400 qui
454 4313 510 4374 est
535 4324 635 4374 unus
666 4295 714 4372 de
744 4311 825 4373 11110'
843 4296 1044 4403 assumptis
1070 4297 1110 4372 in
1135 4297 1206 4374 isto
1237 4295 1414 4403 processu
1440 4296 1488 4374 ad
1519 4297 1792 4376 deffensionem

369 4426 532 4514 ordinis,
554 4426 794 4532 presentibus
816 4425 993 4504 fratribus
1022 4426 1234 4506 Guillelmo
1256 4428 1428 4506 Textoris
1448 4428 1675 4535 presbitero,
1698 4429 1791 4508 teste

370 4555 484 4632 hodie
510 4557 636 4662 jurato
670 4557 738 4634 sed
770 4556 942 4635 nondum
975 4557 1202 4648 examinato,
1229 4558 1340 4636 Petro
1366 4555 1577 4665 Abeymco,
1611 4559 1793 4638 Durnndo

369 4684 584 4778 Chamcrii‚
608 4703 646 4763 et
661 4685 870 4764 Guillelmo
892 4685 1141 4764 servientibus
1158 4686 1282 4764 Riomi
1304 4686 1342 4762 in
1364 4686 1536 4766 Alvemin
1554 4687 1734 4782 detentis,
1758 4709 1794 4767 et

370 4815 531 4894 Martino
563 4835 599 4892 et
628 4816 709 4894 aliis
738 4845 902 4924 quorum
929 4819 1149 4927 cognomina
1180 4817 1342 4925 ignorat,
1377 4816 1597 4910 dcllunctis,
1627 4821 1664 4896 in
1691 4822 1794 4900 hunc
