4210 5882
687 531 883 626 rnoots
909 553 1005 626 ons
1030 555 1329 628 annotinas.
1649 561 1721 632 375

301 692 373 770 sihi
403 693 442 768 in
467 709 609 770 secreto
628 693 730 798 quod
751 693 783 770 si
808 693 910 772 calor
929 694 1106 772 naturalis
1131 714 1298 774 moveret
1319 725 1405 774 eum
1425 698 1473 776 ad
1488 698 1723 776 incontinen-
1777 735 1778 740 ¹

300 825 412 912 ciem,
430 823 534 929 quod
550 823 629 928 ipse
649 824 722 901 iret
740 826 787 902 ad
806 823 937 904 iratres
954 825 1115 916 ordinis,
1135 828 1223 932 quia
1242 827 1353 906 multi
1375 846 1480 904 erant
1499 828 1553 904 ibi
1564 829 1722 936 juvenes

301 981 389 1032 cum
403 952 542 1060 quihus
560 969 707 1060 poterat
721 952 936 1063 extinguere
955 953 1154 1034 libidinem
1172 930 1294 1044 sitem,
1317 975 1356 1035 et
1369 959 1473 1064 quod
1486 959 1659 1036 similiter
1670 989 1724 1035 re—

301 1083 443 1189 ciperet
458 1111 523 1160 eos
543 1083 691 1174 adhoc,
709 1084 739 1160 si
759 1085 995 1192 requirerent
1014 1114 1101 1162 eum
1122 1115 1235 1192 super
1250 1088 1339 1179 hoc;
1351 1089 1417 1166 sed
1438 1089 1517 1194 ipse
1530 1117 1722 1196 nunquam

299 1213 404 1301 fecit,
416 1241 485 1290 nec
500 1213 573 1290 fuir
588 1243 702 1319 super
716 1215 790 1294 hoc
803 1215 1019 1321 requisitus,
1035 1232 1079 1292 ut
1092 1216 1195 1294 dixit.
1211 1219 1426 1325 Requisitus
1442 1236 1570 1296 utrum
1582 1221 1724 1325 aliquos

301 1340 430 1420 iratres
459 1341 606 1432 feeerit,
638 1344 732 1420 dixit
757 1373 826 1450 per
845 1346 1101 1451 juramentum
1128 1375 1238 1423 suum
1265 1348 1370 1454 quod
1395 1374 1483 1424 non.
1511 1349 1724 1453 Requisitus

299 1489 429 1549 utrum
444 1473 564 1550 credit
574 1475 679 1580 quod
691 1502 824 1552 omnes
843 1476 910 1580 qui
930 1475 969 1550 in
991 1474 1091 1552 dicto
1107 1476 1240 1553 ordine
1258 1477 1488 1583 recipiuntur
1500 1477 1726 1582 recipiantur

299 1602 489 1708 perillum
504 1605 681 1691 modum,
695 1605 787 1681 dixit
804 1607 911 1712 quod
923 1605 1054 1684 credit.
1068 1606 1319 1713 Interrogatus
1338 1625 1466 1684 utmm
1481 1608 1532 1697 vi,
1549 1608 1607 1686 vel
1621 1627 1725 1686 metu

300 1734 456 1810 carceris
476 1763 543 1811 seu
562 1751 857 1824 tormentorum,
877 1752 941 1812 aut
957 1735 1082 1840 aliqua
1104 1737 1150 1812 de
1171 1765 1297 1826 causa,
1318 1737 1482 1843 aliquem
1505 1738 1638 1817 dixerit
1657 1736 1725 1814 lal-

290 1862 446 1938 sitatem
473 1864 531 1940 vel
558 1863 804 1940 immiscuerit
831 1865 871 1940 in
892 1865 1132 1970 deposicione
1157 1895 1239 1956 sua,
1264 1867 1357 1944 dixit
1378 1895 1446 1973 per
1466 1869 1723 1973 juramentum

299 2018 411 2066 mrum
431 1991 536 2096 quod
556 2019 652 2080 non3
674 1992 791 2068 immo
807 1992 900 2068 dixit
917 2021 1050 2096 puram
1067 2011 1105 2072 at
1122 2023 1265 2072 meram
1280 1996 1485 2073 veritatem.

356 2251 450 2326 ltem
462 2249 771 2329 fraterllenricus
792 2250 844 2354 de
857 2249 1029 2359 Hercigni
1046 2251 1205 2328 diocesis
1217 2253 1493 2340 trudonensis,
1513 2255 1619 2332 etatis
1635 2284 1725 2360 qua-

301 2378 467 2484 draginta
492 2407 676 2456 annorum
697 2378 755 2456 vel
781 2379 892 2470 circa,
913 2381 1060 2488 juratus
1082 2381 1217 2458 eodem
1243 2383 1359 2459 modo
1380 2384 1427 2459 de
1455 2411 1494 2460 se
1517 2401 1555 2460 et
1581 2383 1663 2460 aliis
1687 2387 1723 2460 in

300 2535 409 2586 causa
428 2507 518 2584 fidei
535 2509 659 2586 dicere
674 2509 882 2598 veritatem,
901 2527 938 2587 et
957 2511 1206 2620 interrogatus
1219 2513 1266 2588 de
1282 2529 1453 2618 tempore
1475 2531 1513 2590 et
1527 2512 1642 2590 modo
1659 2543 1724 2590 sue

299 2639 545 2743 recepcionis‚
560 2639 653 2715 dixit
666 2668 734 2744 per
748 2639 1005 2746 juramentum
1026 2669 1136 2718 suum
1150 2643 1255 2747 quod
1267 2659 1440 2748 receptus
1459 2642 1532 2720 luit
1549 2643 1610 2719 die
1626 2645 1724 2720 lovis

300 2783 383 2842 ante
398 2767 535 2844 instans
556 2767 693 2844 festum
711 2767 988 2846 Purificacionis
1007 2769 1114 2846 beate
1135 2771 1252 2848 Mario
1266 2771 1427 2877 Virginis
1443 2772 1515 2848 erit
1530 2799 1666 2859 annus,
1684 2772 1723 2848 in

300 2895 413 2974 domo
427 2895 474 2973 de
492 2898 746 2987 Seraincourt‚
765 2925 834 3002 per
851 2897 1005 2976 fratrem
1025 2899 1234 2976 Johannem
1257 2918 1516 3007 preceptorem
1537 2901 1633 2978 dicte
1658 2903 1725 2978 do-

300 3054 399 3114 mus,
427 3025 661 3128 presentibus
691 3024 801 3104 fratre
829 3027 993 3104 Roberto
1026 3027 1199 3133 bergerio
1231 3029 1327 3108 dicte
1358 3031 1510 3118 domus,
1542 3049 1580 3107 et
1609 3031 1723 3108 fratre

299 3153 511 3231 Christiano
536 3153 647 3230 sretre
667 3153 766 3230 dicte
783 3154 933 3244 domus,
958 3174 995 3232 et
1015 3157 1240 3262 quibusdem
1262 3160 1344 3236 aliis
1364 3160 1590 3266 dequorum
1606 3163 1724 3238 norni-

300 3282 411 3361 nibus
430 3313 507 3360 non
524 3283 663 3360 recolit.
689 3285 736 3360 Et
755 3285 846 3362 dixit
865 3313 933 3390 per
947 3287 1204 3392 juramentum
1224 3317 1337 3370 suum
1356 3290 1461 3396 quod
1479 3291 1616 3368 multas
1637 3319 1723 3394 pro-

299 3413 495 3492 missiones
515 3413 601 3490 iecit
621 3414 668 3489 de
695 3417 841 3492 statutis
863 3432 901 3491 et
928 3417 1080 3494 secretis
1107 3417 1195 3494 dicti
1226 3419 1366 3496 ordinis
1395 3419 1652 3510 observandis,
1686 3439 1723 3498 et

298 3541 413 3618 nichil
433 3542 535 3619 aliud
551 3543 792 3621 inhonestum
811 3543 884 3620 fuit
898 3544 970 3622 sihi
984 3545 1191 3649 injunctum
1208 3547 1266 3623 vel
1280 3547 1440 3637 dietum
1459 3566 1496 3625 et
1510 3549 1601 3624 dixit
1617 3551 1722 3654 quod

299 3671 414 3747 nichil
433 3672 673 3750 inhonestum
693 3673 833 3751 sciehat
852 3675 890 3750 in
907 3675 1006 3752 dicto
1027 3677 1170 3752 ordine.

354 3934 449 4008 Item
468 3959 581 4020 anno,
607 3932 812 4024 indicione,
833 3961 977 4024 mense,
996 3934 1056 4010 die
1073 3951 1110 4010 et
1127 3935 1343 4040 pontificatu
1362 3937 1555 4041 predictis,
1578 3939 1617 4014 in
1637 3938 1724 4014 reli·

300 4061 395 4167 giosi
413 4061 481 4138 viri
501 4060 621 4138 fratris
640 4062 782 4138 Nicolai
803 4062 851 4139 de
870 4061 1066 4140 Anessiaco
1087 4064 1330 4141 commissarii
1353 4065 1509 4170 predicti
1531 4066 1723 4170 inquisito·

300 4191 351 4266 ris
371 4191 535 4268 heretice
556 4191 740 4295 pravitatis
759 4190 974 4270 auctoritate
991 4191 1192 4298 apostolice
1211 4193 1393 4300 deputati,
1426 4210 1597 4272 nostrum
1618 4212 1722 4270 nota-

300 4322 442 4398 riorum
461 4319 699 4425 publicomm
720 4338 757 4397 et
781 4320 1099 4428 infrascriptorum
1112 4325 1304 4429 presencia
1325 4323 1570 4428 personaliter
1585 4326 1722 4400 consti-

299 4467 403 4527 tutus
436 4450 548 4527 frater
576 4449 794 4557 Radulphus
820 4449 866 4527 de
891 4451 1114 4529 Tavemiaco
1143 4470 1267 4530 custos
1292 4452 1428 4530 domus
1456 4454 1502 4530 de
1530 4453 1627 4532 Villa
1650 4455 1720 4530 Dei

296 4580 399 4687 juxte
418 4579 559 4658 Malum
572 4582 788 4686 impastum,
806 4581 965 4658 diocesis
979 4581 1232 4670 Carnotensis‚
1256 4583 1360 4660 etatis
1376 4583 1642 4690 quinquaginta
1658 4611 1720 4658 sex

301 4736 484 4786 annorum
504 4709 562 4785 vel
578 4711 688 4797 circa,
703 4710 850 4816 juratus
870 4711 1004 4788 eodem
1026 4712 1139 4789 modo
1160 4712 1207 4787 de
1230 4742 1268 4788 se
1285 4730 1322 4788 et
1339 4713 1422 4788 aliis
1441 4713 1480 4788 in
1501 4740 1609 4788 causa
1629 4711 1719 4786 fidei

301 4836 426 4914 dicere
440 4838 650 4927 veritatem,
668 4854 705 4915 et
714 4838 961 4946 interrogatus
975 4840 1020 4916 de
1031 4857 1201 4945 tempore
1218 4858 1255 4916 et
1264 4840 1378 4918 modo
1395 4869 1460 4918 sue
1471 4840 1718 4945 recepcionis‚
