4210 5882
1629 441 1646 480 t

679 519 877 611 rnocns
903 537 999 610 ons
1025 538 1327 614 rnnrtmns.
1637 547 1703 616 sn

294 678 494 782 abnegaret
506 663 612 754 illum
627 677 734 783 cujus
755 676 896 786 effigies
906 695 983 755 erat
995 677 1048 758 ibi
1064 695 1132 767 ter,
1153 694 1190 756 et
1199 697 1258 758 ter
1271 697 1424 786 spueret
1439 708 1548 786 supra
1562 710 1712 759 crucem

294 825 331 884 et
349 808 557 914 ymaginem
576 807 776 914 predictas,
802 808 1014 916 precipiens
1041 807 1113 886 sibi
1138 811 1241 916 quod
1261 810 1335 888 hoc
1350 810 1502 898 laceret,
1526 829 1563 888 et
1583 809 1712 889 dicens

294 937 396 1042 quod
414 936 487 1015 hoc
502 955 580 1015 erat
594 937 642 1016 de
655 937 802 1015 statutis
817 939 961 1018 ordinis
971 938 1047 1029 sui;
1059 968 1132 1043 que
1144 941 1221 1046 ipse
1232 940 1321 1018 lecit
1336 969 1418 1030 ore,
1436 957 1473 1016 et
1485 967 1562 1018 non
1579 942 1709 1029 corde,

292 1082 335 1142 ut
353 1066 454 1143 dixit.
477 1067 571 1144 Item
591 1067 683 1144 dixit
703 1067 807 1173 quod
830 1066 962 1146 fratres
983 1069 1141 1174 predicti
1161 1088 1353 1175 presentes
1378 1070 1714 1176 discooperuerunt

292 1196 415 1301 ipsum
435 1197 499 1304 qui
526 1196 704 1302 loquitur,
730 1215 767 1274 et
791 1197 912 1274 dictus
936 1198 1047 1276 srcter
1069 1199 1289 1304 Radulphus
1315 1199 1502 1277 osculatus
1525 1198 1597 1274 fuit
1625 1225 1712 1276 eum

293 1325 331 1400 in
350 1325 426 1404 fine
446 1327 553 1432 spine
577 1327 694 1415 dorsi,
717 1327 756 1403 in
777 1326 957 1406 umbilico
978 1345 1015 1404 ct
1034 1329 1072 1406 in
1093 1357 1170 1406 ore.
1192 1331 1284 1406 Item
1305 1329 1505 1434 requisitus
1530 1357 1598 1433 per
1611 1329 1715 1434 jura-

293 1472 462 1532 mentum
492 1471 623 1534 utrum
646 1456 698 1544 vi,
731 1455 789 1532 vel
818 1473 1223 1551 metu-tormentorum
1249 1475 1313 1534 cut
1336 1457 1425 1535 alies
1450 1457 1554 1534 eliu'd
1579 1457 1713 1534 dixerit

293 1613 405 1689 quam
419 1587 626 1674 veritatem,
641 1585 699 1662 vel
715 1586 753 1661 in
768 1585 957 1688 premissis
967 1585 1212 1662 immiscuerit
1221 1585 1384 1691 aliquam
1394 1585 1605 1672 salsitatem,
1624 1585 1715 1662 dixit

293 1740 360 1818 per
374 1715 633 1821 juramentum
652 1743 762 1792 suurn
782 1715 886 1820 quod
906 1742 999 1802 non,
1023 1731 1060 1790 et
1086 1716 1191 1820 quod
1213 1744 1346 1821 puram
1365 1714 1557 1792 veritatem
1582 1715 1715 1792 dixerit

294 1871 362 1947 pro
380 1844 499 1920 salute
519 1844 642 1920 anime
661 1872 740 1920 sue.
761 1845 868 1920 Facta
887 1861 1012 1922 eutem
1031 1843 1104 1920 luit
1117 1843 1298 1922 consessio
1319 1873 1386 1921 seu
1403 1843 1591 1949 deposioio
1609 1845 1713 1922 hece

294 1972 753 2051 dictofratreN.deCcn-a
774 1971 955 2078 [Sarrcll,
972 1975 1187 2079 juramento
1199 1975 1491 2079 prius'prestito,
1509 1992 1552 2050 ut
1562 1975 1716 2079 premit-

292 2103 396 2192 titur,
420 2104 466 2180 ab
487 2104 621 2180 eodem
639 2102 800 2180 Parisios
821 2102 859 2178 in
879 2102 993 2179 domo
1013 2101 1178 2208 Templi,
1200 2103 1239 2177 in
1259 2103 1451 2208 presencia
1470 2104 1712 2180 commissarii

294 2233 468 2336 predicti,
488 2260 602 2322 anno,
624 2231 829 2319 indicione,
849 2230 1087 2336 pontificatu,
1105 2259 1202 2308 anno
1220 2248 1258 2309 et
1277 2231 1338 2308 die
1358 2225 1549 2337 predictis,
1568 2261 1715 2338 presen-

293 2360 393 2440 tibus
426 2363 610 2470 religiosis
637 2380 676 2440 et
705 2349 986 2438 discretis'viris
1014 2360 1126 2438 fratre
1156 2360 1360 2440 Guillelmo
1385 2361 1572 2448 Durandi,
1603 2363 1713 2440 lretre

293 2493 449 2598 Hugone
471 2495 518 2570 de
536 2493 688 2574 Noelhis
715 2509 915 2570 conventus
943 2491 1177 2579 Parisiensis,
1207 2508 1244 2568 et
1267 2490 1379 2568 fratre
1404 2491 1527 2570 Felice
1549 2493 1596 2568 de
1616 2495 1713 2570 Foro

294 2639 497 2700 conventus
517 2623 728 2712 Trecensis‚
753 2621 897 2699 ordinis
920 2621 1214 2710 Predicatorum,
1240 2621 1397 2700 testibus
1421 2621 1467 2698 ed
1489 2622 1559 2698 hec
1577 2623 1713 2700 vocatis

294 2769 332 2828 et
350 2752 496 2858 rogatis.
1694 2747 1695 2752 ¹

350 3017 397 3093 Et
416 3043 484 3120 ego
498 3012 699 3092 Gaulridus
718 3011 909 3118 Enguelor
928 3010 1050 3087 dictus
1069 3010 1230 3116 Chalop,
1247 3011 1421 3088 Dolensis
1436 3009 1611 3102 diocesis,
1628 3038 1716 3115 apo·

295 3142 423 3220 stolica
450 3143 664 3220 auctoritate
690 3141 858 3217 notarius
882 3139 1070 3246 publicus,
1093 3139 1283 3245 premissis
1305 3140 1526 3218 confessioni
1552 3157 1590 3216 et
1609 3169 1714 3220 reco-

293 3273 454 3378 gnicioni
473 3271 577 3350 lactis
597 3272 732 3348 edicto
753 3272 793 3346 N.
818 3271 864 3346 de
880 3271 1003 3358 Serra,
1021 3270 1223 3375 juramenti
1239 3271 1459 3376 prestecioni
1483 3289 1521 3347 et
1538 3271 1714 3348 omnibus

295 3420 333 3478 et
351 3400 505 3510 singulis
525 3401 622 3478 dicte
639 3400 700 3478 die
720 3401 818 3478 lovis
831 3398 937 3489 actis,
957 3427 1033 3476 une
1053 3428 1137 3475 cum
1151 3400 1259 3476 dictis
1275 3400 1449 3488 testibus,
1468 3402 1507 3475 in
1521 3402 1714 3503 presencia

230 3557 236 3580 ·
296 3532 386 3607 dicti
405 3531 527 3608 fratris
553 3533 595 3606 N.
629 3530 676 3606 de
701 3530 887 3617 Anisiaco,
924 3556 1077 3635 presens
1101 3527 1267 3618 interlui,
1290 3531 1330 3604 in
1349 3529 1603 3606 testimonium
1629 3558 1713 3633 pre-

296 3663 496 3738 missorum
508 3689 569 3741 me
581 3661 800 3766 subscripsi,
811 3678 848 3736 et
861 3659 1006 3765 siguum
1015 3687 1144 3736 meum
1156 3660 1311 3765 opposui
1327 3665 1548 3738 consuetum
1564 3675 1713 3734 vocatus

297 3809 333 3868 et
351 3809 511 3898 rogatus.

351 4052 398 4126 Et
428 4077 496 4156 ego
526 4055 672 4128 Evenus
701 4051 807 4156 Pbily
838 4049 884 4126 de
917 4051 1052 4127 Sancto
1077 4049 1220 4125 Niccsio
1245 4049 1401 4125 clericus
1429 4049 1717 4154 Corisopitensis

297 4182 472 4268 diocesis,
494 4180 695 4287 apostolica
713 4179 887 4286 publicus
899 4179 1116 4256 auctoritate
1131 4179 1313 4265 noterius,
1335 4179 1525 4284 premissis
1539 4178 1716 4257 omnibus

297 4311 336 4386 in
363 4312 524 4417 presenti
552 4312 654 4416 pecie
678 4327 717 4388 et
744 4310 824 4388 aliis
851 4313 957 4416 signo
979 4337 1062 4387 meo
1087 4309 1238 4414 signatis
1270 4309 1468 4396 contentis,
1491 4335 1576 4386 oum
1602 4310 1716 4413 magi-

297 4461 373 4520 stro
386 4439 568 4520 Goulrido
582 4441 772 4547 Enguelor
785 4442 884 4518 dicto
898 4441 1056 4546 Chalop,
1074 4441 1225 4530 clerico,
1244 4438 1445 4544 apostolica
1459 4438 1633 4545 publicus
1652 4467 1716 4514 nu-

297 4574 463 4652 ctoritste
485 4573 667 4660 noterius,
695 4571 952 4678 suprascriptis
974 4569 1124 4646 interlui
1145 4597 1314 4675 presens,
1340 4587 1471 4647 etune
1497 4597 1583 4648 cum
1609 4571 1714 4675 signo

297 4721 335 4780 et
360 4703 636 4809 subscripcione
658 4703 739 4809 ejus
759 4705 906 4810 signum
930 4729 1058 4780 meum
1083 4703 1237 4806 apposui
1264 4717 1431 4806 rogatus,
1455 4701 1517 4777 hic
1540 4729 1601 4776 me
1626 4698 1716 4777 sub·

297 4835 471 4914 scribens.

1474 4982 1523 5058 ⁴7·
