4208 5886
681 513 876 612 enonas
909 533 1008 608 nas
1038 533 1339 608 rueramus.
1645 535 1719 608 aco

294 672 405 754 batim
429 674 483 752 eia
506 699 555 752 ne
577 673 718 780 absque
742 673 897 753 licencia
921 671 1193 754 confiterentur
1221 673 1303 752 aliis
1326 701 1441 783 quam
1465 671 1721 778 sacerdotibus

296 803 454 882 odinis.
475 806 623 886 Fratres
645 805 791 885 ordinis
811 804 952 914 quibus
975 805 1096 882 credit
1109 803 1300 910 predictos
1319 829 1463 881 errores
1478 821 1590 882 notos
1607 801 1721 883 fixisse

294 931 451 1012 dierunt
473 932 727 1044 negligentes,
747 936 837 1042 quia
861 963 943 1017 nen
964 953 1209 1014 correxcnmt
1228 961 1299 1013 eos
1314 962 1385 1014 nee
1404 933 1725 1013 denunciaverunt

294 1065 471 1146 Ecclesia.
497 1064 732 1147 Etomoeinn
759 1083 799 1144 et
819 1065 1113 1173 hospitalitatem
1140 1065 1236 1142 vidit
1260 1065 1300 1142 in
1327 1063 1519 1171 aliquibus
1544 1063 1722 1140 domibus

296 1175 440 1273 ordinis
462 1194 550 1274 eatis
566 1196 834 1274 convenienter
856 1195 959 1287 fieri,
974 1213 1014 1272 et
1029 1197 1070 1272 in
1085 1195 1167 1274 aliis
1182 1195 1368 1301 restringi.
1387 1195 1532 1273 Eorum
1547 1194 1723 1301 capitulis

295 1323 484 1432 generalia
507 1321 604 1400 clam
633 1323 875 1413 tenebantur,
905 1323 1142 1432 frequentius
1171 1339 1257 1400 ante
1289 1323 1392 1400 diem
1418 1351 1534 1428 quam
1562 1325 1610 1402 ds
1640 1325 1719 1410 die,

295 1453 408 1532 nullis
432 1453 672 1560 presentibus
694 1454 765 1532 nisi
790 1453 968 1532 fratribus
1000 1453 1163 1543 ordine,
1194 1468 1232 1530 et
1258 1452 1526 1559 providebatur
1546 1481 1594 1532 ne
1615 1453 1723 1530 audi·-

295 1600 400 1660 retur
425 1585 587 1662 exterius
616 1584 723 1692 quod
748 1585 908 1664 interius
935 1583 1127 1692 agebatur.
1158 1583 1291 1662 Credit
1322 1583 1429 1689 quod
1455 1583 1548 1662 dieti
1574 1611 1722 1660 errores

296 1713 363 1790 diu
383 1714 614 1792 duraverunt
628 1714 668 1791 in
684 1714 838 1807 ordine,
860 1732 898 1792 et
915 1714 1023 1821 quod
1037 1731 1165 1792 ortum
1181 1713 1384 1790 habuerint
1401 1711 1501 1792 ultra
1515 1741 1634 1804 mare,
1655 1713 1722 1790 ubi

294 1841 512 1949 frequenter
535 1844 853 1922 conversabantur
874 1873 962 1922 cum
986 1841 1195 1936 Saracenis,
1220 1859 1259 1924 ot
1284 1842 1398 1923 frater
1422 1842 1653 1922 Guillelmus
1674 1843 1720 1918 de

294 1972 400 2050 Bello
429 1973 541 2050 Jocco
562 1973 753 2080 Magister.
763 1975 957 2079 quondam
978 1973 1140 2064 ordinis,
1162 1991 1199 2052 et
1225 1973 1339 2052 frater
1364 1974 1539 2052 Matheus
1563 1972 1601 2049 lo
1628 1973 1723 2051 Sau-

294 2130 405 2209 vacge
442 2101 568 2194 miles,
603 2119 871 2182 contraxerunt
911 2128 1085 2212 ungriam
1121 2103 1328 2182 amiciciam
1369 2128 1459 2180 cunr
1489 2103 1649 2182 soldano
1679 2120 1722 2178 et

295 2232 526 2321 Sarracenis,
543 2249 583 2312 et
597 2233 720 2311 dictus
737 2233 851 2321 frater
868 2233 1041 2314 Mathaus
1059 2233 1348 2312 conversabatur
1362 2233 1462 2310 inter
1484 2261 1562 2324 eos,
1585 2250 1624 2309 et
1643 2261 1723 2336 prc-

295 2364 394 2441 fatue
412 2363 526 2442 frater
549 2362 779 2447 Guillelmus
803 2365 967 2444 babebat
985 2356 1371 2471 aliquos'Sarracenos
1392 2363 1441 2440 ad
1455 2362 1641 2468 stipendia
1656 2387 1722 2438 saa

294 2493 447 2599 quando
468 2491 636 2583 volebat,
662 2509 700 2570 et
724 2492 900 2572 dicebant
925 2493 1032 2600 quod
1057 2493 1132 2570 hoc
1156 2491 1346 2570 faciebant
1366 2510 1521 2598 propter
1538 2492 1720 2600 majorem

295 2624 531 2702 securitatem
561 2651 712 2713 eornm3
745 2623 814 2703 sed
835 2623 899 2702 alii
925 2625 973 2701 de
1009 2623 1082 2700 hoc
1106 2621 1425 2728 obloquebantur.
1452 2621 1638 2700 Ordinata
1654 2621 1722 2730 ps‘r

294 2753 515 2860 Magistrum
545 2781 634 2831 cum
661 2770 849 2836 conventu
876 2769 1057 2830 servasset
1077 2768 1181 2829 totus
1205 2751 1318 2843 ordo,
1341 2767 1468 2830 contra
1497 2781 1612 2859 quem
1630 2779 1720 2857 pro-
1844 2785 1854 2798 ·

294 2897 378 2986 pter
386 2881 554 2988 predicta
563 2907 665 2960 nunc
677 2882 832 2989 gradis
840 2881 1026 2970 scaudala,
1035 2881 1198 2988 suspicio
1215 2895 1253 2957 et
1265 2880 1416 2960 iufamia
1428 2899 1667 2972 suntexorta
1685 2899 1724 2960 et

295 3029 424 3088 contra
440 3039 557 3119 quem
573 3012 697 3093 dicus
706 3012 882 3119 Magister
896 3027 935 3088 et
945 3011 1008 3090 alii
1020 3012 1199 3089 dicuutur
1211 3009 1336 3117 aliqua
1353 3011 1653 3100 fuissecOnsessiz
1674 3013 1721 3088 ad

295 3144 401 3246 cujus
426 3141 571 3218 ordinis
590 3141 864 3219 deffensionem
883 3167 925 3225 ae
946 3169 1025 3220 non
1042 3140 1249 3228 obtulerat,
1271 3167 1342 3217 uec
1355 3139 1589 3221 sueratultra
1603 3171 1719 3220 ruam.

350 3269 567 3375 Requisitus
581 3269 612 3346 si
625 3270 679 3346 sio
694 3268 920 3374 deposuerat
934 3295 1044 3374 prece
1054 3328 1062 3356 ,
1074 3283 1268 3376 precepto,
1283 3269 1437 3362 timore,
1454 3297 1599 3362 amore,
1616 3273 1718 3358 odio,

293 3400 353 3476 vel
365 3399 565 3506 temporali
581 3398 745 3482 comodo
761 3397 894 3480 habito
914 3398 972 3476 val
988 3397 1181 3486 habendo,
1203 3397 1400 3504 respondit
1418 3401 1523 3506 quod
1540 3429 1635 3492 non,
1653 3402 1721 3478 sed

294 3557 363 3634 pro
382 3527 536 3608 veritate
555 3527 734 3615 dicenda;
762 3528 823 3606 cui
849 3525 921 3606 fuit
947 3527 1161 3634 injunctum
1186 3527 1288 3633 quod
1316 3555 1393 3606 non
1415 3529 1598 3608 revelaret
1625 3532 1720 3608 hanc

293 3685 399 3736 suam
417 3656 715 3764 deposiciouem,
735 3683 934 3766 quousque
950 3655 1208 3736 attestaciones
1227 3654 1366 3734 fuerint
1384 3658 1592 3764 publicata,
1609 3679 1646 3737 et
1664 3660 1721 3735 iu-

293 3787 489 3896 telligehat
506 3787 679 3869 latinum.

351 3917 441 3996 Acta
461 3917 617 3998 luerunt
630 3921 702 4000 hec
716 3918 826 3998 dietis
841 3919 904 4000 die
923 3937 961 3996 et
981 3919 1082 4012 loco,
1104 3920 1342 4026 presentibus
1361 3921 1538 4030 magistro
1554 3920 1715 4009 Amisia,

296 4047 623 4130 meFloriemoute
639 4044 861 4137 Dondedei,
884 4066 923 4127 et
938 4047 1022 4128 aliis
1036 4050 1192 4128 notariis
1204 4077 1316 4155 supra
1337 4049 1699 4128 ultimo‘nomiuatis.

349 4311 440 4390 Post
456 4309 544 4404 hec,
575 4309 637 4390 tic
655 4313 762 4392 Luna
782 4311 972 4419 sequenti,
994 4340 1070 4419 que
1089 4310 1162 4390 fuit
1183 4339 1207 4390 x
1231 4312 1312 4390 dies
1336 4313 1426 4390 dicti
1446 4313 1586 4392 mensis
1612 4315 1716 4406 maii,

293 4438 365 4516 fuit
388 4439 574 4520 adductus
599 4441 650 4518 ed
668 4442 900 4548 presenciam
927 4441 1152 4519 eorumdem
1173 4441 1418 4523 dominorum
1446 4442 1720 4520 commissario-

293 4598 398 4663 rum,
415 4571 456 4648 in
472 4571 589 4650 domo
603 4571 770 4678 predicta
787 4571 933 4657 domini
946 4572 1046 4648 Petri
1059 4571 1113 4648 de
1129 4571 1336 4662 sabaudia,
1356 4569 1471 4649 frater
1487 4571 1612 4651 Helias
1626 4573 1719 4652 Cos-

291 4701 357 4778 tati
376 4702 559 4790 servieus,
578 4702 828 4782 Xantonensis
851 4701 1023 4790 diocesis,
1039 4703 1145 4780 testis
1159 4729 1269 4808 supra
1279 4703 1439 4810 juratus,
1454 4719 1497 4780 ut
1510 4701 1719 4808 deponeret

293 4829 437 4908 dictum
455 4859 584 4920 suum,
612 4833 872 4941 sexagenarius
891 4831 950 4910 vel
971 4833 1084 4922 cirea,
1109 4831 1332 4915 metallum
1353 4827 1498 4909 ordinis
1512 4831 1717 4908 etburbam

400 4968 509 5032 rsools
532 4989 585 5031 nas
606 4989 779 5032 reuertens.
793 5005 832 5020 -·
844 4991 877 5030 u.
1532 4987 1569 5046 27
