4302 5886
406 552 479 628 1150
642 595 644 604 ι
793 517 1441 626 rnoctsnnsrnurcrsns.

404 696 545 774 vocavit
565 723 687 772 coram
710 721 775 771 sua
792 695 980 800 presencia
996 694 1034 768 in
1054 693 1192 803 capella
1209 695 1325 798 ipsius
1340 694 1473 772 domus
1488 693 1638 772 fratrem
1651 698 1830 804 Raymun·

404 827 494 904 dum
525 827 581 902 de·
603 825 739 905 Gardia
765 843 1022 934 preceptorem
1053 825 1150 902 dicte
1176 824 1325 914 domus,
1354 844 1390 904 et
1414 825 1542 903 fratres
1562 825 1827 935 infrascriptos,

403 958 467 1064 qui
484 958 522 1033 in
538 956 634 1034 dicta
655 955 768 1033 domo
787 963 976 1062 presentes
992 975 1111 1043 erant,
1133 975 1168 1032 et
1193 957 1359 1063 exposuit
1387 957 1440 1034 eis
1464 957 1703 1064 solempniter
1723 977 1830 1065 pote

403 1106 550 1176 statem,
573 1087 826 1164 auctoritatem
853 1106 889 1164 et
907 1087 1206 1196 jurisdictionem
1228 1087 1298 1165 sibi
1320 1088 1513 1165 comissam
1534 1106 1570 1166 et
1583 1088 1740 1166 datama
1763 1090 1830 1167 do-

404 1219 506 1294 mino
526 1235 650 1295 nostro
667 1244 813 1294 summo
828 1219 1005 1323 pontifice
1026 1247 1137 1323 super
1154 1217 1315 1296 articulis
1341 1218 1520 1296 contentis
1548 1217 1585 1294 in
1610 1217 1730 1296 littera
1751 1221 1829 1327 ejus

404 1347 618 1454 apostolica
652 1375 763 1456 super
789 1347 926 1454 quibus
958 1347 1059 1425 idem
1092 1347 1266 1426 dominus
1301 1375 1468 1425 summus
1497 1323 1660 1454 pontifex
1691 1349 1827 1456 inquiri

404 1479 589 1555 mandavit
607 1475 736 1555 fratres
750 1477 983 1583 Templarios
1003 1479 1040 1553 in
1059 1477 1207 1555 Elnensi
1225 1478 1363 1555 diocesi
1385 1479 1617 1568 constitutos,
1640 1497 1676 1555 et
1691 1481 1828 1585 recepit

403 1609 449 1685 ab
469 1608 610 1686 eisdem
632 1626 669 1684 et
695 1607 848 1714 singulis
868 1607 1087 1684 corumdem
1106 1607 1315 1713 juramenta
1334 1607 1382 1685 nd
1406 1626 1527 1685 sancta
1549 1610 1618 1687 Dei
1634 1609 1827 1714 Evangelia

403 1738 643 1846 corporaliter
661 1767 682 1814 a
701 1767 740 1814 se
759 1755 869 1827 tacta,
891 1739 995 1844 quod
1008 1766 1120 1843 super
1139 1738 1312 1816 omnibus
1326 1739 1503 1846 predictis
1522 1739 1684 1818 articulis
1701 1756 1738 1815 et
1754 1741 1828 1815 sin-

402 1869 498 1975 gulis
513 1869 730 1946 eorumdem
750 1867 872 1944 dicant
890 1897 1021 1974 puram
1040 1885 1077 1944 et
1096 1867 1302 1973 simplicem
1322 1869 1512 1946 veritatem
1526 1886 1601 1945 tam
1618 1871 1664 1946 de
1685 1899 1723 1946 se
1740 1869 1827 1976 ipsis

403 1999 560 2105 quilibet
575 2015 615 2075 ut
634 1997 861 2105 principalis,
884 2027 996 2106 qnam
1017 1999 1063 2076 de
1080 1997 1160 2076 aliis
1180 1999 1274 2076 sicut
1296 2000 1411 2076 testis.
1435 2000 1591 2078 Nomina
1615 2019 1738 2077 autem
1768 2001 1826 2076 di-

403 2147 546 2205 ctorum
565 2127 717 2205 fratrum
738 2145 824 2204 sunt
836 2127 907 2204 hec
928 2158 938 2203 ι
1575 2233 1578 2238 ¹

458 2259 679 2338 Guillelmus
705 2259 752 2334 de
782 2259 958 2336 Tamarit.
975 2303 1031 2318 -—
1058 2259 1436 2366 RaymundusSapte.
1462 2307 1517 2318 --
1535 2258 1693 2337 lacobus
1719 2261 1840 2370 Boys.¹¹

402 2389 684 2469 -Guillelmus
700 2389 746 2467 de
758 2389 891 2468 Sancto
905 2389 1303 2496 lpolit0.--Johannes
1320 2392 1486 2468 Sacoma.
1501 2439 1557 2448 —-
1567 2389 1748 2468 Arnaldus
1765 2393 1826 2468 Se·

401 2521 591 2626 ptembris.
600 2518 899 2628 -llaymundus
911 2519 1038 2597 Vilert.
1053 2520 1354 2628 2—-Raymundus
1364 2519 1525 2598 Remilli.
1534 2567 1589 2578 -
1605 2519 1826 2600 Guillelmus

401 2652 623 2729 Marcurclli.
649 2697 705 2710 --
724 2653 853 2728 Petrus
873 2652 919 2727 de
938 2652 1026 2729 Sunt
1047 2649 1175 2728 Amac.
1200 2699 1255 2710 —-
1277 2653 1515 2759 Raymundus
1539 2653 1747 2730 Descarme.
1770 2701 1826 2710 —-

401 2783 529 2860 Petrus
550 2783 761 2861 Servicntis.
786 2829 842 2840 -
862 2781 1043 2883 Arnaldus
1064 2781 1174 2859 Colis.
1196 2828 1252 2841 -
1271 2783 1460 2860 Ferrarius
1479 2784 1574 2860 Boti.
1595 2829 1650 2840 -
1669 2779 1825 2862 Guillel-

265 2937 274 2952 ·
402 2941 484 2988 mus
504 2911 551 2988 de
572 2913 745 2995 Terratis.
767 2959 822 2970 -
836 2913 1048 2989 Beruardus
1068 2912 1306 3018 Septembris.
1329 2961 1385 2972 --
1405 2913 1544 3020 Symon
1570 2913 1746 2992 deTurri.
1770 2959 1825 2973 —

401 3042 555 3148 Egidius
575 3044 621 3119 de
642 3043 767 3122 Vilart..
786 3087 843 3104 -·
855 3043 1013 3120 lacobus
1029 3045 1244 3122 Mascaroni.

436 3307 733 3412 'Consequenter
753 3305 789 3381 in
814 3305 947 3382 eodem
967 3305 1112 3382 instanti
1135 3306 1236 3385 idem
1258 3306 1430 3382 dominus
1457 3307 1650 3412 episcopus
1673 3305 1821 3411 publice

400 3435 487 3512 lecit
503 3436 623 3513 vocari
645 3453 681 3512 et
700 3434 817 3512 adsui
838 3435 1065 3541 presenciam
1090 3435 1214 3512 venire
1240 3463 1369 3512 omnes
1397 3434 1549 3513 clericos
1576 3435 1757 3512 seculares
1774 3453 1822 3510 et

399 3567 511 3644 laicos
530 3595 687 3643 necnon
706 3567 804 3643 viros
824 3567 914 3644 alios
932 3565 1128 3674 cujuslibet
1146 3565 1335 3672 religionis
1355 3566 1418 3671 qui
1446 3565 1496 3643 ibi
1518 3566 1684 3652 aderant,
1705 3565 1823 3671 preci-

399 3697 504 3802 piens
524 3699 577 3773 eis
593 3716 629 3773 et
647 3725 800 3774 monens
821 3727 885 3774 eos
905 3697 1114 3774 monicione
1138 3698 1312 3775 canonica
1336 3697 1489 3804 quodsi
1511 3697 1604 3776 sorte
1626 3699 1820 3803 quisquam

401 3857 528 3904 eorum
549 3829 658 3904 sciret
675 3828 795 3934 aliqua
823 3857 934 3934 super
958 3828 1235 3933 inquisitionem
1257 3829 1461 3936 predictam
1476 3829 1554 3935 jam
1575 3857 1594 3904 a
1619 3856 1657 3903 se
1678 3827 1821 3931 incepta

400 3977 523 4035 contra
541 3959 710 4036 ordinem
728 3977 764 4035 et
783 3957 983 4065 singulares
996 3985 1170 4064 personas
1185 3957 1352 4066 ejusdem
1376 3958 1517 4036 ordinis
1534 3955 1699 4062 Templi,
1718 3957 1819 4061 quod

400 4088 459 4164 illa
486 4089 627 4174 diceret
653 4106 689 4164 et
712 4088 917 4193 publicaret
942 4107 979 4164 et
1003 4088 1233 4195 aliquatenus
1260 4117 1335 4166 non
1361 4089 1495 4167 celaret
1519 4089 1641 4164 eidem
1667 4087 1820 4164 domino

355 4311 360 4324 ι
401 4221 572 4324 episcopo
593 4220 792 4325 inquirenti
813 4247 834 4295 a
854 4217 915 4295 die
936 4222 1116 4324 presentis
1134 4221 1353 4298 municionis
1370 4249 1489 4327 usque
1506 4221 1554 4297 ad
1570 4219 1649 4296 dies
1666 4235 1750 4295 octo
1765 4245 1821 4293 se-

400 4367 571 4456 quentes
599 4349 765 4456 alioquin
789 4351 888 4457 ipsos
908 4350 1063 4427 scientes
1084 4369 1121 4428 et
1140 4349 1298 4429 celantes
1318 4369 1354 4428 et
1377 4378 1451 4428 non
1472 4350 1673 4427 revelantes
1697 4347 1819 4424 eidem

400 4479 551 4556 domino
568 4481 741 4587 episcopo
759 4481 851 4558 infra
864 4482 1064 4558 terminum
1076 4481 1286 4588 predictum
1303 4499 1441 4558 extunc
1457 4481 1494 4555 in
1510 4480 1582 4556 hiis
1598 4479 1741 4586 scriptis
1762 4507 1820 4554 ex-

399 4612 747 4688 communicacionis
775 4611 920 4690 viuculo
944 4611 1143 4689 innodavit.
1172 4613 1212 4686 ln
1239 4610 1428 4716 presencia
1444 4627 1481 4686 et
1504 4611 1717 4687 testimonio
1733 4609 1820 4686 Ber-

399 4741 504 4818 nardi
519 4742 564 4818 de
587 4742 752 4820 Priciano
772 4761 808 4819 et
827 4741 1016 4821 Guillelmi
1032 4737 1303 4828 Bonih'ominis‚
1321 4739 1527 4845 Raymnndi
1542 4741 1667 4846 Troyn
1686 4757 1722 4815 et
1734 4737 1816 4844 plu-

399 4874 494 4947 rium
514 4871 668 4950 aliorum
691 4869 1226 4978 clericomm,presbiterorum
1247 4885 1283 4944 et
1299 4867 1497 4974 laycorum.
