4210 5882
374 539 447 614 aas
760 521 955 616 procus
981 539 1077 614 ons
1103 537 1401 612 rnurxtsss.

372 683 410 758 in
430 711 495 760 sua
514 682 731 788 recepcione
752 683 855 789 quod
877 711 919 760 ea
934 710 1007 788 que
1022 680 1115 758 fiunt
1129 681 1186 758 rel
1201 681 1240 756 in
1253 681 1330 758 suis
1345 677 1513 786 capitulis
1527 675 1621 754 nulli
1638 676 1798 758 debeant

372 813 544 904 revelare,
554 841 624 890 nec
640 813 754 890 eciam
768 811 942 890 fratribus
955 811 1121 918 ejusdem
1133 809 1286 900 ordinis,
1303 809 1373 888 nisi
1390 809 1539 914 illisqui
1553 807 1799 888 interfuerunt

372 945 410 1020 in
430 944 519 1049 ipsis
537 942 717 1048 capitulis.
739 943 794 1018 llli
819 958 941 1019 autem
968 942 1032 1046 qui
1057 939 1304 1018 interfuerunt
1329 939 1438 1017 dictis
1457 938 1625 1045 capitulis
1644 960 1799 1045 possunt

370 1075 469 1150 inter
484 1101 523 1150 se
544 1071 710 1149 conferre
731 1072 778 1148 de
800 1071 907 1148 dictis
927 1071 1016 1148 actis
1038 1070 1096 1148 vel
1114 1070 1256 1176 agitatis
1281 1070 1321 1146 in
1340 1069 1508 1175 capitulis
1527 1067 1727 1175 prelibatis.
1753 1072 1799 1147 Et

371 1204 445 1280 hoc
460 1202 581 1290 fit,'ut
598 1203 704 1289 dixit,
726 1201 774 1277 ad
792 1201 955 1278 vitandas
975 1200 1178 1278 discordias
1198 1201 1294 1278 inter
1312 1227 1387 1277 eos.
1404 1201 1461 1276 De
1475 1228 1570 1306 pena
1583 1217 1707 1278 autem
1724 1229 1797 1307 que

373 1334 552 1440 infligitur
571 1333 658 1438 ipsis
678 1331 923 1410 revelantibus
937 1349 1076 1410 secreta
1091 1331 1257 1438 capituli,
1277 1332 1370 1410 dixit
1385 1358 1424 1408 se
1440 1331 1556 1410 nichil
1574 1333 1681 1410 scire.
1697 1335 1799 1412 Dixit

371 1482 495 1540 tamen
520 1462 624 1569 quod
648 1463 725 1568 ipsa
749 1490 845 1569 pena
875 1464 1101 1548 continetur,
1128 1480 1170 1540 ut
1196 1461 1329 1550 credit,
1351 1462 1390 1538 in
1409 1463 1552 1540 statutis
1577 1463 1651 1540 sive
1671 1465 1798 1570 regula

373 1594 460 1670 dicti
479 1592 638 1699 Templi.

426 1725 484 1804 Ad
510 1725 626 1804 lxxmr
645 1725 842 1802 articulum
862 1727 1122 1832 interrogatus,
1145 1726 1236 1804 dixit
1255 1745 1292 1804 et
1311 1723 1498 1804 confessus
1519 1723 1698 1834 estquod
1718 1726 1797 1832 ipse

371 1857 434 1962 qui
451 1856 619 1962 loquitur
638 1856 738 1932 idem
753 1857 887 1934 servari
908 1857 1000 1933 vidit
1012 1886 1081 1963 per
1097 1857 1222 1963 plures
1236 1857 1366 1934 fratres
1382 1857 1549 1963 ejusdem
1566 1856 1797 1964 ordinis,qui

371 1986 538 2093 quandiu
557 2005 711 2093 possunt
725 1985 862 2064 habere
882 1985 1032 2062 fratrem
1058 1987 1287 2092 capellanum
1314 1988 1371 2064 sui
1395 1986 1552 2076 ordinis,
1579 1987 1800 2066 confitentur

372 2116 442 2194 sibi
456 2134 605 2224 peccata
620 2145 696 2194 sua.
715 2116 786 2194 Ubi
798 2145 885 2194 vero
901 2117 1023 2222 ipsum
1038 2115 1176 2194 habere
1192 2145 1267 2194 non
1287 2135 1458 2222 possunt,
1475 2135 1631 2223 possunt
1644 2117 1706 2196 alii
1722 2121 1800 2196 cui-

371 2248 462 2324 libet
481 2247 687 2354 presbitero
707 2246 880 2352 religioso
901 2246 1101 2353 approbate
1126 2246 1316 2352 religionis
1339 2245 1398 2324 vel
1424 2247 1578 2324 seculari
1601 2276 1666 2326 sua
1686 2251 1800 2328 conli-

371 2379 439 2456 teri
467 2395 629 2484 peccata,
659 2395 696 2454 et
715 2376 761 2452 ab
782 2376 862 2484 ipso
888 2377 1052 2484 recipere
1071 2376 1317 2482 penitenciam
1338 2376 1551 2466 salutarem,
1574 2395 1612 2454 et
1629 2379 1682 2454 sic
1708 2379 1800 2457 vidit

372 2507 556 2585 observari
577 2508 673 2584 inter
692 2507 810 2584 dictos
830 2505 959 2584 fratres
978 2522 1173 2612 postquam
1194 2505 1266 2584 luit
1284 2508 1322 2584 in
1340 2507 1440 2584 dicto
1459 2507 1590 2586 ordine
1611 2535 1680 2586 nec
1694 2507 1799 2588 aliter

371 2639 575 2744 prohiberi.

429 2769 604 2858 Adlxxv,
625 2768 777 2850 lxxv1et
802 2769 911 2848 lxxvu
935 2769 1108 2847 articulos
1133 2768 1306 2848 inclusive
1333 2769 1530 2876 diligenter
1555 2771 1799 2878 interrogabis

373 2899 607 3006 singulariter
627 2916 665 2976 et
683 2899 884 3006 sigillatim,
906 2900 1050 3005 negavit
1069 2899 1169 3005 ipsos
1195 2917 1231 2976 et
1255 2900 1380 2976 omnia
1404 2917 1442 2976 et
1463 2900 1606 3008 singula
1630 2919 1798 2980 contenta

372 3032 411 3105 in
430 3029 499 3117 eis,
522 3029 685 3106 adiciens
702 3057 740 3106 se
756 3057 825 3106 nec
844 3029 938 3106 scire
953 3058 1022 3106 nec
1037 3029 1189 3106 credere
1204 3029 1309 3136 quod
1325 3058 1468 3108 errores
1483 3030 1641 3136 predicti
1657 3033 1730 3110 sint
1742 3031 1798 3109 vel

372 3159 509 3237 fuerint
527 3159 566 3235 in
581 3159 710 3236 ordine
731 3159 957 3264 supradict0‚
981 3176 1018 3236 et
1036 3158 1122 3236 ideo
1144 3157 1372 3236 correctione
1396 3188 1472 3237 non
1496 3160 1664 3267 indigent
1684 3163 1714 3239 si
1734 3191 1799 3238 ne·

372 3307 510 3396 queant
524 3289 695 3378 inveniri,
710 3317 779 3366 nec
793 3288 924 3366 debuit
939 3286 1020 3366 fieri
1037 3289 1083 3364 de
1101 3288 1190 3376 illis,
1210 3318 1296 3376 cum
1310 3317 1386 3366 non
1406 3308 1542 3380 essent,
1564 3287 1798 3370 denunciatio

372 3419 494 3525 aliqua
507 3415 669 3496 Ecclesia
690 3435 812 3496 sancte
830 3418 915 3495 Dei.

428 3549 486 3627 Ad
504 3548 779 3628 lxxviii—lxxxi
800 3549 972 3626 articulos
995 3548 1171 3628 inclusive
1196 3550 1393 3656 diligenter
1412 3550 1657 3656 interrogatus
1676 3553 1799 3659 singu-

371 3679 496 3756 lariter
532 3697 569 3756 et
597 3679 803 3786 sigillatim,
842 3680 989 3785 negavit
1023 3680 1123 3785 ipsos
1158 3697 1195 3756 et
1224 3681 1348 3756 omnia
1383 3698 1420 3757 et
1453 3681 1594 3786 singula
1629 3699 1798 3758 contenta

372 3811 409 3884 in
427 3811 490 3886 eis.
789 3894 792 3900 ,
1298 3907 1302 3912 ¹
1666 3790 1669 3795 .

428 3940 485 4018 Ad
505 3942 615 4018 lxxxix
634 3939 832 4018 articulum
848 3939 1046 4049 diligenter
1057 3940 1318 4046 interrogatus,
1335 3941 1528 4047 respondit
1542 3959 1580 4018 et
1591 3941 1683 4017 dixit
1697 3941 1798 4047 quod

373 4072 403 4147 si
425 4071 540 4177 aliqui
568 4070 698 4148 fratres
724 4071 813 4147 dicti
839 4070 981 4148 ordinis
1005 4068 1161 4147 confessi
1193 4068 1343 4147 suerunt
1374 4087 1565 4148 contentos
1592 4075 1736 4148 errores
1762 4071 1798 4148 in

372 4201 599 4307 preambulis
613 4201 775 4278 articulis
789 4200 935 4278 insertis
949 4201 988 4277 in
1000 4200 1131 4277 litteris
1144 4201 1352 4308 papalibus,
1372 4201 1464 4278 dixit
1481 4231 1519 4278 se
1535 4200 1687 4278 credere
1701 4201 1799 4306 ipsos

373 4329 589 4409 confitentes
608 4331 705 4409 malo
727 4348 764 4408 et
783 4330 873 4408 salso
888 4330 1002 4408 modo
1019 4329 1206 4410 confessos
1225 4329 1322 4420 lore,
1340 4349 1376 4408 et
1393 4331 1496 4438 quod
1515 4359 1583 4438 per
1600 4331 1703 4438 gulas
1718 4358 1798 4408 suas

372 4462 518 4538 mentiti
538 4479 624 4538 sunt
642 4460 867 4540 confitendo.

428 4591 486 4670 Ad
522 4591 808 4672 lxxxxix—lxxxv
843 4594 1016 4671 articulos
1050 4592 1224 4670 inclusive
1264 4591 1492 4700 respondens
1532 4591 1795 4697 interrogatus,

372 4723 491 4800 credit
509 4723 615 4830 quod
630 4723 759 4802 fratres
775 4724 821 4802 de
837 4724 975 4831 quibus
990 4725 1028 4800 in
1045 4724 1164 4832 papali
1184 4724 1305 4801 littera
1324 4721 1366 4800 lit
1384 4722 1528 4800 mencio
1549 4719 1706 4800 confessi
1720 4720 1798 4798 fue-

372 4873 455 4930 runt
481 4872 593 4960 prout
623 4857 660 4932 in
695 4856 772 4962 ipsa
801 4855 922 4932 littera
942 4856 1163 4932 continetur.
1192 4854 1292 4932 Dixit
1310 4871 1434 4930 tamen
1452 4881 1490 4929 se
1512 4850 1663 4929 credere
1695 4849 1798 4958 quod
