4486 5890
732 537 738 545 ·
765 499 960 593 rnocns
986 518 1082 592 ons
1109 517 1411 593 rnuetmns.
1757 523 1804 596 os

377 662 667 768 imponerentur
685 687 752 765 per
768 660 997 766 presbiteros
1018 661 1184 757 ordinis,
1207 677 1244 738 et
1262 661 1367 768 quod
1388 677 1485 739 esset
1499 690 1626 740 servus
1641 663 1805 740 esclavus

377 791 541 882 ordinis,
565 807 602 869 et
620 791 719 868 vovit
733 792 958 885 castitatem,
976 790 1255 886 obedienciam,
1276 793 1398 870 vivere
1414 791 1495 868 sine
1511 794 1684 899 propri03
1702 811 1740 871 et
1754 822 1807 870 re-

376 922 476 1030 cepit
492 950 598 1014 eum,
619 937 764 1027 patrem
786 938 824 998 et
842 937 1019 1013 matrem,
1037 920 1190 1000 fratrem
1207 939 1244 1000 et
1262 949 1431 1001 sororem
1447 950 1536 999 suos
1554 921 1604 998 ad
1622 919 1805 999 beneficia

379 1051 550 1141 ordinis;
573 1067 611 1128 et
630 1050 809 1157 imposito
830 1049 901 1128 sibi
920 1049 1120 1141 mantello,
1142 1069 1315 1159 receptor
1335 1067 1374 1128 et
1392 1077 1525 1129 omnes
1548 1066 1708 1128 astantes
1727 1050 1807 1128 sue-

376 1200 466 1260 runt
483 1211 571 1259 eum
586 1183 741 1260 osculati
758 1181 796 1258 in
813 1183 889 1260 ore'.
907 1181 1057 1260 Deinde
1079 1181 1152 1259 fuit
1171 1183 1378 1260 instructus
1394 1179 1440 1256 ab
1459 1181 1595 1257 eodem
1611 1201 1805 1288 receptore

342 1323 344 1328 ’
377 1330 473 1420 quot
494 1314 605 1394 Pater
622 1328 738 1391 noster
756 1311 900 1390 diceret
925 1339 996 1419 pro
1023 1311 1128 1390 horis
1147 1312 1240 1403 suis,
1263 1311 1425 1418 qualiter
1448 1327 1595 1417 regeret
1616 1339 1655 1388 se
1683 1311 1721 1388 in
1748 1341 1808 1390 or·

379 1444 487 1535 dine,
510 1461 548 1520 et
565 1441 720 1520 suerunt
739 1442 773 1519 ei
795 1441 952 1549 expositi
973 1469 1079 1519 casus
1098 1459 1253 1548 propter
1267 1469 1362 1549 quos
1376 1456 1523 1547 poterat
1542 1439 1734 1519 incurrere
1756 1445 1807 1520 di-

379 1600 501 1650 versas
530 1599 666 1680 penas;
695 1589 733 1650 et
757 1573 889 1650 eadem
917 1573 956 1650 in
981 1573 1161 1652 omnibus
1188 1587 1226 1650 et
1252 1601 1320 1680 per
1348 1571 1475 1649 omnia
1495 1571 1587 1647 vidit
1611 1573 1745 1649 servari
1766 1574 1805 1648 in

378 1703 600 1810 recepcione
627 1701 752 1779 fratris
775 1702 916 1781 Mathai
943 1702 1099 1781 Velhier
1127 1702 1304 1809 predicti,
1326 1702 1392 1809 qui
1413 1699 1485 1778 fuit
1503 1700 1677 1778 similiter
1698 1721 1737 1779 et
1758 1702 1805 1780 ab

379 1833 514 1913 eodem
538 1850 577 1911 et
595 1832 739 1910 eisdem
756 1832 997 1938 presentibus
1015 1849 1190 1940 receptus
1207 1861 1295 1910 cum
1316 1860 1385 1921 θος
1406 1848 1443 1908 et
1463 1830 1502 1906 in
1522 1831 1806 1936 recepeionibus

375 1963 718 2070 infrascriptorum,
740 1961 883 2039 scilicet
895 1960 1051 2038 fratrum
1068 1961 1279 2041 Guaulredi
1296 1959 1507 2040 Gommerii
1522 1959 1669 2052 militis,
1686 1979 1723 2039 et
1742 1993 1807 2040 cu·

371 2093 523 2200 jusdam
539 2092 693 2172 alterius
710 2090 840 2168 militis
856 2091 904 2168 de
921 2091 1018 2168 circa
1033 2091 1242 2169 Petrusiam
1257 2089 1534 2168 Lemovicensis
1552 2088 1730 2180 diocesis,
1747 2121 1807 2169 cu·

370 2225 434 2331 jus
456 2250 598 2301 nomen
623 2240 661 2302 et
680 2248 890 2330 cognomen
907 2222 1068 2328 ignorat,
1087 2221 1388 2308 deffunctorum3
1404 2219 1586 2296 lobannis
1599 2219 1647 2295 de
1662 2220 1803 2310 Ruans,

375 2355 481 2432 testis
496 2352 614 2461 jurati
640 2353 707 2430 sed
728 2350 901 2428 nondum
924 2351 1139 2442 examinati,
1161 2368 1199 2428 et
1218 2348 1414 2456 cujusdam
1434 2348 1588 2426 alterius
1612 2351 1805 2430 servientis

377 2483 524 2560 Picardi
554 2482 755 2572 deffuncti,
788 2482 894 2590 cujus
918 2507 1060 2560 nomen
1082 2499 1120 2558 et
1138 2508 1350 2588 cognomen
1376 2480 1537 2588 ignorat,
1559 2479 1625 2584 qui
1644 2498 1807 2584 quatuor

378 2612 493 2690 simul
515 2613 657 2719 recepti
678 2611 835 2689 luerunt
858 2610 898 2687 in
928 2609 1071 2717 capella
1102 2611 1239 2689 domus
1258 2607 1408 2715 Templi
1429 2609 1476 2686 de
1497 2607 1602 2686 Ouso
1622 2609 1806 2690 Pictaven·

376 2743 427 2820 sis
450 2743 625 2830 diocesis,
649 2742 743 2818 circa
764 2741 906 2820 instans
925 2740 1064 2820 festum
1088 2740 1189 2818 beati
1208 2739 1376 2818 Bernabe
1398 2757 1510 2816 erunt
1534 2755 1618 2816 octo
1639 2741 1725 2816 anni
1746 2741 1803 2818 vel

380 2873 503 2964 circa,
521 2901 590 2979 per
609 2871 762 2950 fratrem
787 2869 1024 2950 Gaulredum
1049 2871 1098 2948 de
1118 2870 1313 2950 Gonavilla
1338 2868 1516 2960 militem,
1543 2886 1804 2976 preceptorem

377 3003 555 3090 Pictavie,
577 3001 817 3110 presentibus
835 3000 1013 3080 fratribus
1033 3001 1240 3081 Guillelmo
1261 3003 1336 3080 deu
1368 3001 1482 3109 Liege
1509 3018 1728 3106 preceptore
1756 3001 1803 3080 de

377 3131 553 3239 Rupelle,
576 3148 672 3210 teste
693 3160 804 3239 supra
823 3132 1051 3220 examinato,
1072 3133 1242 3210 Johanne
1264 3131 1311 3210 de
1331 3131 1496 3209 Turonis
1513 3147 1732 3238 preceptore
1755 3131 1803 3210 de

375 3263 496 3342 Renes
518 3262 771 3342 Xantonensis
789 3261 966 3354 diocesis,
983 3264 1049 3369 qui
1070 3262 1261 3341 detinetur
1276 3263 1316 3338 in
1330 3260 1518 3350 Turonia3
1534 3258 1741 3340 Guillelmo
1756 3263 1803 3339 de

375 3391 483 3470 Blere
507 3410 727 3499 preceptore
745 3393 793 3469 de
809 3391 951 3499 Campo
968 3390 1130 3484 Gilonis,
1150 3394 1216 3500 qui
1237 3391 1430 3470 detinetur
1448 3389 1550 3498 apud
1566 3389 1803 3498 Caynonem;

375 3523 548 3600 lohanne
568 3537 788 3630 preceptore
809 3520 908 3598 dicte
930 3522 1068 3599 domus
1094 3521 1141 3598 de
1166 3521 1311 3629 Oyson,
1337 3521 1446 3627 cujus
1470 3548 1678 3626 cognomen
1699 3522 1805 3627 igno-

376 3669 450 3740 rat;
482 3651 634 3730 Matheo
655 3651 702 3728 de
729 3652 868 3760 Stagno
901 3669 1122 3758 preceptore
1150 3650 1198 3728 de
1226 3651 1373 3728 Rochos
1397 3678 1516 3756 prope
1543 3649 1743 3738 Pictavam,
1766 3668 1804 3727 et

375 3779 549 3888 pluribus
569 3779 651 3858 aliis
670 3781 763 3858 vivis
783 3797 821 3858 et
841 3779 1054 3858 deffunctis.
1076 3780 1183 3860 Vidit
1201 3781 1318 3858 eciam
1338 3779 1453 3885 recipi
1472 3779 1625 3856 fratrem
1650 3781 1803 3856 Petrum

378 3913 425 3989 de
446 3911 583 3990 Sancto
605 3910 829 3999 Benedicto,
851 3929 988 3990 testem
1008 3940 1120 4018 supra
1140 3911 1307 4018 juratum
1333 3910 1402 3988 sed
1422 3909 1594 3988 nondum
1616 3909 1803 3986 examina·

377 4059 476 4130 tum,
491 4042 533 4118 in
547 4039 687 4148 capella
708 4039 847 4118 domus
866 4040 1017 4146 Templi
1040 4043 1087 4118 de
1108 4041 1233 4120 lnsula
1252 4040 1457 4128 Bochardi,
1477 4068 1546 4146 per
1563 4038 1716 4118 fratrem
1736 4041 1804 4117 Pe-

376 4189 478 4250 trum
495 4173 547 4250 de
567 4171 715 4250 Medico
734 4171 872 4262 milite,
900 4170 1093 4278 quondam
1113 4188 1310 4249 tenentem
1330 4171 1456 4250 locum
1477 4170 1693 4261 visitatoris,
1715 4185 1804 4248 sunt

377 4329 434 4384 xv1
463 4302 553 4378 anni
580 4301 641 4379 vel
665 4301 780 4392 circa,
811 4300 1051 4406 presentibus
1075 4299 1252 4378 fratribus
1271 4303 1430 4408 Hugone
1461 4301 1509 4377 de
1533 4301 1690 4377 Narsaco
1717 4330 1802 4407 pre·

378 4449 528 4538 ceptore
556 4431 603 4508 de
624 4430 801 4538 Espaucis
821 4431 1073 4511 Xantonensis
1101 4431 1279 4524 diocesis,
1306 4431 1370 4538 qui
1391 4430 1585 4508 detinetur
1602 4431 1800 4524 Xantonis,

378 4561 478 4639 dieto
498 4560 609 4640 fratre
629 4561 801 4640 ,Iohanne
823 4560 871 4639 de
891 4562 1028 4640 Sancto
1047 4561 1270 4650 benedicto,
1294 4560 1477 4639 avunculo
1501 4559 1659 4666 predicti
1678 4561 1803 4639 fratris

377 4693 475 4770 Petri
508 4692 555 4769 de
577 4691 716 4770 Sancto
743 4691 948 4770 Benedicto
969 4691 1180 4782 deffuneto,
1206 4709 1299 4770 teste
1323 4720 1435 4798 supra
1456 4694 1678 4772 examinato.
1700 4694 1804 4772 Vidit

378 4822 495 4898 eciam
520 4822 633 4929 recipi
663 4820 815 4900 fratrem
837 4820 1070 4902 Gaufredum
1097 4823 1145 4900 de
1169 4825 1338 4914 Tenten,
1364 4823 1599 4900 Turonensis
1623 4822 1799 4910 diocesis,
