4486 5890
484 534 554 606 rso
872 505 1068 600 raucas
1093 525 1188 598 nns
1212 525 1510 598 ravennas.

478 670 583 779 quod
602 667 761 748 modum
782 666 1010 774 singularem
1027 667 1250 746 servaverint
1265 667 1305 744 in
1322 696 1388 746 sua
1403 667 1639 774 recepcione,
1657 683 1695 743 et
1709 667 1797 774 quia
1812 667 1905 746 vidit

481 821 518 880 et
542 799 685 880 audivit
708 798 813 906 quod
838 798 936 876 dicta
960 798 1060 876 licita
1081 814 1118 875 et
1136 796 1265 876 illicita
1286 797 1490 876 confessata
1508 825 1578 905 per
1597 825 1683 874 eum
1706 797 1905 876 interveni-

479 949 565 1010 rent
584 931 624 1008 in
643 927 865 1036 recepcione
889 925 1012 1006 fratris
1036 927 1190 1007 Oliverii
1212 929 1260 1006 de
1281 930 1410 1008 Mauso
1431 929 1575 1007 Sereno
1602 928 1814 1022 servientis,
1840 931 1905 1006 Lc-

480 1061 703 1143 movicensis
722 1058 899 1148 diocesis,
921 1059 985 1165 qui
1006 1057 1079 1136 tuit
1097 1077 1227 1166 captus
1246 1087 1321 1136 nna
1341 1088 1426 1138 curn
1447 1059 1528 1138 aliis
1544 1075 1582 1136 et
1596 1077 1769 1166 receptus
1788 1061 1828 1136 in
1849 1089 1906 1138 ca-

479 1192 578 1300 pella
599 1193 736 1270 domus
755 1190 905 1298 Templi
926 1191 974 1269 de
994 1191 1102 1269 Bilda
1122 1191 1364 1269 Bituricensis
1375 1191 1553 1282 diocesis,
1575 1189 1680 1296 quasi
1701 1189 1905 1268 dimidium

480 1351 622 1401 annum
644 1339 731 1430 post
753 1323 1013 1429 recepcionem
1033 1322 1151 1429 ipsius
1168 1323 1290 1412 testis,
1315 1351 1384 1430 per
1402 1321 1555 1400 fratrem
1575 1322 1840 1429 Raymundum
1856 1322 1905 1400 de

479 1453 682 1531 Vassinhac
702 1452 878 1540 militem,
900 1469 1035 1530 testem
1053 1480 1164 1561 supra
1184 1454 1454 1542 examinatum,
1471 1451 1710 1559 presentibus
1728 1450 1905 1531 fratribus
1932 1471 1940 1490 ¹

479 1582 648 1661 Johanne
669 1581 717 1660 de
736 1583 941 1690 Fontenay,
968 1583 1034 1688 qui
1060 1581 1132 1659 fuit
1159 1599 1288 1689 captus
1312 1583 1415 1689 apud
1433 1581 1658 1675 Exordium,
1685 1583 1901 1688 Bertrando,

479 1714 545 1818 qui
565 1712 781 1820 morabatur
795 1713 835 1790 in
852 1713 951 1790 dicta
966 1713 1081 1792 domo
1102 1713 1149 1790 de
1168 1712 1274 1790 Rilda
1291 1714 1339 1790 de
1357 1713 1657 1821 Petregoricinio,
1677 1713 1742 1819 qui
1762 1712 1906 1822 aufugit

482 1841 529 1918 de
552 1870 717 1932 carcere,
742 1857 780 1918 et
804 1840 997 1920 Bemardo
1017 1841 1051 1918 la
1063 1843 1196 1920 Brossa
1217 1841 1264 1919 de
1284 1842 1409 1933 Briva,
1431 1858 1470 1920 et
1488 1840 1685 1920 Clemente
1700 1842 1750 1919 dc
1770 1843 1903 1922 Sancto

481 1972 628 2051 Hilario
647 1969 870 2079 presbitero,
897 1971 1173 2051 Lemovicensis
1192 1970 1369 2064 diocesis,
1391 1971 1457 2078 qui
1477 1970 1550 2048 luit
1562 1988 1692 2078 captus
1706 1973 1806 2079 apud
1817 1975 1904 2052 Bru-

481 2103 623 2206 geriam
651 2099 799 2207 Templi
826 2101 1069 2180 Bituricensis
1096 2100 1274 2191 diocesis,
1302 2129 1400 2208 quos
1428 2100 1549 2180 credit
1574 2100 1715 2192 vivere,
1738 2119 1776 2180 et
1799 2102 1904 2183 Guil·

479 2231 596 2308 lelmo
615 2229 781 2309 Arnaudi
810 2247 1029 2337 preceptore
1057 2232 1105 2308 de
1126 2231 1261 2310 Mediis
1280 2231 1486 2338 quondam.
1513 2232 1625 2321 ltem,
1651 2231 1745 2310 dixit
1767 2261 1808 2310 se
1833 2263 1905 2312 cre-

482 2361 571 2438 dere
585 2359 692 2468 quod
708 2359 841 2438 fratres
856 2361 1000 2438 ordinis
1020 2360 1218 2439 crederent
1230 2360 1486 2438 ecclesiasticis
1500 2361 1751 2452 sacramentis,
1767 2363 1905 2469 quibus

480 2493 560 2598 ipse
580 2490 773 2590 credebat,
793 2506 831 2567 et
847 2492 952 2597 quod
973 2519 1105 2570 eorum
1123 2492 1337 2569 sacerdotes
1356 2489 1485 2568 debite
1505 2488 1748 2568 celebrarent.
1771 2493 1903 2572 Statim

481 2649 550 2727 pro
563 2621 739 2728 professis
748 2619 996 2708 habebantur,
1009 2638 1047 2698 et
1060 2621 1237 2728 jurabant
1252 2621 1428 2700 ordinem
1444 2649 1520 2698 non
1537 2621 1649 2698 exire.
1665 2620 1905 2702 Clandestine

481 2751 771 2859 recipiebantur,
791 2749 908 2828 nullis
926 2751 1165 2858 presentibus
1189 2750 1261 2828 nisi
1281 2748 1459 2829 fratribus
1477 2751 1640 2840 ordinis,
1667 2779 1708 2827 ea
1728 2781 1807 2858 quo
1827 2781 1905 2830 cre-

483 2883 540 2958 dit
570 2882 673 2989 quod
694 2897 791 2960 esset
810 2879 971 2988 suspicio
993 2897 1122 2958 contra
1145 2907 1221 2960 eos.
1244 2880 1423 2960 Cordulis
1442 2881 1546 2958 unde
1564 2879 1740 2960 volebant
1765 2909 1905 2962 assum-

482 3013 555 3117 ptis
569 3011 815 3120 cingebantur
837 3037 951 3117 super
972 3009 1140 3088 camisias
1161 3039 1248 3088 cum
1263 3010 1402 3118 quibus
1420 3009 1606 3118 jacebant.
1628 3011 1810 3088 iurabant
1830 3041 1903 3090 non

483 3142 647 3220 revelare
664 3158 805 3219 secreta
824 3139 1106 3246 capituliorum‚
1127 3139 1176 3216 de
1195 3138 1312 3217 modo
1332 3139 1562 3244 recepeionis
1576 3139 1726 3246 speciali
1744 3167 1823 3219 non
1840 3143 1902 3220 ba-

482 3272 560 3350 hita
583 3271 799 3360 mencione3
821 3269 886 3375 qui
911 3267 1136 3346 revelassent
1158 3267 1369 3346 incarcerati
1390 3267 1559 3346 luissent.
1582 3267 1736 3375 Absque
1754 3269 1903 3348 licencia

482 3431 558 3479 non
580 3417 753 3509 poterant
773 3399 856 3477 aliis
874 3427 988 3506 quam
1011 3397 1268 3477 sacerdotibus
1287 3396 1432 3476 ordinis
1451 3396 1636 3476 confiteri.
1656 3400 1805 3478 Fratres
1824 3402 1903 3508 qui·

483 3532 555 3610 bus
570 3531 691 3610 credit
708 3547 795 3608 nota
810 3528 925 3606 luisse
941 3527 1069 3606 illicita
1088 3527 1291 3606 confessata
1310 3556 1378 3635 per
1393 3555 1482 3606 eum
1492 3525 1649 3606 fuerunt
1662 3529 1901 3639 negligentes,

482 3663 570 3768 quia
597 3689 674 3740 non
698 3675 940 3740 correxerunt
964 3687 1006 3736 ea
1025 3685 1095 3736 nec
1119 3657 1442 3737 denunciaverunt
1460 3658 1637 3737 Ecclesie.
1663 3660 1705 3736 ln
1731 3661 1906 3740 domibus

483 3795 628 3874 ordinis
644 3794 683 3870 in
704 3792 846 3901 quibus
867 3791 987 3870 extitit
1007 3807 1275 3880 commoratus,
1296 3790 1393 3867 vidit
1411 3789 1634 3868 elemosinas
1659 3809 1696 3868 et
1717 3791 1907 3900 hospitali-

483 3943 598 4001 tatem
615 3923 880 4001 c'onvenienter
895 3920 978 3999 lieri
995 3939 1032 3998 et
1051 3919 1207 4009 servari,
1225 3937 1263 3998 et
1281 3919 1558 4028 precipiebatur
1576 3921 1630 3998 eis
1644 3919 1749 4028 quod
1767 3922 1907 4001 elemo-

484 4057 583 4132 sinas
605 4071 643 4132 et
660 4054 761 4131 bona
784 4052 928 4131 ordinis
951 4051 1079 4129 debite
1101 4067 1371 4129 conservarent.
1396 4049 1548 4130 Audivit
1571 4049 1645 4128 dici
1667 4053 1773 4158 quod
1793 4052 1906 4139 clam,

485 4185 599 4263 nullis
616 4182 855 4291 presentibus
871 4181 942 4259 nisi
958 4180 1134 4259 fratribus
1152 4181 1313 4272 ordinis,
1331 4207 1464 4258 eorum
1480 4181 1654 4288 capitulis
1669 4183 1906 4260 tenebantur.

361 4365 367 4372 -
486 4315 667 4393 Ordinata
691 4341 759 4420 per
777 4312 998 4419 Magistrum
1020 4339 1106 4389 cum
1127 4327 1313 4388 conventu
1334 4327 1512 4388 servasset
1530 4327 1632 4389 totus
1651 4312 1759 4401 ordo,
1781 4329 1911 4392 contra

484 4475 599 4553 quem
618 4472 720 4522 nunc
738 4443 894 4551 grandia
913 4441 1104 4532 scandala,
1126 4441 1288 4549 suspicio
1307 4459 1347 4519 et
1361 4439 1512 4518 infamia
1527 4457 1617 4519 sunt
1635 4458 1773 4520 exorta.
1791 4441 1911 4520 audi-

484 4577 536 4652 vit
550 4575 623 4652 dici
641 4601 818 4681 magnum
836 4573 1056 4682 Magistrum
1073 4589 1111 4650 et
1124 4572 1218 4650 alios
1232 4572 1356 4680 aliqua
1369 4571 1484 4650 luisse
1500 4570 1688 4651 confessos
1704 4587 1835 4650 contra
1848 4600 1913 4650 or·

486 4708 635 4795 dinem,
655 4705 702 4782 ad
722 4704 830 4812 cujus
853 4703 1127 4782 deffensionem
1150 4730 1286 4782 senon
1307 4700 1506 4780 obtulerat.

542 4836 757 4944 Requisitus
771 4837 801 4913 si
816 4835 868 4912 sic
881 4836 1107 4942 deposuerat
1120 4861 1246 4942 prece,
1259 4850 1453 4942 precepto,
1472 4835 1626 4928 timore,
1643 4863 1787 4928 amore,
1807 4837 1912 4925 odio,
