4320 5898
645 603 679 619 ,.
714 501 910 598 raocts
936 521 1032 596 uns
1057 523 1359 598 rnurmnus.
1519 593 1524 604 Ι
1697 529 1744 602 cr

326 661 397 740 sihi
414 659 594 739 omuibus
608 677 647 739 et
659 661 818 770 singulis
832 663 1016 756 articulis,
1033 665 1230 772 respondit
1245 693 1285 742 se
1305 663 1466 752 nescire,
1488 691 1560 742 uec
1578 667 1744 754 credere,
1906 702 1909 712 ·

326 819 396 870 uec
415 791 599 872 audivisse
615 791 689 870 dici
708 793 757 872 de
774 797 966 874 contentis
986 797 1026 873 iu
1047 797 1102 874 eis
1120 795 1192 874 nisi
1207 795 1311 902 quod
1324 794 1509 901 sequitur3
1520 811 1561 872 et
1572 793 1746 902 fuitpro-

323 935 482 998 testatus
505 919 609 1026 quod
625 949 712 998 non
737 923 901 1002 intendit
924 925 1103 1003 recedere
1128 953 1149 1002 a
1173 923 1416 1030 deposicione
1440 952 1510 1031 per
1535 953 1624 1002 eum
1652 923 1747 1003 facta

326 1077 451 1128 coram
477 1049 577 1128 dicto
602 1050 759 1130 dominc
785 1055 1067 1162 archiepiscopo
1091 1055 1278 1132 tremensi„
1300 1054 1404 1132 Dixit
1422 1071 1549 1132 autem
1568 1082 1608 1132 se
1633 1053 1747 1134 fuisse

324 1193 516 1285 receptum
542 1207 612 1285 per
635 1180 790 1260 fratrem
814 1185 1037 1262 Johaunem·
1053 1185 1100 1261 de
1123 1184 1266 1293 Seruay
1290 1184 1512 1263 seruientem
1533 1185 1745 1292 quondam,

325 1324 584 1416 preceptorem
610 1328 702 1390 tunc
731 1314 779 1392 de
804 1315 1025 1424 Oysimoute
1055 1314 1317 1394 Ambianensis
1343 1314 1520 1404 diocesis,
1541 1316 1581 1391 in
1607 1315 1748 1422 capella

329 1438 432 1517 dicte
455 1439 594 1520 domus
615 1443 664 1520 de
689 1443 912 1552 Oysimoute
936 1444 1096 1526 infesto
1126 1445 1310 1526 Omnium
1332 1447 1555 1526 Sanctorum
1575 1447 1746 1552 proximo

327 1569 507 1676 preterito
527 1570 682 1651 firerunt
701 1591 786 1652 octo
803 1577 895 1654 anni
919 1576 979 1655 vel
1004 1575 1119 1666 circa,
1147 1575 1383 1683 presentibus
1408 1574 1587 1655 fratribus
1610 1575 1746 1684 Egidio

327 1697 376 1776 de
402 1699 563 1810 Rotengi
603 1703 813 1809 presbitero
839 1733 951 1814 supra
975 1705 1206 1792 examinato,
1238 1707 1388 1785 Nicolao
1414 1707 1463 1784 de
1487 1705 1593 1786 Cella
1624 1733 1747 1812 qucu-

324 1827 413 1906 dsm
433 1847 653 1936 preceptore
672 1831 770 1912 dicte
787 1833 945 1929 domus,
968 1854 1006 1915 et
1024 1839 1186 1945 Hugone
1205 1835 1254 1915 de
1273 1836 1497 1923 Gamaches,
1519 1850 1558 1913 et
1576 1835 1747 1913 Johaunc

323 1959 547 2067 burgundo,
559 1962 666 2069 cujus
683 1991 894 2072 cognomen
909 1967 1074 2075 ignorat,
1088 1967 1353 2060 servientibus,
1366 1965 1416 2044 de
1428 1993 1592 2074 quornm
1605 1967 1747 2044 vitavel

324 2105 447 2168 morte
472 2091 689 2171 nonhabet
713 2096 1001 2187 certitudinem,
1021 2125 1044 2174 a
1066 2125 1144 2203 quc
1164 2098 1279 2202 peciit
1300 2114 1360 2175 ter
1378 2123 1512 2202 panem
1535 2113 1574 2174 et
1595 2123 1745 2202 aquom,

323 2219 541 2298 societatem
560 2236 601 2297 ct
619 2247 824 2328 pauperem
847 2224 1025 2302 uestitum
1046 2225 1201 2302 ordinis.
1223 2227 1414 2330 Responso
1438 2240 1566 2301 sutem
1587 2225 1748 2331 siquod

323 2347 423 2428 bene
439 2348 685 2440 deliberaret,
707 2352 796 2458 quia
815 2369 1009 2458 oporteret
1028 2381 1118 2430 eum
1134 2381 1154 2428 a
1169 2379 1209 2429 se
1224 2351 1397 2429 abdicare
1407 2354 1600 2458 propriam
1616 2352 1748 2431 volun-

323 2493 458 2571 tstem,
477 2495 518 2556 et
533 2477 657 2556 multa
676 2478 772 2556 dura
791 2497 830 2558 ct
848 2509 979 2588 aspere
995 2482 1196 2569 sustinere,
1216 2507 1306 2556 curu
1326 2479 1406 2587 ipse
1424 2480 1531 2557 testis
1548 2484 1748 2587 responde

324 2624 383 2686 net
405 2608 512 2716 quod
532 2608 660 2686 omnia
679 2610 897 2701 sustineret,
920 2611 1077 2718 prestito
1094 2639 1165 2717 per
1178 2611 1438 2717 jurameutum
1458 2610 1565 2716 quod
1583 2637 1661 2688 uon
1681 2612 1748 2688 ha-

323 2736 440 2816 bebat
457 2737 717 2817 infirmitatem
746 2740 944 2832 latentem,
971 2767 1041 2817 uec
1066 2757 1145 2818 erat
1164 2740 1523 2832 excommunicatus,
1549 2768 1619 2817 nec
1639 2741 1746 2820 alteri

325 2867 518 2976 religioni,
536 2870 780 2948 matrimonio
800 2897 872 2948 uec
891 2869 1030 2948 debitis
1049 2877 1123 2976 (pue
1143 2895 1221 2947 uon
1240 2885 1367 2976 posset
1377 2868 1523 2948 solvere
1545 2869 1746 2978 obligatus,

325 3025 396 3076 nec
409 2997 554 3077 servilis
574 2999 826 3094 condicionis,
848 2999 943 3078 fecit·
956 2995 1197 3078 eum'vcvere
1218 3015 1257 3077 et
1270 3001 1400 3107 jurare
1418 2999 1641 3092 castitatem,
1658 3001 1750 3080 obe-

324 3125 531 3220 dienciam,
557 3128 679 3208 vivere
707 3130 789 3207 sine
807 3129 977 3237 proprio,
1003 3147 1043 3208 et
1061 3129 1166 3238 quod
1187 3145 1285 3208 esset
1300 3155 1430 3206 servus
1449 3127 1613 3207 esclarus
1630 3132 1747 3208 Terre

328 3256 486 3349 Sancter
506 3273 546 3335 et
565 3257 744 3365 imposito
763 3259 837 3338 sibi
855 3259 1055 3348 mantello,
1071 3259 1183 3336 traxit
1202 3285 1290 3336 eum
1314 3274 1415 3336 retro
1435 3256 1566 3354 altare,
1587 3258 1670 3338 aliis
1688 3254 1757 3338 re-'

326 3387 569 3466 manentibus
595 3389 636 3466 in
665 3389 821 3496 capella,
851 3407 890 3469 et
919 3407 1067 3469 ostensa
1087 3389 1159 3469 sibi
1176 3387 1342 3497 ‘quadam
1363 3413 1471 3466 eruce
1494 3387 1689 3468 metallina
1708 3392 1748 3467 in

324 3546 401 3626 quc
414 3535 496 3596 crat
509 3547 644 3627 ymago
656 3520 844 3613 crucifixi,
860 3521 1029 3628 precepit
1047 3521 1082 3598 ei
1102 3520 1207 3628 quod
1226 3519 1428 3626 abnegaret
1443 3521 1589 3612 Deums
1606 3537 1645 3600 et
1658 3551 1748 3600 curn

325 3647 406 3755 ipse
423 3647 529 3726 testis
546 3650 796 3758 responderet
812 3678 853 3730 se
873 3651 947 3728 hoc
965 3648 1075 3728 nullo
1103 3647 1220 3727 modo
1247 3647 1452 3741 lemurum,
1478 3649 1573 3728 dixit
1587 3651 1622 3728 ei
1643 3653 1749 3758 quod

324 3777 403 3857 boc
424 3779 623 3886 oportebat
642 3805 731 3862 enm
751 3781 892 3872 facere,
915 3781 1003 3888 quia
1022 3796 1104 3858 erat
1119 3779 1174 3857 de
1189 3778 1341 3886 punctis
1364 3777 1524 3871 ordinis,
1547 3793 1585 3857 et
1602 3797 1750 3886 poterat

328 3905 511 4015 abnegare
527 3936 593 3988 cre
608 3938 686 3988 non
701 3911 814 3990 corde
829 3940 839 3987 ι
862 3927 900 3988 et
918 3927 1009 3990 tunc
1023 3911 1104 4018 ipse
1119 3909 1224 3987 testis
1239 3909 1433 4016 abnegarit
1447 3933 1512 3986 ore
1526 3935 1605 3987 uon
1615 3909 1746 3988 corde.

325 4037 430 4116 Dixit
445 4039 567 4116 ,eciem
591 4039 718 4148 quod,
739 4042 844 4148 prius
862 4040 1018 4149 qrrando
1038 4037 1205 4118 ostendit
1227 4038 1302 4117 sibi·
1319 4038 1457 4116 dictam
1478 4065 1643 4131 nucem,
1663 4069 1751 4147 pre-

329 4165 428 4274 cepit
451 4167 486 4245 ei
510 4169 616 4276 quod
641 4189 793 4277 spueret
821 4199 937 4278 super
961 4198 1061 4258 eam,
1087 4169 1272 4276 quiahoc
1299 4185 1379 4246 erat
1398 4168 1447 4247 de
1465 4165 1577 4246 dictis
1595 4171 1751 4276 punctis

328 4295 495 4391 ordiniss
525 4315 566 4378 et
590 4299 670 4407 ipse
698 4301 804 4380 testis
830 4289 958 4378 noluit
981 4325 1119 4406 spuere
1138 4325 1265 4404 supra,
1292 4299 1358 4376 sed
1378 4298 1480 4404 spuit
1493 4297 1612 4405 juxta.
1633 4300 1746 4390 Item,

329 4425 423 4506 diris
441 4427 476 4506 ei
495 4429 602 4536 quod
619 4431 829 4508 secundm
845 4429 948 4510 dieta
965 4446 1103 4535 puncta
1121 4444 1271 4536 poterat
1289 4427 1487 4505 carnaliter
1510 4428 1746 4506 commisceri

324 4556 506 4638 trsuttm
525 4559 668 4637 ordinis
686 4576 727 4637 et
745 4559 815 4666 ipsi
833 4585 922 4636 cum
940 4579 1008 4650 eo,
1029 4559 1105 4636 boo
1119 4576 1341 4637 tamennon
1355 4556 1444 4634 lecit
1457 4556 1753 4664 necfuitrequi·

329 4688 441 4777 situs,
462 4716 534 4767 neo
552 4689 674 4768 credit
692 4688 797 4798 quod
815 4689 855 4766 iu
873 4689 1010 4768 'ordine
1026 4688 1154 4768 lieret.
1177 4689 1291 4778 item,
1323 4687 1416 4765 dixit
1432 4687 1553 4794 quod,
1576 4687 1624 4765 dc
1644 4711 1751 4764 mn

330 4820 418 4897 dato
440 4815 530 4897 dicti
550 4820 771 4925 receptorio,
792 4817 866 4898 fuit
882 4847 971 4898 eum
990 4818 1179 4898 osculatus
1196 4818 1235 4894 in
1251 4845 1360 4896 carne
1373 4815 1494 4908 nuda,
1515 4834 1636 4906 retro,
1653 4802 1752 4892 iuter

1594 4989 1641 5052 9„
