4320 5898
393 509 440 578 se
779 479 977 574 onocts
1005 499 1100 572 ons
1128 495 1428 572 TEMPLIERS.

391 646 438 722 de
457 644 655 722 Penrando
686 642 852 720 visitator
875 642 1046 731 Francie,
1074 639 1272 748 presidens
1289 621 1383 714 tunc
1408 633 1571 742 capitulo
1596 663 1731 712 eorum
1757 665 1822 744 ge·

390 777 507 854 nerali
532 776 712 866 Parisios,
738 775 879 882 recepit
903 776 943 851 in
968 773 1110 881 capella
1134 770 1267 880 majori
1292 766 1444 876 Templi
1470 768 1595 875 ipsum
1620 784 1758 846 testem
1786 783 1825 845 et

389 909 522 986 fratres
536 909 747 988 Johannem
762 910 867 984 Bratz
884 907 941 984 de'
951 907 1023 984 Fer
1039 904 1311 1012 presbiterum,
1330 899 1562 978 Richardum
1584 899 1686 977 Scoti
1700 928 1824 1007 quon·

391 1042 494 1129 dam,
514 1039 743 1118 Richardnm
764 1039 812 1114 de
832 1037 1009 1145 Caprosia
1030 1037 1176 1115 dictum
1188 1035 1231 1112 'le
1250 1033 1402 1113 Charon
1421 1032 1641 1122 servientes,
1669 1049 1707 1108 et
1726 1031 1823 1110 duos

391 1173 483 1252 alios
503 1171 705 1252 servientes
721 1196 886 1276 quorum
904 1167 1058 1246 nomina
1083 1184 1121 1244 et
1145 1164 1371 1272 cognomina
1395 1163 1562 1271 ignorat,
1584 1163 1824 1269 presentibus

390 1301 568 1378 fratribus
586 1298 788 1405 Radulpho
807 1297 853 1375 de
869 1296 948 1376 Gisi
970 1313 1008 1375 et
1024 1295 1201 1403 Philippo
1220 1294 1365 1401 ‘Agathe
1381 1310 1473 1371 tunc
1491 1310 1712 1402 preceptore
1732 1296 1825 1374 Nor-

391 1433 558 1520 mannie,
582 1447 619 1508 et
638 1429 836 1537 Reynardo
858 1427 1154 1535 deTremplayo
1174 1427 1403 1534 presbitero,
1429 1425 1590 1504 testibus
1610 1455 1721 1534 supra
1743 1455 1824 1504 exa-

390 1565 557 1651 minatis,
589 1577 731 1638 astante
757 1559 830 1637 alia
854 1558 1103 1637 multitudine
1129 1587 1199 1666 pro
1226 1557 1391 1666 capitulo
1425 1575 1657 1667 congregata.
1690 1556 1722 1635 A
1747 1587 1823 1666 quo

390 1712 585 1802 receptore
601 1721 688 1770 cum
701 1691 900 1798 peciissent
916 1691 1098 1770 instanter
1109 1707 1147 1769 et
1158 1689 1302 1799 pluries
1313 1695 1452 1799 panem
1467 1705 1504 1767 et
1517 1719 1652 1797 aquam
1667 1689 1821 1780 ordinis,

391 1845 429 1904 et
449 1827 503 1904 eis
522 1823 780 1932 respondisset
799 1822 904 1934 quod
922 1823 1022 1901 bene
1045 1821 1317 1912 deliberarent,
1339 1822 1427 1928 quia
1448 1838 1641 1929 oporteret
1660 1849 1725 1900 eos
1744 1851 1766 1898 a
1785 1849 1823 1900 se

391 1959 562 2036 abdicare
588 1943 780 2064 propriam
807 1953 1041 2054 voluntatem
1072 1971 1110 2032 et
1136 1953 1270 2062 subjici
1296 1952 1435 2042 aliene,
1465 1971 1504 2032 et
1527 1953 1647 2051 multa
1672 1953 1767 2032 dura
1787 1971 1824 2030 et

390 2116 518 2196 aspera
548 2088 755 2176 sustinere,
792 2086 961 2165 finaliter
992 2087 1150 2193 prestito
1183 2113 1253 2193 per
1280 2088 1541 2196 juramentum
1575 2085 1681 2195 quod
1707 2083 1823 2162 nichil

391 2221 573 2300 dederant
591 2221 649 2298 vel
669 2211 922 2327 promiserant
941 2237 984 2298 ut
1001 2219 1263 2328 reciperentur
1282 2220 1321 2296 in
1343 2199 1475 2299 ordine
1497 2218 1729 2327 supradicto,
1755 2245 1825 2294 nec

391 2372 496 2431 erant
515 2351 623 2434 alteri
643 2351 819 2462 religioni
841 2351 1014 2460 obligati,
1037 2380 1108 2428 nec
1127 2351 1319 2430 habebant
1338 2351 1483 2460 aliquid
1501 2350 1822 2459 inpedimentum,

389 2485 478 2563 lecit
506 2513 571 2563 eos
599 2512 732 2563 vovere
759 2484 983 2572 castitatem,
1016 2485 1294 2577 obedienciam,
1327 2503 1364 2564 et
1396 2485 1518 2563 vivere
1548 2483 1628 2562 sine
1657 2481 1821 2591 proprio.

390 2616 638 2694 Postmodum
655 2615 838 2722 imposuit
849 2617 903 2694 eis
918 2615 1135 2708 mantellos,
1156 2617 1366 2724 presbitero
1381 2617 1553 2725 predicto
1571 2616 1719 2694 dicente
1735 2611 1826 2721 psal·

391 2777 496 2857 mum
510 2745 675 2825 Ecclesie
687 2748 801 2826 :Ecce
812 2777 915 2852 quom
930 2749 1050 2826 bonnm
1067 2763 1101 2826 et
1113 2750 1425 2855 qoomjocondum‚
1440 2767 1477 2827 et
1487 2749 1668 2856 quasdam
1685 2747 1827 2824 oracio·

392 2909 474 2971 nes,
493 2897 531 2957 et
547 2906 680 2957 omnes
691 2878 824 2958 fratres
839 2897 1002 2984 astantes
1021 2879 1176 2958 luerunt
1191 2908 1255 2958 eos
1270 2880 1428 2958 osculati
1443 2881 1482 2957 in
1503 2909 1582 2959 ore.
1605 2881 1693 2974 Quo
1709 2877 1824 2966 sacto,

391 3009 462 3086 luit
482 3009 623 3088 dictum
644 3039 713 3116 per
732 3009 939 3118 quemdam
960 3035 1004 3086 ex
1020 3007 1198 3089 fratribus
1219 3009 1443 3098 astantibus,
1464 2989 1585 3088 nescit
1602 3039 1672 3118 per
1691 3038 1822 3116 quem,

390 3144 575 3251 receptori
602 3143 706 3250 quod
731 3143 810 3249 ipse
841 3141 1047 3220 obmiserat
1080 3172 1144 3221 eos
1177 3141 1397 3222 conculcare
1437 3171 1586 3220 crucem
1619 3140 1756 3234 facere,
1788 3159 1825 3219 et

318 3293 329 3316 ¹
391 3274 496 3380 quod
525 3292 786 3382 apportaretur
814 3304 903 3353 crux
927 3293 972 3352 ut
998 3273 1262 3353 conculcarent
1292 3304 1392 3371 eam3
1427 3249 1577 3352 etcum
1609 3275 1688 3381 ipse
1721 3274 1825 3352 testis

391 3421 430 3482 et
454 3404 517 3482 alii
544 3407 686 3514 recepti
716 3407 790 3483 hoc
815 3405 1061 3516 audivissent,
1091 3407 1248 3485 fuerunt
1276 3407 1522 3485 vehementer
1544 3405 1756 3513 stupefacti,
1789 3421 1826 3484 et

392 3536 587 3643 potissime
606 3537 686 3644 ipse
705 3538 828 3628 testis,
849 3554 894 3616 ut
916 3537 1019 3616 dixit.
1046 3541 1132 3634 Quo
1153 3540 1252 3633 viso,
1274 3539 1398 3646 dictus
1417 3555 1591 3647 receptor
1610 3537 1704 3614 dixit
1723 3537 1826 3645 quod

262 3763 268 3782 ,
392 3670 469 3778 ipse
500 3687 580 3748 erat
611 3669 700 3748 alibi
735 3669 990 3779 profecturus,
1026 3687 1065 3749 et
1096 3673 1201 3778 quod
1236 3670 1472 3748 dimitterent
1502 3670 1623 3748 dictos
1656 3687 1825 3778 receptos

341 3839 346 3846 ·
391 3819 507 3894 stare,
530 3802 620 3908 quia
639 3803 729 3881 alias
749 3803 1031 3880 instruerentur
1052 3803 1099 3880 de
1119 3803 1269 3910 punctis
1281 3800 1449 3913 {ordinis3
1468 3819 1506 3880 et
1525 3802 1578 3880 sic
1594 3801 1699 3878 nulla
1715 3829 1824 3878 cruce

391 3931 516 4022 allata,
548 3959 619 4009 nec
642 3932 691 4042 de
725 3929 955 4040 aliquoalio
983 3933 1115 4012 illicito
1143 3950 1320 4042 contento
1346 3934 1514 4012 indictis
1539 3934 1706 4012 articulis
1733 3933 1825 4012 lacta

391 4081 482 4140 tunc
508 4063 706 4142 moncione
732 4064 803 4171 ipsi
827 4065 915 4144 testi
941 4065 1000 4143 vel
1021 4065 1119 4158 aliis,
1151 4084 1397 4146 recesserunt.
1426 4067 1503 4147 Sed
1522 4067 1679 4174 quidam
1698 4065 1823 4157 frater,

392 4195 500 4302 cujus
519 4223 661 4273 nornen
683 4214 721 4274 et
741 4199 954 4306 cognomen
980 4175 1142 4308 ignorat,
1168 4199 1264 4277 dixit
1282 4200 1403 4307 quod,
1430 4199 1651 4278 secundum
1668 4226 1823 4277 consue-

390 4327 565 4404 tudinem
594 4329 755 4419 ordinis,
789 4330 980 4409 debebant
1008 4333 1193 4442 abnegare
1218 4334 1360 4426 Deum,
1390 4351 1435 4411 ut
1460 4333 1531 4410 sibi
1552 4331 1730 4421 'videtum
1759 4330 1827 4408 sed

392 4461 654 4564 postmodum,
679 4463 725 4540 de
751 4462 861 4542 dictis
888 4465 1030 4542 illicitis
1055 4465 1115 4543 vel
1144 4465 1226 4544 aliis
1246 4466 1350 4544 nulla
1369 4465 1442 4542 suit
1468 4465 1563 4543 sacta
1586 4464 1736 4544 mencio
1756 4464 1825 4571 ipsi

390 4592 489 4682 testi,
502 4619 571 4678 nec
582 4593 651 4672 scit
663 4623 734 4672 nec
743 4595 886 4674 audivit
897 4597 1230 4706 quodluerit'facta
1243 4598 1392 4677 mencio
1407 4597 1489 4675 aliis
1500 4625 1586 4676 cum
1598 4626 1644 4675 eo
1654 4595 1823 4704 receptis.

391 4724 608 4831 Requisitus
628 4725 658 4802 si
681 4727 766 4816 scit,
786 4728 846 4806 vel
861 4730 1000 4819 credit,
1021 4730 1080 4807 vel
1096 4731 1239 4808 audivit
1254 4731 1327 4808 dici
1347 4731 1454 4839 quod
1473 4729 1599 4837 aliqua
1617 4728 1748 4806 illicita
1767 4727 1825 4804 io-

391 4855 672 4936 tervenirentin
685 4860 971 4967 rec'epcionibus
983 4859 1146 4941 aliorum
1155 4861 1314 4940 fratrom
1325 4860 1383 4939 vel
1395 4878 1496 4969 post,
1511 4861 1709 4968 respondit
1719 4859 1823 4968 quod
