4208 5886
692 523 1359 621 processusrnurusus.
1544 523 1548 532 '
1666 547 1739 619 207

310 689 382 771 sibi
411 685 594 768 mantello
617 688 789 778 recessit,
823 687 912 797 quie
943 685 1130 797 cogitabat
1158 686 1263 794 quod
1285 683 1396 764 fieret
1427 683 1631 794 abnegatio
1656 713 1743 795 pre·

312 821 425 914 dicte,
447 837 484 899 et
503 817 824 899 recommendavit
847 845 937 896 eum
962 817 1147 925 receptori
1167 817 1257 896 dicti
1276 814 1496 905 Guillelmi,
1518 817 1583 925 qni
1606 816 1743 895 mtine·

310 950 375 1031 brt
402 951 528 1030 eidem
561 949 668 1040 testi,
699 967 739 1028 et
768 948 925 1027 fratrum
953 947 1123 1058 Hugonis
1153 934 1214 1025 de'
1230 947 1369 1026 Anesio
1395 947 1631 1026 Turonensis
1659 947 1743 1026 dio-

311 1083 421 1175 cesis,
454 1098 492 1160 et
519 1077 717 1161 Guillelmi
748 1081 861 1189 luyto
892 1079 1063 1190 ejusdem
1094 1079 1255 1158 diocesis
1283 1077 1471 1171 militum,
1501 1093 1742 1186 receptorum

310 1211 465 1293 insimul
494 1211 535 1290 in
560 1211 703 1319 capella
725 1211 864 1292 domus
882 1210 1034 1318 Templi
1056 1210 1104 1288 de
1123 1209 1253 1288 Auson
1280 1210 1321 1286 in
1346 1207 1525 1315 capitulio
1555 1207 1739 1316 generali,

311 1353 403 1424 sunt
416 1367 475 1422 rvr
497 1343 586 1420 anni
608 1341 744 1450 elapsi,
769 1367 840 1450 per
857 1339 1003 1420 dictum
1023 1339 1176 1418 fratrem
1197 1338 1465 1452 Amblardum,
1483 1357 1528 1418 ut
1547 1337 1619 1418 sibi
1639 1340 1743 1417 vide-

311 1493 387 1561 tur,
419 1469 660 1580 presentibus
690 1467 977 1578 preceptoribus
1006 1487 1046 1548 et
1074 1468 1253 1548 baninu
1281 1469 1351 1576 qni
1388 1487 1665 1546 consucvemnt
1693 1471 1742 1548 ed

312 1605 455 1682 dictum
483 1602 691 1710 capitulum
713 1601 931 1690 convenire,
966 1618 1004 1679 et
1022 1599 1145 1680 fratris
1177 1598 1347 1710 Hugonis
1372 1599 1419 1676 de
1444 1597 1612 1706 llelbeyo
1642 1602 1743 1709 ejus·
1851 1691 1854 1698 Χ

312 1735 398 1813 dem
422 1734 581 1812 diocesis
600 1732 747 1821 militis,
768 1711 909 1840 recepti
930 1732 1032 1840 opud
1056 1731 1159 1810 Auso
1190 1731 1231 1808 in
1257 1729 1434 1838 capitulio
1456 1729 1639 1838 generali,
1673 1757 1742 1838 per

311 1864 454 1942 dictum
474 1862 627 1942 fratrem
651 1861 908 1956 Gtulredum,
930 1889 998 1970 per
1026 1889 1148 1941 unum
1177 1887 1319 1940 annum
1345 1858 1406 1937 tel
1432 1860 1529 1938 circs
1547 1878 1635 1938 ente
1656 1889 1741 1968 cep-

312 1995 460 2072 cionem
480 2019 634 2086 eorum,
655 2017 726 2070 nec
754 2019 834 2070 uon
860 2009 899 2070 st
927 1991 1125 2100 cujusdem
1145 1991 1300 2070 ulterius
1318 1989 1442 2067 frutris
1461 1987 1608 2082 militis,
1633 1991 1742 2099 cujus

310 2151 452 2204 nomen
482 2141 520 2202 et
555 2147 766 2233 cognomen
798 2122 968 2231 ignoret,
996 2117 1066 2199 lilii
1098 2121 1253 2200 domine
1283 2120 1334 2198 de
1368 2119 1489 2226 Cloye
1517 2120 1742 2200 Pictmemis

311 2255 486 2348 diocesis,
513 2251 653 2362 recepti
681 2255 721 2332 in
748 2253 849 2332 dicto
870 2252 955 2332 loco
985 2252 1033 2332 de
1059 2251 1178 2344 Auso,
1196 2252 1235 2328 in
1262 2250 1363 2329 dicto
1389 2249 1569 2356 capitulio
1597 2252 1637 2326 in
1662 2280 1740 2359 quo
1787 2257 1792 2262 ’
1896 2275 1901 2290 ’

309 2403 484 2492 receptus
503 2383 625 2462 meret
639 2384 764 2462 dictus
782 2379 914 2494 Hug03
935 2382 1004 2461 sed
1027 2379 1182 2490 proptor
1199 2379 1439 2461 nobilitatem
1464 2397 1503 2458 et
1526 2381 1740 2487 potenciam

312 2514 500 2594 dictomm
524 2532 689 2624 quatuor
713 2513 879 2595 militum
908 2529 948 2591 et
968 2514 1178 2592 amicorum
1211 2511 1454 2602 eorumdem,
1475 2511 1742 2592 confecerunt

310 2645 603 2754 abnegocionem
627 2645 853 2752 predictum,
878 2671 949 2722 nec
976 2639 1049 2722 fuit
1075 2659 1296 2756 preceptum
1327 2643 1489 2731 eisdem,
1518 2670 1588 2722 nec
1616 2644 1741 2751 eliqua

308 2774 381 2853 elie
405 2774 535 2852 illicite
562 2776 845 2852 intervenemnt
869 2774 910 2852 in
933 2771 1219 2881 recepcionibus
1250 2799 1382 2852 eornm
1410 2799 1480 2850 nec
1507 2791 1609 2880 post,
1636 2776 1741 2882 quod

309 2905 389 3010 ipse
409 2903 556 2982 sciverit
582 2903 642 2983 rel
667 2902 852 2982 audiverit
876 2903 963 2980 diei.
985 2902 1203 3011 llequisitus
1221 2904 1258 2994 ,si
1285 2903 1372 2995 scit,
1398 2902 1534 2994 credit,
1555 2903 1616 2981 vel
1636 2904 1743 2982 audi-
1854 2995 1859 3000 g

238 3089 240 3096 ,
310 3033 403 3111 verit
426 3033 500 3111 dici
522 3029 628 3141 quod
650 3031 776 3142 alique
797 3033 868 3111 alie
886 3031 1017 3112 illicite
1043 3050 1171 3141 preter
1197 3033 1336 3112 dictem
1360 3032 1653 3142 abnegationem
1683 3034 1741 3112 in-

253 3191 259 3198 ·
308 3165 538 3240 terrenirent
569 3166 608 3238 in
636 3163 923 3271 receptionibus
955 3163 1114 3242 botrum
1145 3163 1290 3242 ordinis
1320 3163 1378 3242 vel
1410 3181 1515 3272 post,
1544 3166 1741 3272 rospondit

309 3292 413 3399 quod
439 3294 694 3371 communiter
719 3293 999 3401 precipiebatur
1022 3295 1075 3372 eis
1099 3295 1206 3402 quod
1232 3293 1471 3402 acquirerent
1500 3295 1625 3374 ordini
1654 3300 1741 3404 qui—

309 3421 548 3530 buscumque
569 3424 692 3502 modis
715 3441 885 3530 possent,
913 3441 951 3501 ct
964 3423 1055 3502 licet
1070 3453 1149 3505 non
1171 3423 1409 3504 declararent
1423 3425 1537 3506 licitis
1551 3426 1609 3505 vel
1628 3427 1741 3504 illici-

307 3553 371 3642 tis,
389 3553 501 3631 verba
521 3571 649 3632 tumen
663 3551 830 3662 predicta
846 3555 1097 3634 imminebant
1111 3558 1150 3663 (l)
1175 3558 1265 3646 boc,
1282 3573 1320 3634 et
1339 3559 1388 3635 de
1404 3555 1502 3635 lacto
1520 3557 1741 3665 frequenter

309 3683 507 3763 servabunt
526 3685 722 3792 quomodo
739 3703 925 3794 poterent.
947 3687 1058 3778 Item,
1076 3687 1170 3765 dixit
1186 3715 1226 3765 se
1248 3687 1386 3766 vidisse
1404 3689 1511 3795 quod
1528 3686 1660 3768 fratres
1677 3692 1740 3767 lo-

310 3811 617 3894 hannesGodelli
630 3815 678 3893 de
690 3817 868 3907 Turonis,
884 3835 922 3894 et
936 3817 1093 3924 quidem
1100 3817 1198 3896 clius
1214 3817 1379 3896 serviens
1393 3817 1510 3909 stulti,
1522 3819 1740 3896 minxerunt

311 3946 428 4023 semel
459 3947 498 4022 in
523 3945 620 4052 pede
652 3946 847 4055 cujusdem
876 3948 996 4026 murcie
1026 3947 1152 4056 lignee
1182 3961 1305 4026 erecte
1335 3949 1375 4026 in
1403 3949 1604 4028 cimitterio
1640 3949 1739 4027 dicte

312 4076 450 4154 domm
476 4077 525 4154 de
554 4078 662 4169 sato,
692 4093 850 4164 etcum
879 4078 961 4186 ipse
995 4078 1100 4158 testis
1134 4078 1442 4186 reprehendisset
1473 4107 1538 4158 eos
1567 4080 1615 4158 dc
1648 4082 1736 4173 hoc,

312 4208 400 4314 quia
412 4224 518 4285 erent
531 4207 584 4286 ibi
595 4207 666 4286 alie
681 4207 763 4286 loca
778 4208 990 4320 propinque
1010 4209 1050 4286 in
1062 4207 1206 4317 quibus
1217 4225 1392 4316 poterent
1404 4210 1588 4318 mingere,
1599 4228 1637 4288 et
1649 4214 1739 4318 quie
1798 4265 1801 4272 ,

310 4337 535 4417 videbuntur
554 4339 803 4418 industriosse
823 4337 897 4418 boc
920 4335 1043 4417 fecere
1066 4340 1107 4416 in
1126 4339 1350 4446 despectum
1371 4341 1511 4433 crucis,
1537 4342 1740 4448 responde·

310 4486 401 4546 runt
421 4468 455 4547 ei
475 4471 582 4578 quod
607 4470 687 4578 ipse
712 4467 876 4549 babebat
902 4469 1021 4550 fecere
1052 4471 1101 4549 de
1129 4470 1218 4560 boc,
1246 4488 1284 4549 et
1306 4471 1413 4579 quod
1428 4471 1547 4548 nichil
1566 4472 1615 4550 od
1633 4500 1732 4551 eum.

311 4599 464 4678 Audivit
484 4599 558 4679 dici
584 4601 632 4680 de
651 4600 734 4680 aliis
760 4599 939 4680 frutribus
965 4600 1239 4709 ordinisquod
1268 4599 1434 4680 facerent
1461 4601 1586 4712 ulique
1605 4631 1741 4712 oppro-

309 4730 391 4808 brie
407 4732 526 4825 cruci,
553 4759 623 4811 nec
643 4733 751 4840 quod
776 4733 850 4812 boc
873 4733 1133 4840 preciperetur
1157 4733 1315 4810 eisdem.
1340 4733 1451 4824 ltem,
1482 4734 1574 4812 dixit
1598 4763 1640 4812 sc
1669 4733 1725 4810 fre

312 4881 475 4969 quentcr
495 4863 680 4942 audivisse
693 4864 774 4941 -dici
791 4891 812 4942 c
828 4860 958 4942 multis
977 4863 1157 4980 frutribus
1172 4863 1410 4942 venientibus
1430 4865 1478 4942 de
1496 4864 1595 4942 ultre
1616 4892 1734 4955 more,
