4348 5886
747 510 946 604 raocns
972 531 1067 603 nus
1093 530 1396 604 rademons.
1736 533 1786 604 re

361 671 480 750 lieret.
498 669 602 750 Dixit
620 670 656 748 ei
675 671 832 777 insuper
851 670 974 750 dictus
993 672 1182 752 Jobanncs
1201 672 1251 750 de
1269 669 1417 749 Anoma
1435 671 1552 777 quod,-
1574 669 1786 750 monadum

361 803 458 882 dicta
478 818 629 909 puncta,
650 800 814 880 debebat
831 802 990 881 osculari
1006 801 1046 879 in
1066 829 1138 880 ano
1154 819 1388 909 receptorem
1408 801 1640 908 suum;:ipse
1656 819 1785 880 tamen

360 933 484 1012 uoluit
501 932 624 1010 lacere
643 931 824 1024 ncefeoit,
836 951 875 1012 et
894 933 1017 1010 dietus
1037 949 1210 1040 receptor
1230 933 1324 1011 dixit
1334 933 1378 1010 ei
1398 932 1504 1040 quod
1521 958 1600 1009 non
1615 929 1785 1021 curabate

361 1064 431 1142 alia
455 1063 587 1141 illicita
609 1091 688 1142 non
708 1065 1001 1142 interueneruot
1013 1063 1054 1140 in
1073 1063 1295 1170 recepcione
1319 1092 1386 1140 sua
1407 1061 1576 1169 predicta
1595 1090 1665 1140 nee
1686 1081 1787 1168 post

360 1193 577 1302 Requisitus
594 1192 626 1270 si
646 1194 730 1285 scit,
745 1193 882 1282 credit,
903 1192 961 1272 vel
978 1193 1123 1274 audivit
1143 1193 1217 1272 dici
1237 1194 1350 1301 quod·
1364 1192 1462 1270 dicta
1481 1191 1613 1272 illicita
1634 1191 1693 1270 vel
1715 1190 1788 1282 alia

360 1323 630 1404 intervenirent
645 1323 685 1402 io
699 1297 986 1431 recepcionibus
1010 1323 1173 1401 aliorum
1197 1323 1358 1402 fratrum
1376 1323 1521 1400 ordinis
1535 1322 1595 1402 vel
1609 1340 1706 1430 post,
1727 1351 1789 1400 re·

361 1454 516 1560 spondit
529 1482 570 1532 sa
589 1453 752 1546 nescire,
777 1483 848 1532 nec
862 1454 1006 1532 sciebat
1022 1453 1121 1533 bene
1142 1454 1248 1562 quod
1272 1454 1408 1532 fratres·
1424 1454 1638 1546 crederent,
1658 1453 1788 1562 quiae

361 1583 481 1664 trane
499 1584 697 1663 Clemente
724 1585 774 1662 de
797 1584 941 1663 Grandi
967 1585 1130 1678 Villarii,
1161 1585 1355 1692 quondam
1381 1584 1429 1662 ds
1452 1583 1652 1692 parentela:
1671 1584 1789 1690 ipsius

360 1715 483 1807 metim
511 1733 550 1794 et
573 1715 727 1794 aliatre
754 1716 894 1794 buchar
912 1718 960 1795 de
986 1717 1147 1823 Semoy,
1178 1715 1386 1796 combustis
1415 1714 1518 1823 apud
1541 1715 1787 1802 Silvanetum,

361 1844 483 1924 fuerat
503 1846 647 1924 dictum
666 1845 737 1952 ipsi
757 1846 845 1924 tosti
865 1863 951 1952 post
970 1847 1186 1953 capcionem
1206 1875 1339 1925 sonam
1356 1846 1458 1952 quod
1476 1845 1645 1952 predicta
1659 1843 1790 1922 illicite

348 1957 429 2054 ¹reli
446 1973 519 2052 alia
539 1973 739 2055 inhonesta
767 2001 845 2051 non
869 1974 1150 2052 intervenerant
1171 1976 1211 2052 in
1241 1975 1527 2081 racepcionibus
1559 1989 1699 2052 eorum
1720 2001 1792 2052 nee

363 2123 458 2211 post.
476 2104 509 2181 A
523 2105 703 2186 fratribus
716 2133 806 2182 vero
818 2103 985 2186 Roberto
998 2103 1244 2196 Rembenvat
1261 2121 1356 2183 teste
1372 2107 1546 2211 proximo
1561 2105 1787 2196 examinato,

365 2250 402 2313 et
426 2233 474 2312 eb
503 2233 587 2314 aliis
614 2234 654 2315 in
681 2234 842 2316 coneilio
867 2234 1044 2312 Remensi
1072 2235 1264 2312 audiverat
1291 2234 1366 2312 dici
1393 2235 1500 2342 quod
1526 2233 1596 2341 ipsi
1626 2232 1791 2311 fecerant

365 2361 496 2442 illicita
521 2364 701 2471 predicta.
735 2363 892 2444 Nullum
926 2365 1044 2446 ulium
1072 2364 1167 2442 vidit
1197 2363 1323 2470 recipi⁴
1342 2365 1382 2440 in
1410 2364 1554 2441 ordine·
1571 2391 1640 2440 nec
1669 2361 1792 2446 edbrit

365 2493 538 2598 capitulis
556 2521 702 2572 eorum.
717 2495 830 2588 ltem,
844 2494 938 2572 dixit
951 2494 1058 2601 quod
1070 2495 1149 2599 ipse
1164 2493 1263 2572 bene
1280 2491 1792 2571 affirmarentasiasncisao
1929 2579 1934 2590 ι

365 2625 577 2714 oramentis,
595 2641 633 2702 et
646 2625 768 2704 crodit
781 2625 887 2731 quod
903 2624 965 2702 alii
983 2622 1116 2701 fratres
1130 2623 1276 2701 ordinis
1291 2623 1391 2700 bene
1407 2623 1616 2710 crederent,
1634 2640 1672 2699 et
1684 2623 1792 2728 quod

366 2779 501 2834 eorum
521 2753 734 2832 sacerdotes
755 2753 884 2832 debite
904 2753 1150 2832 celebrarent.
1172 2753 1308 2830 Statim
1322 2750 1793 2859 proprofessisbabeban·

365 2900 439 2958 tur.
461 2881 704 2962 Clandestine
718 2883 1010 2989 recipiebantur,
1028 2880 1144 2958 nullis
1159 2881 1401 2987 presentibus
1410 2880 1675 2986 nisijfratribus
1688 2882 1793 2959 ordi-

367 3011 436 3088 nis.
458 3011 601 3090 luravit
621 3011 797 3090 ordinem
817 3039 894 3088 non
916 3012 1015 3088 exire
1035 3011 1177 3118 absque
1193 3010 1348 3088 licencia
1368 3013 1607 3116 superiorum
1621 3026 1789 3089 suorum.

367 3142 457 3222 Post
476 3142 692 3248 capcionem
708 3169 816 3224 suam
831 3141 975 3221 audivit
987 3141 1061 3218 dici
1075 3141 1238 3248 quod-ex
1252 3139 1493 3220 clandestinis
1507 3141 1793 3246 recepcionibus

369 3289 499 3353 contra
513 3272 688 3351 ordinem
704 3271 867 3378 suspicio
884 3270 1106 3353 habebatur.
1134 3269 1317 3350 Cordulis·
1332 3271 1631 3352 undeuolebent
1652 3299 1795 3357 amum

367 3401 441 3506 po's
455 3401 711 3508 cingebantur.
728 3401 775 3481 de
791 3399 968 3481 mandato
983 3401 1239 3508 superiorum,
1252 3429 1366 3508 super
1381 3401 1549 3490 camisias
1558 3429 1646 3480 cum
1655 3400 1795 3507 quibus

365 3529 550 3638 jacebant.
577 3531 848 3642 lnjungebatur
875 3532 929 3612 eis
953 3559 1001 3614 ne
1025 3531 1236 3609 revelarent
1258 3549 1404 3612 secreta
1424 3531 1701 3637 capitulorum,
1727 3532 1795 3610 sed

370 3689 448 3742 nen
466 3661 601 3740 recolit
619 3663 650 3740 si
676 3689 848 3769 expresse
867 3660 940 3742 suit
959 3659 1031 3742 sibi
1051 3660 1260 3742 inhibitum
1278 3687 1326 3740 ne
1346 3660 1529 3738 revelaret
1547 3661 1707 3739 modum
1727 3687 1797 3738 esic

370 3790 619 3898 meepcionis3
631 3792 955 3900 quirevelassent,
972 3792 1096 3897 puniti
1110 3790 1278 3882 fuissent,
1293 3790 1412 3870 nescit
1425 3789 1599 3898 qualiter.
1619 3787 1796 3895 liajungo·¹

369 3919 482 4004 baon
502 3921 556 4000 eis
575 3921 681 4027 quod
699 3921 846 4030 absque.
861 3921 1019 4004 lioeooie
1038 3949 1117 4002 non
1137 3920 1410 4002 confiterentur
1429 3918 1511 3998 aliis
1530 3920 1602 3998 nisi
1622 3920 1795 3998 sacerdo«

371 4049 474 4133 tibus
493 4050 650 4143 ordinis,
668 4068 706 4129 et
720 4053 799 4157 ipse
813 4053 932 4140 testis,
954 4053 1010 4132 de.
1022 4050 1285 4131 licenciadicti
1298 4050 1426 4130 fratris
1435 4049 1561 4159 Egidii
1577 4051 1707 4138 canati,
1723 4049 1797 4128 fuit

372 4180 412 4256 in
432 4179 494 4260 die
511 4207 579 4261 sue
594 4180 827 4286 recepoionis
839 4181 1034 4266 confessus
1053 4184 1101 4268 de,
1118 4181 1228 4262 dictis
1243 4179 1440 4262 erroribus
1452 4178 1630 4287 Philippo
1649 4180 1796 4286 presbi-

372 4326 454 4391 tero
468 4309 647 4402 seculari,
664 4312 1174 4418 auctoquondmenctesie
1188 4311 1413 4400 de·Boafles,
1427 4311 1797 4418 propinquedomus

373 4441 413 4519 io
426 4467 501 4548 qua
520 4438 643 4519 brerat
659 4457 848 4546 receptus.
863 4457 1088 4548 potestatem
1103 4441 1272 4530 habenti,
1290 4457 1333 4520 ut
1350 4438 1555 4527 dicebatur,
1577 4441 1723 4518 domini
1739 4471 1797 4518 ar·

375 4569 603 4677 obiepisoopi
626 4571 954 4679 Rothomagensis,
976 4573 1044 4678 qui
1068 4570 1353 4661 absolvissem,
1378 4570 1562 4676 imposita
1585 4572 1798 4677 penitencia

374 4699 481 4807 quod
493 4699 686 4807 jejunaret
698 4701 811 4780 sextis
822 4699 926 4783 seriis
944 4727 1013 4808 per
1024 4727 1165 4782 meum
1181 4699 1221 4776 in
1236 4727 1331 4806 pene
1348 4717 1387 4778 et
1400 4728 1508 4808 aquia,
1525 4700 1795 4808 quodeefecio

375 4845 418 4914 ut
431 4828 547 4920 ‚dixis
568 4829 716 4919 llretres
742 4829 907 4914 scientes·
921 4857 1069 4911 errores
1086 4828 1247 4912 fuerum-
1262 4828 1613 4936 negligentesque·
1623 4855 1703 4906 non
1719 4857 1821 4937 «ιονλ
