<?xml version="1.0" encoding="UTF-8"?>
<!DOCTYPE html PUBLIC "-//W3C//DTD XHTML 1.0 Transitional//EN"
    "http://www.w3.org/TR/xhtml1/DTD/xhtml1-transitional.dtd">
<html xmlns="http://www.w3.org/1999/xhtml" xml:lang="en" lang="en">
 <head>
  <title>
</title>
<meta http-equiv="Content-Type" content="text/html;charset=utf-8" />
  <meta name='ocr-system' content='tesseract 3.04.00' />
  <meta name='ocr-capabilities' content='ocr_page ocr_carea ocr_par ocr_line ocrx_word'/>
</head>
<body>
  <div class='ocr_page' id='page_1' title='image "./procsdestemplie03defegoog/procsdestemplie03defegoog_0346.png"; bbox 0 0 4242 5890; ppageno 0'>
   <div class='ocr_carea' id='block_1_1' title="bbox 405 535 1445 630">
    <p class='ocr_par' dir='ltr' id='par_1_1' title="bbox 405 535 1445 630">
     <span class='ocr_line' id='line_1_1' title="bbox 405 535 1445 630; baseline -0.005 -1"><span class='ocrx_word' id='word_1_1' title='bbox 405 559 483 630; x_wconf 82' lang='lat' dir='ltr'><strong>sao</strong></span> <span class='ocrx_word' id='word_1_2' title='bbox 804 535 999 627; x_wconf 74' lang='lat' dir='ltr'><strong>rsocts</strong></span> <span class='ocrx_word' id='word_1_3' title='bbox 1025 555 1121 626; x_wconf 85' lang='lat' dir='ltr'><strong>uss</strong></span> <span class='ocrx_word' id='word_1_4' title='bbox 1146 553 1445 626; x_wconf 80' lang='lat' dir='ltr'><strong>rsurtmss.</strong></span> 
     </span>
    </p>
   </div>
   <div class='ocr_carea' id='block_1_2' title="bbox 344 693 1840 3527">
    <p class='ocr_par' dir='ltr' id='par_1_2' title="bbox 344 693 1840 1190">
     <span class='ocr_line' id='line_1_2' title="bbox 344 693 1840 803; baseline -0.002 -31"><span class='ocrx_word' id='word_1_5' title='bbox 344 747 346 754; x_wconf 32' lang='grc' dir='ltr'><strong><em>ι</em></strong></span> <span class='ocrx_word' id='word_1_6' title='bbox 463 699 562 774; x_wconf 86' lang='lat' dir='ltr'><strong>Item</strong></span> <span class='ocrx_word' id='word_1_7' title='bbox 577 694 671 773; x_wconf 83' lang='lat' dir='ltr'>dixit</span> <span class='ocrx_word' id='word_1_8' title='bbox 684 725 750 801; x_wconf 90' lang='lat' dir='ltr'><strong>per</strong></span> <span class='ocrx_word' id='word_1_9' title='bbox 757 696 1010 803; x_wconf 89' lang='lat' dir='ltr'><strong>juramentum</strong></span> <span class='ocrx_word' id='word_1_10' title='bbox 1020 721 1129 770; x_wconf 88' lang='lat' dir='ltr'><strong>suum</strong></span> <span class='ocrx_word' id='word_1_11' title='bbox 1146 693 1264 799; x_wconf 84' lang='lat' dir='ltr'><strong>quod,</strong></span> <span class='ocrx_word' id='word_1_12' title='bbox 1276 708 1362 798; x_wconf 90' lang='lat' dir='ltr'><strong>post</strong></span> <span class='ocrx_word' id='word_1_13' title='bbox 1371 693 1628 798; x_wconf 87' lang='lat' dir='ltr'><strong>juramentum</strong></span> <span class='ocrx_word' id='word_1_14' title='bbox 1641 693 1840 798; x_wconf 83' lang='lat' dir='ltr'><strong>prestitum</strong></span> 
     </span>
     <span class='ocr_line' id='line_1_3' title="bbox 404 821 1839 928; baseline 0 -28"><span class='ocrx_word' id='word_1_15' title='bbox 404 826 517 904; x_wconf 88' lang='lat' dir='ltr'><strong>abeo</strong></span> <span class='ocrx_word' id='word_1_16' title='bbox 537 827 587 904; x_wconf 93' lang='lat' dir='ltr'><strong>de</strong></span> <span class='ocrx_word' id='word_1_17' title='bbox 603 827 748 903; x_wconf 88' lang='lat' dir='ltr'><strong>statutis</strong></span> <span class='ocrx_word' id='word_1_18' title='bbox 769 842 806 902; x_wconf 87' lang='lat' dir='ltr'><strong>et</strong></span> <span class='ocrx_word' id='word_1_19' title='bbox 824 823 973 902; x_wconf 86' lang='lat' dir='ltr'><strong>secretis</strong></span> <span class='ocrx_word' id='word_1_20' title='bbox 991 822 1132 902; x_wconf 89' lang='lat' dir='ltr'>ordinis</span> <span class='ocrx_word' id='word_1_21' title='bbox 1151 822 1409 912; x_wconf 85' lang='lat' dir='ltr'><strong>observandis,</strong></span> <span class='ocrx_word' id='word_1_22' title='bbox 1425 821 1611 928; x_wconf 89' lang='lat' dir='ltr'><strong>recipiens</strong></span> <span class='ocrx_word' id='word_1_23' title='bbox 1626 823 1753 928; x_wconf 81' lang='lat' dir='ltr'><strong>posuit</strong></span> <span class='ocrx_word' id='word_1_24' title='bbox 1770 821 1839 900; x_wconf 92' lang='lat' dir='ltr'><strong>sibi</strong></span> 
     </span>
     <span class='ocr_line' id='line_1_4' title="bbox 406 951 1838 1058; baseline -0.002 -26"><span class='ocrx_word' id='word_1_25' title='bbox 406 956 635 1034; x_wconf 87' lang='lat' dir='ltr'><strong>mantellum</strong></span> <span class='ocrx_word' id='word_1_26' title='bbox 656 955 703 1035; x_wconf 87' lang='lat' dir='ltr'><strong>ad</strong></span> <span class='ocrx_word' id='word_1_27' title='bbox 712 954 868 1042; x_wconf 86' lang='lat' dir='ltr'><strong>collum,</strong></span> <span class='ocrx_word' id='word_1_28' title='bbox 886 971 923 1030; x_wconf 90' lang='lat' dir='ltr'><strong>ct</strong></span> <span class='ocrx_word' id='word_1_29' title='bbox 939 951 1122 1032; x_wconf 76' lang='lat' dir='ltr'><strong>oscidatus</strong></span> <span class='ocrx_word' id='word_1_30' title='bbox 1142 951 1213 1030; x_wconf 83' lang='lat' dir='ltr'><strong>suit</strong></span> <span class='ocrx_word' id='word_1_31' title='bbox 1231 953 1354 1058; x_wconf 91' lang='lat' dir='ltr'><strong>ipsum</strong></span> <span class='ocrx_word' id='word_1_32' title='bbox 1371 953 1410 1030; x_wconf 90' lang='lat' dir='ltr'><strong>in</strong></span> <span class='ocrx_word' id='word_1_33' title='bbox 1430 979 1512 1040; x_wconf 86' lang='lat' dir='ltr'><strong>ore,</strong></span> <span class='ocrx_word' id='word_1_34' title='bbox 1529 969 1567 1029; x_wconf 92' lang='lat' dir='ltr'><strong>et</strong></span> <span class='ocrx_word' id='word_1_35' title='bbox 1581 952 1768 1040; x_wconf 85' lang='lat' dir='ltr'><strong>similiter,</strong></span> <span class='ocrx_word' id='word_1_36' title='bbox 1791 953 1838 1030; x_wconf 91' lang='lat' dir='ltr'><strong>de</strong></span> 
     </span>
     <span class='ocr_line' id='line_1_5' title="bbox 406 1081 1412 1190; baseline -0.003 -28"><span class='ocrx_word' id='word_1_37' title='bbox 406 1086 590 1164; x_wconf 84' lang='lat' dir='ltr'><strong>mandato</strong></span> <span class='ocrx_word' id='word_1_38' title='bbox 609 1085 842 1190; x_wconf 88' lang='lat' dir='ltr'><strong>recipientis,</strong></span> <span class='ocrx_word' id='word_1_39' title='bbox 861 1083 1049 1162; x_wconf 87' lang='lat' dir='ltr'><strong>osculatus</strong></span> <span class='ocrx_word' id='word_1_40' title='bbox 1068 1081 1140 1158; x_wconf 88' lang='lat' dir='ltr'><strong>fuit</strong></span> <span class='ocrx_word' id='word_1_41' title='bbox 1159 1083 1251 1160; x_wconf 88' lang='lat' dir='ltr'><strong>alios</strong></span> <span class='ocrx_word' id='word_1_42' title='bbox 1272 1081 1412 1159; x_wconf 80' lang='lat' dir='ltr'><strong>fratres.</strong></span> 
     </span>
    </p>

    <p class='ocr_par' dir='ltr' id='par_1_3' title="bbox 409 1210 1839 2097">
     <span class='ocr_line' id='line_1_6' title="bbox 469 1210 1837 1320; baseline 0 -28"><span class='ocrx_word' id='word_1_43' title='bbox 469 1218 566 1292; x_wconf 90' lang='lat' dir='ltr'><strong>Item</strong></span> <span class='ocrx_word' id='word_1_44' title='bbox 590 1213 682 1289; x_wconf 86' lang='lat' dir='ltr'><strong>dixit</strong></span> <span class='ocrx_word' id='word_1_45' title='bbox 703 1241 772 1318; x_wconf 89' lang='lat' dir='ltr'><strong>per</strong></span> <span class='ocrx_word' id='word_1_46' title='bbox 786 1215 1041 1320; x_wconf 84' lang='lat' dir='ltr'><strong>juramentum</strong></span> <span class='ocrx_word' id='word_1_47' title='bbox 1065 1211 1168 1316; x_wconf 88' lang='lat' dir='ltr'><strong>quod</strong></span> <span class='ocrx_word' id='word_1_48' title='bbox 1193 1212 1377 1318; x_wconf 88' lang='lat' dir='ltr'><strong>recipiens</strong></span> <span class='ocrx_word' id='word_1_49' title='bbox 1401 1210 1568 1288; x_wconf 79' lang='lat' dir='ltr'><strong>ostendit</strong></span> <span class='ocrx_word' id='word_1_50' title='bbox 1594 1212 1667 1290; x_wconf 88' lang='lat' dir='ltr'><strong>sibi</strong></span> <span class='ocrx_word' id='word_1_51' title='bbox 1691 1241 1837 1292; x_wconf 87' lang='lat' dir='ltr'><strong>crucem</strong></span> 
     </span>
     <span class='ocr_line' id='line_1_7' title="bbox 410 1339 1837 1449; baseline -0.001 -29"><span class='ocrx_word' id='word_1_52' title='bbox 410 1373 501 1424; x_wconf 91' lang='lat' dir='ltr'><strong>cnm</strong></span> <span class='ocrx_word' id='word_1_53' title='bbox 527 1342 651 1449; x_wconf 84' lang='lat' dir='ltr'><strong>effigie</strong></span> <span class='ocrx_word' id='word_1_54' title='bbox 674 1341 953 1423; x_wconf 84' lang='lat' dir='ltr'><strong>Jhesu.Christi</strong></span> <span class='ocrx_word' id='word_1_55' title='bbox 982 1340 1167 1446; x_wconf 78' lang='lat' dir='ltr'><strong>depictam</strong></span> <span class='ocrx_word' id='word_1_56' title='bbox 1193 1341 1232 1418; x_wconf 91' lang='lat' dir='ltr'><strong>in</strong></span> <span class='ocrx_word' id='word_1_57' title='bbox 1257 1340 1422 1446; x_wconf 87' lang='lat' dir='ltr'><strong>quodam</strong></span> <span class='ocrx_word' id='word_1_58' title='bbox 1448 1339 1563 1429; x_wconf 86' lang='lat' dir='ltr'><strong>libro,</strong></span> <span class='ocrx_word' id='word_1_59' title='bbox 1587 1358 1627 1418; x_wconf 91' lang='lat' dir='ltr'><strong>et</strong></span> <span class='ocrx_word' id='word_1_60' title='bbox 1653 1343 1745 1418; x_wconf 82' lang='lat' dir='ltr'><strong>dixit</strong></span> <span class='ocrx_word' id='word_1_61' title='bbox 1770 1343 1837 1422; x_wconf 92' lang='lat' dir='ltr'><strong>sibi</strong></span> 
     </span>
     <span class='ocr_line' id='line_1_8' title="bbox 409 1471 1839 1580; baseline -0.001 -28"><span class='ocrx_word' id='word_1_62' title='bbox 409 1477 519 1580; x_wconf 93' lang='lat' dir='ltr'><strong>quod</strong></span> <span class='ocrx_word' id='word_1_63' title='bbox 539 1473 734 1580; x_wconf 74' lang='lat' dir='ltr'><strong>oportebat</strong></span> <span class='ocrx_word' id='word_1_64' title='bbox 754 1501 795 1550; x_wconf 89' lang='lat' dir='ltr'><strong>ac</strong></span> <span class='ocrx_word' id='word_1_65' title='bbox 814 1473 885 1552; x_wconf 91' lang='lat' dir='ltr'><strong>sibi</strong></span> <span class='ocrx_word' id='word_1_66' title='bbox 903 1472 1062 1579; x_wconf 86' lang='lat' dir='ltr'><strong>injunxit</strong></span> <span class='ocrx_word' id='word_1_67' title='bbox 1077 1472 1117 1548; x_wconf 91' lang='lat' dir='ltr'><strong>in</strong></span> <span class='ocrx_word' id='word_1_68' title='bbox 1134 1471 1267 1550; x_wconf 87' lang='lat' dir='ltr'><strong>virtute</strong></span> <span class='ocrx_word' id='word_1_69' title='bbox 1283 1471 1505 1550; x_wconf 83' lang='lat' dir='ltr'><strong>obediencie</strong></span> <span class='ocrx_word' id='word_1_70' title='bbox 1525 1473 1631 1578; x_wconf 89' lang='lat' dir='ltr'><strong>quod</strong></span> <span class='ocrx_word' id='word_1_71' title='bbox 1644 1472 1839 1580; x_wconf 75' lang='lat' dir='ltr'><strong>abnegaret</strong></span> 
     </span>
     <span class='ocr_line' id='line_1_9' title="bbox 409 1600 1836 1709; baseline 0.001 -30"><span class='ocrx_word' id='word_1_72' title='bbox 409 1631 564 1682; x_wconf 89' lang='lat' dir='ltr'><strong>crucem</strong></span> <span class='ocrx_word' id='word_1_73' title='bbox 590 1604 628 1678; x_wconf 91' lang='lat' dir='ltr'><strong>in</strong></span> <span class='ocrx_word' id='word_1_74' title='bbox 652 1631 726 1709; x_wconf 89' lang='lat' dir='ltr'><strong>qua</strong></span> <span class='ocrx_word' id='word_1_75' title='bbox 751 1620 828 1680; x_wconf 87' lang='lat' dir='ltr'><strong>erat</strong></span> <span class='ocrx_word' id='word_1_76' title='bbox 853 1601 994 1708; x_wconf 86' lang='lat' dir='ltr'><strong>effigies</strong></span> <span class='ocrx_word' id='word_1_77' title='bbox 1012 1600 1179 1707; x_wconf 88' lang='lat' dir='ltr'><strong>predicta</strong></span> <span class='ocrx_word' id='word_1_78' title='bbox 1202 1620 1270 1691; x_wconf 81' lang='lat' dir='ltr'><strong>ter,</strong></span> <span class='ocrx_word' id='word_1_79' title='bbox 1288 1619 1327 1680; x_wconf 90' lang='lat' dir='ltr'><strong>et</strong></span> <span class='ocrx_word' id='word_1_80' title='bbox 1344 1620 1404 1678; x_wconf 90' lang='lat' dir='ltr'><strong>ter</strong></span> <span class='ocrx_word' id='word_1_81' title='bbox 1423 1619 1574 1708; x_wconf 84' lang='lat' dir='ltr'><strong>spueret</strong></span> <span class='ocrx_word' id='word_1_82' title='bbox 1596 1631 1709 1709; x_wconf 85' lang='lat' dir='ltr'><strong>supra</strong></span> <span class='ocrx_word' id='word_1_83' title='bbox 1737 1631 1836 1693; x_wconf 78' lang='lat' dir='ltr'><strong>eam3</strong></span> 
     </span>
     <span class='ocr_line' id='line_1_10' title="bbox 409 1730 1838 1838; baseline 0.001 -29"><span class='ocrx_word' id='word_1_84' title='bbox 409 1735 515 1838; x_wconf 90' lang='lat' dir='ltr'><strong>quod</strong></span> <span class='ocrx_word' id='word_1_85' title='bbox 533 1732 622 1809; x_wconf 84' lang='lat' dir='ltr'><strong>lecit</strong></span> <span class='ocrx_word' id='word_1_86' title='bbox 637 1759 718 1822; x_wconf 86' lang='lat' dir='ltr'><strong>ore,</strong></span> <span class='ocrx_word' id='word_1_87' title='bbox 738 1733 826 1812; x_wconf 90' lang='lat' dir='ltr'><strong>licet</strong></span> <span class='ocrx_word' id='word_1_88' title='bbox 845 1733 998 1820; x_wconf 84' lang='lat' dir='ltr'><strong>invitus,</strong></span> <span class='ocrx_word' id='word_1_89' title='bbox 1020 1748 1058 1808; x_wconf 91' lang='lat' dir='ltr'><strong>et</strong></span> <span class='ocrx_word' id='word_1_90' title='bbox 1073 1760 1149 1810; x_wconf 91' lang='lat' dir='ltr'><strong>non</strong></span> <span class='ocrx_word' id='word_1_91' title='bbox 1165 1732 1296 1817; x_wconf 87' lang='lat' dir='ltr'><strong>corde,</strong></span> <span class='ocrx_word' id='word_1_92' title='bbox 1313 1750 1352 1809; x_wconf 93' lang='lat' dir='ltr'><strong>et</strong></span> <span class='ocrx_word' id='word_1_93' title='bbox 1363 1731 1449 1838; x_wconf 86' lang='lat' dir='ltr'><strong>plus</strong></span> <span class='ocrx_word' id='word_1_94' title='bbox 1462 1730 1641 1810; x_wconf 87' lang='lat' dir='ltr'><strong>voluisset</strong></span> <span class='ocrx_word' id='word_1_95' title='bbox 1655 1749 1745 1809; x_wconf 90' lang='lat' dir='ltr'><strong>tunc</strong></span> <span class='ocrx_word' id='word_1_96' title='bbox 1759 1761 1838 1810; x_wconf 91' lang='lat' dir='ltr'><strong>esse</strong></span> 
     </span>
     <span class='ocr_line' id='line_1_11' title="bbox 411 1862 1837 1970; baseline 0 -30"><span class='ocrx_word' id='word_1_97' title='bbox 411 1866 533 1940; x_wconf 84' lang='lat' dir='ltr'><strong>Rome</strong></span> <span class='ocrx_word' id='word_1_98' title='bbox 553 1890 666 1968; x_wconf 89' lang='lat' dir='ltr'><strong>quam</strong></span> <span class='ocrx_word' id='word_1_99' title='bbox 687 1863 760 1940; x_wconf 92' lang='lat' dir='ltr'><strong>hoc</strong></span> <span class='ocrx_word' id='word_1_100' title='bbox 778 1863 923 1952; x_wconf 82' lang='lat' dir='ltr'><strong>fecisse,</strong></span> <span class='ocrx_word' id='word_1_101' title='bbox 947 1879 984 1940; x_wconf 88' lang='lat' dir='ltr'><strong>et</strong></span> <span class='ocrx_word' id='word_1_102' title='bbox 1003 1880 1131 1968; x_wconf 90' lang='lat' dir='ltr'><strong>postea</strong></span> <span class='ocrx_word' id='word_1_103' title='bbox 1151 1863 1337 1970; x_wconf 90' lang='lat' dir='ltr'><strong>recipiens</strong></span> <span class='ocrx_word' id='word_1_104' title='bbox 1357 1863 1446 1940; x_wconf 83' lang='lat' dir='ltr'><strong>fecit</strong></span> <span class='ocrx_word' id='word_1_105' title='bbox 1462 1891 1502 1940; x_wconf 89' lang='lat' dir='ltr'><strong>se</strong></span> <span class='ocrx_word' id='word_1_106' title='bbox 1523 1862 1682 1942; x_wconf 89' lang='lat' dir='ltr'><strong>osculari</strong></span> <span class='ocrx_word' id='word_1_107' title='bbox 1696 1862 1744 1940; x_wconf 86' lang='lat' dir='ltr'><strong>ab</strong></span> <span class='ocrx_word' id='word_1_108' title='bbox 1759 1864 1837 1967; x_wconf 90' lang='lat' dir='ltr'><strong>ipso</strong></span> 
     </span>
     <span class='ocr_line' id='line_1_12' title="bbox 412 1991 831 2097; baseline 0.005 -29"><span class='ocrx_word' id='word_1_109' title='bbox 412 2009 567 2097; x_wconf 89' lang='lat' dir='ltr'><strong>recepto</strong></span> <span class='ocrx_word' id='word_1_110' title='bbox 585 1993 625 2068; x_wconf 91' lang='lat' dir='ltr'><strong>in</strong></span> <span class='ocrx_word' id='word_1_111' title='bbox 640 1991 831 2070; x_wconf 88' lang='lat' dir='ltr'><strong>umbilico.</strong></span> 
     </span>
    </p>

    <p class='ocr_par' dir='ltr' id='par_1_4' title="bbox 411 2123 1839 2731">
     <span class='ocr_line' id='line_1_13' title="bbox 469 2123 1836 2231; baseline 0 -33"><span class='ocrx_word' id='word_1_112' title='bbox 469 2125 562 2199; x_wconf 90' lang='lat' dir='ltr'><strong>Item</strong></span> <span class='ocrx_word' id='word_1_113' title='bbox 583 2123 675 2200; x_wconf 83' lang='lat' dir='ltr'><strong>dixit</strong></span> <span class='ocrx_word' id='word_1_114' title='bbox 693 2149 761 2228; x_wconf 90' lang='lat' dir='ltr'><strong>per</strong></span> <span class='ocrx_word' id='word_1_115' title='bbox 774 2125 1030 2231; x_wconf 82' lang='lat' dir='ltr'><strong>juramentum</strong></span> <span class='ocrx_word' id='word_1_116' title='bbox 1049 2153 1159 2202; x_wconf 90' lang='lat' dir='ltr'><strong>suum</strong></span> <span class='ocrx_word' id='word_1_117' title='bbox 1179 2125 1285 2230; x_wconf 93' lang='lat' dir='ltr'><strong>quod</strong></span> <span class='ocrx_word' id='word_1_118' title='bbox 1303 2125 1491 2230; x_wconf 91' lang='lat' dir='ltr'><strong>recipiens</strong></span> <span class='ocrx_word' id='word_1_119' title='bbox 1511 2124 1670 2231; x_wconf 86' lang='lat' dir='ltr'><strong>injunxit</strong></span> <span class='ocrx_word' id='word_1_120' title='bbox 1691 2123 1781 2212; x_wconf 88' lang='lat' dir='ltr'><strong>sibi,</strong></span> <span class='ocrx_word' id='word_1_121' title='bbox 1801 2125 1836 2198; x_wconf 92' lang='lat' dir='ltr'><strong>in</strong></span> 
     </span>
     <span class='ocr_line' id='line_1_14' title="bbox 411 2252 1839 2358; baseline 0 -30"><span class='ocrx_word' id='word_1_122' title='bbox 411 2254 547 2331; x_wconf 83' lang='lat' dir='ltr'><strong>virtute</strong></span> <span class='ocrx_word' id='word_1_123' title='bbox 567 2252 805 2341; x_wconf 85' lang='lat' dir='ltr'><strong>obediencie,</strong></span> <span class='ocrx_word' id='word_1_124' title='bbox 827 2254 931 2358; x_wconf 86' lang='lat' dir='ltr'><strong>quod</strong></span> <span class='ocrx_word' id='word_1_125' title='bbox 951 2254 1151 2332; x_wconf 80' lang='lat' dir='ltr'><strong>abstineret</strong></span> <span class='ocrx_word' id='word_1_126' title='bbox 1170 2283 1190 2330; x_wconf 89' lang='lat' dir='ltr'><strong>a</strong></span> <span class='ocrx_word' id='word_1_127' title='bbox 1209 2254 1447 2342; x_wconf 88' lang='lat' dir='ltr'><strong>mulieribus,</strong></span> <span class='ocrx_word' id='word_1_128' title='bbox 1466 2271 1503 2331; x_wconf 90' lang='lat' dir='ltr'><strong>et</strong></span> <span class='ocrx_word' id='word_1_129' title='bbox 1521 2254 1628 2330; x_wconf 88' lang='lat' dir='ltr'><strong>dedit</strong></span> <span class='ocrx_word' id='word_1_130' title='bbox 1642 2253 1715 2331; x_wconf 93' lang='lat' dir='ltr'><strong>sibi</strong></span> <span class='ocrx_word' id='word_1_131' title='bbox 1730 2254 1839 2330; x_wconf 88' lang='lat' dir='ltr'><strong>licen-</strong></span> 
     </span>
     <span class='ocr_line' id='line_1_15' title="bbox 413 2381 1838 2488; baseline -0.001 -30"><span class='ocrx_word' id='word_1_132' title='bbox 413 2385 508 2458; x_wconf 83' lang='lat' dir='ltr'><strong>ciam</strong></span> <span class='ocrx_word' id='word_1_133' title='bbox 530 2381 683 2487; x_wconf 91' lang='lat' dir='ltr'><strong>quodsi</strong></span> <span class='ocrx_word' id='word_1_134' title='bbox 708 2382 807 2460; x_wconf 89' lang='lat' dir='ltr'><strong>calor</strong></span> <span class='ocrx_word' id='word_1_135' title='bbox 824 2383 1002 2460; x_wconf 85' lang='lat' dir='ltr'><strong>naturalis</strong></span> <span class='ocrx_word' id='word_1_136' title='bbox 1024 2401 1190 2460; x_wconf 85' lang='lat' dir='ltr'><strong>moveret</strong></span> <span class='ocrx_word' id='word_1_137' title='bbox 1215 2412 1322 2474; x_wconf 82' lang='lat' dir='ltr'><strong>eum,</strong></span> <span class='ocrx_word' id='word_1_138' title='bbox 1349 2383 1455 2488; x_wconf 91' lang='lat' dir='ltr'><strong>quod</strong></span> <span class='ocrx_word' id='word_1_139' title='bbox 1480 2385 1560 2486; x_wconf 91' lang='lat' dir='ltr'><strong>ipse</strong></span> <span class='ocrx_word' id='word_1_140' title='bbox 1581 2381 1775 2458; x_wconf 86' lang='lat' dir='ltr'><strong>accederet</strong></span> <span class='ocrx_word' id='word_1_141' title='bbox 1792 2383 1838 2456; x_wconf 89' lang='lat' dir='ltr'><strong>ad</strong></span> 
     </span>
     <span class='ocr_line' id='line_1_16' title="bbox 413 2509 1836 2616; baseline -0.003 -28"><span class='ocrx_word' id='word_1_142' title='bbox 413 2513 544 2588; x_wconf 81' lang='lat' dir='ltr'><strong>fratres</strong></span> <span class='ocrx_word' id='word_1_143' title='bbox 560 2539 663 2600; x_wconf 83' lang='lat' dir='ltr'><strong>suos,</strong></span> <span class='ocrx_word' id='word_1_144' title='bbox 682 2527 720 2588; x_wconf 89' lang='lat' dir='ltr'><strong>et</strong></span> <span class='ocrx_word' id='word_1_145' title='bbox 735 2539 799 2589; x_wconf 91' lang='lat' dir='ltr'><strong>eos</strong></span> <span class='ocrx_word' id='word_1_146' title='bbox 814 2512 1024 2590; x_wconf 88' lang='lat' dir='ltr'><strong>admitteret</strong></span> <span class='ocrx_word' id='word_1_147' title='bbox 1040 2513 1087 2590; x_wconf 86' lang='lat' dir='ltr'><strong>ad</strong></span> <span class='ocrx_word' id='word_1_148' title='bbox 1102 2529 1278 2590; x_wconf 90' lang='lat' dir='ltr'><strong>mutuum</strong></span> <span class='ocrx_word' id='word_1_149' title='bbox 1288 2510 1549 2600; x_wconf 69' lang='lat' dir='ltr'><strong>concubitum</strong></span> <span class='ocrx_word' id='word_1_150' title='bbox 1569 2509 1637 2586; x_wconf 87' lang='lat' dir='ltr'><strong>sed</strong></span> <span class='ocrx_word' id='word_1_151' title='bbox 1646 2537 1836 2616; x_wconf 86' lang='lat' dir='ltr'><strong>nunquam</strong></span> 
     </span>
     <span class='ocr_line' id='line_1_17' title="bbox 414 2640 702 2731; baseline 0 -13"><span class='ocrx_word' id='word_1_152' title='bbox 414 2641 519 2731; x_wconf 81' lang='lat' dir='ltr'><strong>tecit,</strong></span> <span class='ocrx_word' id='word_1_153' title='bbox 541 2659 582 2718; x_wconf 86' lang='lat' dir='ltr'><strong>ut</strong></span> <span class='ocrx_word' id='word_1_154' title='bbox 599 2640 702 2718; x_wconf 77' lang='lat' dir='ltr'><strong>dicit.</strong></span> 
     </span>
    </p>

    <p class='ocr_par' dir='ltr' id='par_1_5' title="bbox 413 2757 1837 3008">
     <span class='ocr_line' id='line_1_18' title="bbox 471 2757 1837 2876; baseline -0.001 -30"><span class='ocrx_word' id='word_1_155' title='bbox 471 2775 562 2847; x_wconf 89' lang='lat' dir='ltr'><strong>ltem</strong></span> <span class='ocrx_word' id='word_1_156' title='bbox 581 2771 673 2847; x_wconf 89' lang='lat' dir='ltr'><strong>dixit</strong></span> <span class='ocrx_word' id='word_1_157' title='bbox 690 2770 794 2875; x_wconf 93' lang='lat' dir='ltr'><strong>quod</strong></span> <span class='ocrx_word' id='word_1_158' title='bbox 816 2771 934 2847; x_wconf 90' lang='lat' dir='ltr'><strong>credit</strong></span> <span class='ocrx_word' id='word_1_159' title='bbox 953 2772 1057 2876; x_wconf 87' lang='lat' dir='ltr'><strong>quod</strong></span> <span class='ocrx_word' id='word_1_160' title='bbox 1076 2771 1137 2848; x_wconf 90' lang='lat' dir='ltr'><strong>alii</strong></span> <span class='ocrx_word' id='word_1_161' title='bbox 1158 2757 1289 2847; x_wconf 72' lang='lat' dir='ltr'><strong>francs</strong></span> <span class='ocrx_word' id='word_1_162' title='bbox 1307 2769 1396 2847; x_wconf 90' lang='lat' dir='ltr'><strong>dicti</strong></span> <span class='ocrx_word' id='word_1_163' title='bbox 1424 2771 1568 2847; x_wconf 87' lang='lat' dir='ltr'><strong>ordinis</strong></span> <span class='ocrx_word' id='word_1_164' title='bbox 1587 2771 1701 2847; x_wconf 89' lang='lat' dir='ltr'><strong>simili</strong></span> <span class='ocrx_word' id='word_1_165' title='bbox 1726 2769 1837 2846; x_wconf 93' lang='lat' dir='ltr'><strong>modo</strong></span> 
     </span>
     <span class='ocr_line' id='line_1_19' title="bbox 413 2899 1577 3008; baseline 0.001 -31"><span class='ocrx_word' id='word_1_166' title='bbox 413 2901 652 3007; x_wconf 86' lang='lat' dir='ltr'><strong>recipiantur,</strong></span> <span class='ocrx_word' id='word_1_167' title='bbox 673 2919 799 2978; x_wconf 85' lang='lat' dir='ltr'><strong>tamen</strong></span> <span class='ocrx_word' id='word_1_168' title='bbox 817 2901 897 3007; x_wconf 88' lang='lat' dir='ltr'><strong>ipse</strong></span> <span class='ocrx_word' id='word_1_169' title='bbox 922 2929 997 2979; x_wconf 91' lang='lat' dir='ltr'><strong>non</strong></span> <span class='ocrx_word' id='word_1_170' title='bbox 1018 2899 1088 2978; x_wconf 81' lang='lat' dir='ltr'><strong>fuit</strong></span> <span class='ocrx_word' id='word_1_171' title='bbox 1106 2903 1145 2977; x_wconf 91' lang='lat' dir='ltr'><strong>in</strong></span> <span class='ocrx_word' id='word_1_172' title='bbox 1165 2902 1386 3007; x_wconf 89' lang='lat' dir='ltr'><strong>recepcione</strong></span> <span class='ocrx_word' id='word_1_173' title='bbox 1406 2901 1577 3008; x_wconf 88' lang='lat' dir='ltr'><strong>alicujus.</strong></span> 
     </span>
    </p>

    <p class='ocr_par' dir='ltr' id='par_1_6' title="bbox 411 3029 1839 3527">
     <span class='ocr_line' id='line_1_20' title="bbox 470 3029 1838 3138; baseline -0.002 -32"><span class='ocrx_word' id='word_1_174' title='bbox 470 3033 562 3106; x_wconf 87' lang='lat' dir='ltr'><strong>Item</strong></span> <span class='ocrx_word' id='word_1_175' title='bbox 581 3029 690 3119; x_wconf 82' lang='lat' dir='ltr'><strong>dixit,</strong></span> <span class='ocrx_word' id='word_1_176' title='bbox 713 3059 780 3136; x_wconf 91' lang='lat' dir='ltr'><strong>per</strong></span> <span class='ocrx_word' id='word_1_177' title='bbox 793 3031 1048 3138; x_wconf 87' lang='lat' dir='ltr'><strong>juramentum</strong></span> <span class='ocrx_word' id='word_1_178' title='bbox 1068 3059 1177 3108; x_wconf 89' lang='lat' dir='ltr'><strong>suum</strong></span> <span class='ocrx_word' id='word_1_179' title='bbox 1198 3031 1244 3108; x_wconf 89' lang='lat' dir='ltr'><strong>ab</strong></span> <span class='ocrx_word' id='word_1_180' title='bbox 1266 3059 1311 3108; x_wconf 91' lang='lat' dir='ltr'><strong>eo</strong></span> <span class='ocrx_word' id='word_1_181' title='bbox 1335 3059 1448 3137; x_wconf 88' lang='lat' dir='ltr'><strong>super</strong></span> <span class='ocrx_word' id='word_1_182' title='bbox 1463 3031 1537 3108; x_wconf 92' lang='lat' dir='ltr'><strong>boc</strong></span> <span class='ocrx_word' id='word_1_183' title='bbox 1551 3030 1691 3108; x_wconf 90' lang='lat' dir='ltr'><strong>iterum</strong></span> <span class='ocrx_word' id='word_1_184' title='bbox 1708 3029 1838 3135; x_wconf 89' lang='lat' dir='ltr'><strong>presti-</strong></span> 
     </span>
     <span class='ocr_line' id='line_1_21' title="bbox 412 3161 1836 3268; baseline -0.003 -29"><span class='ocrx_word' id='word_1_185' title='bbox 412 3178 513 3250; x_wconf 84' lang='lat' dir='ltr'><strong>tum,</strong></span> <span class='ocrx_word' id='word_1_186' title='bbox 534 3162 639 3268; x_wconf 88' lang='lat' dir='ltr'><strong>quod</strong></span> <span class='ocrx_word' id='word_1_187' title='bbox 660 3162 712 3249; x_wconf 86' lang='lat' dir='ltr'><strong>vi,</strong></span> <span class='ocrx_word' id='word_1_188' title='bbox 732 3161 791 3238; x_wconf 89' lang='lat' dir='ltr'><strong>vel</strong></span> <span class='ocrx_word' id='word_1_189' title='bbox 811 3179 914 3238; x_wconf 87' lang='lat' dir='ltr'><strong>metu</strong></span> <span class='ocrx_word' id='word_1_190' title='bbox 934 3163 1089 3240; x_wconf 90' lang='lat' dir='ltr'><strong>carceris</strong></span> <span class='ocrx_word' id='word_1_191' title='bbox 1111 3179 1175 3240; x_wconf 87' lang='lat' dir='ltr'><strong>aut</strong></span> <span class='ocrx_word' id='word_1_192' title='bbox 1193 3162 1391 3252; x_wconf 83' lang='lat' dir='ltr'><strong>tormenti,</strong></span> <span class='ocrx_word' id='word_1_193' title='bbox 1415 3191 1483 3240; x_wconf 90' lang='lat' dir='ltr'><strong>seu</strong></span> <span class='ocrx_word' id='word_1_194' title='bbox 1517 3162 1589 3239; x_wconf 87' lang='lat' dir='ltr'><strong>alia</strong></span> <span class='ocrx_word' id='word_1_195' title='bbox 1607 3189 1731 3249; x_wconf 87' lang='lat' dir='ltr'><strong>causa,</strong></span> <span class='ocrx_word' id='word_1_196' title='bbox 1762 3187 1836 3236; x_wconf 92' lang='lat' dir='ltr'><strong>non</strong></span> 
     </span>
     <span class='ocr_line' id='line_1_22' title="bbox 414 3287 1839 3397; baseline -0.002 -31"><span class='ocrx_word' id='word_1_197' title='bbox 414 3291 505 3368; x_wconf 91' lang='lat' dir='ltr'><strong>dixit</strong></span> <span class='ocrx_word' id='word_1_198' title='bbox 532 3291 636 3368; x_wconf 90' lang='lat' dir='ltr'><strong>aliud</strong></span> <span class='ocrx_word' id='word_1_199' title='bbox 658 3318 771 3397; x_wconf 88' lang='lat' dir='ltr'><strong>quam</strong></span> <span class='ocrx_word' id='word_1_200' title='bbox 791 3291 1001 3380; x_wconf 87' lang='lat' dir='ltr'><strong>veritatem,</strong></span> <span class='ocrx_word' id='word_1_201' title='bbox 1033 3319 1103 3368; x_wconf 91' lang='lat' dir='ltr'><strong>nec</strong></span> <span class='ocrx_word' id='word_1_202' title='bbox 1128 3291 1318 3397; x_wconf 89' lang='lat' dir='ltr'><strong>premissis</strong></span> <span class='ocrx_word' id='word_1_203' title='bbox 1339 3292 1541 3368; x_wconf 91' lang='lat' dir='ltr'><strong>immiscuit</strong></span> <span class='ocrx_word' id='word_1_204' title='bbox 1561 3291 1727 3397; x_wconf 86' lang='lat' dir='ltr'><strong>aliquam</strong></span> <span class='ocrx_word' id='word_1_205' title='bbox 1743 3287 1839 3365; x_wconf 85' lang='lat' dir='ltr'><strong>salsi·</strong></span> 
     </span>
     <span class='ocr_line' id='line_1_23' title="bbox 411 3421 1735 3527; baseline 0.001 -29"><span class='ocrx_word' id='word_1_206' title='bbox 411 3437 542 3512; x_wconf 85' lang='lat' dir='ltr'><strong>tatem,</strong></span> <span class='ocrx_word' id='word_1_207' title='bbox 564 3439 601 3498; x_wconf 91' lang='lat' dir='ltr'><strong>et</strong></span> <span class='ocrx_word' id='word_1_208' title='bbox 620 3421 726 3527; x_wconf 91' lang='lat' dir='ltr'><strong>quod</strong></span> <span class='ocrx_word' id='word_1_209' title='bbox 740 3449 872 3527; x_wconf 88' lang='lat' dir='ltr'><strong>puram</strong></span> <span class='ocrx_word' id='word_1_210' title='bbox 893 3423 1084 3498; x_wconf 87' lang='lat' dir='ltr'><strong>veritatem</strong></span> <span class='ocrx_word' id='word_1_211' title='bbox 1101 3422 1193 3499; x_wconf 88' lang='lat' dir='ltr'><strong>dixit</strong></span> <span class='ocrx_word' id='word_1_212' title='bbox 1207 3450 1276 3527; x_wconf 86' lang='lat' dir='ltr'><strong>pro</strong></span> <span class='ocrx_word' id='word_1_213' title='bbox 1297 3421 1414 3501; x_wconf 88' lang='lat' dir='ltr'><strong>salute</strong></span> <span class='ocrx_word' id='word_1_214' title='bbox 1431 3423 1556 3500; x_wconf 87' lang='lat' dir='ltr'><strong>anime</strong></span> <span class='ocrx_word' id='word_1_215' title='bbox 1570 3451 1649 3499; x_wconf 89' lang='lat' dir='ltr'><strong>sue.</strong></span> <span class='ocrx_word' id='word_1_216' title='bbox 1733 3479 1735 3486; x_wconf 76' lang='lat'>-</span> 
     </span>
    </p>
   </div>
   <div class='ocr_carea' id='block_1_3' title="bbox 409 3681 1866 4963">
    <p class='ocr_par' dir='ltr' id='par_1_7' title="bbox 409 3681 1866 4698">
     <span class='ocr_line' id='line_1_24' title="bbox 467 3681 1838 3789; baseline 0.001 -33"><span class='ocrx_word' id='word_1_217' title='bbox 467 3681 692 3759; x_wconf 84' lang='lat' dir='ltr'><strong>ltem&#39;frater</strong></span> <span class='ocrx_word' id='word_1_218' title='bbox 708 3681 793 3760; x_wconf 94' lang='lat' dir='ltr'><strong>Odo</strong></span> <span class='ocrx_word' id='word_1_219' title='bbox 812 3682 859 3758; x_wconf 92' lang='lat' dir='ltr'><strong>de</strong></span> <span class='ocrx_word' id='word_1_220' title='bbox 876 3681 1036 3759; x_wconf 90' lang='lat' dir='ltr'><strong>Wirmis</strong></span> <span class='ocrx_word' id='word_1_221' title='bbox 1055 3681 1286 3758; x_wconf 84' lang='lat' dir='ltr'><strong>Belvacensis</strong></span> <span class='ocrx_word' id='word_1_222' title='bbox 1301 3681 1479 3772; x_wconf 85' lang='lat' dir='ltr'><strong>diocesis,</strong></span> <span class='ocrx_word' id='word_1_223' title='bbox 1500 3683 1676 3789; x_wconf 80' lang='lat' dir='ltr'><strong>magister</strong></span> <span class='ocrx_word' id='word_1_224' title='bbox 1690 3709 1838 3789; x_wconf 89' lang='lat' dir='ltr'><strong>carpen-</strong></span> 
     </span>
     <span class='ocr_line' id='line_1_25' title="bbox 409 3811 1836 3920; baseline -0.001 -32"><span class='ocrx_word' id='word_1_225' title='bbox 409 3813 525 3890; x_wconf 87' lang='lat' dir='ltr'><strong>tarius</strong></span> <span class='ocrx_word' id='word_1_226' title='bbox 537 3813 576 3888; x_wconf 91' lang='lat' dir='ltr'><strong>in</strong></span> <span class='ocrx_word' id='word_1_227' title='bbox 587 3813 701 3890; x_wconf 91' lang='lat' dir='ltr'><strong>domo</strong></span> <span class='ocrx_word' id='word_1_228' title='bbox 708 3811 857 3917; x_wconf 91' lang='lat' dir='ltr'><strong>Templi</strong></span> <span class='ocrx_word' id='word_1_229' title='bbox 867 3812 1091 3901; x_wconf 73' lang='lat' dir='ltr'><strong>Parisieusis</strong></span> <span class='ocrx_word' id='word_1_230' title='bbox 1107 3813 1362 3920; x_wconf 82' lang='lat' dir='ltr'><strong>sexagenarius</strong></span> <span class='ocrx_word' id='word_1_231' title='bbox 1376 3813 1435 3890; x_wconf 88' lang='lat' dir='ltr'><strong>vel</strong></span> <span class='ocrx_word' id='word_1_232' title='bbox 1449 3814 1560 3903; x_wconf 85' lang='lat' dir='ltr'><strong>circa,</strong></span> <span class='ocrx_word' id='word_1_233' title='bbox 1572 3813 1709 3891; x_wconf 89' lang='lat' dir='ltr'><strong>eodem</strong></span> <span class='ocrx_word' id='word_1_234' title='bbox 1723 3812 1836 3890; x_wconf 91' lang='lat' dir='ltr'><strong>modo</strong></span> 
     </span>
     <span class='ocr_line' id='line_1_26' title="bbox 411 3942 1837 4050; baseline 0.001 -33"><span class='ocrx_word' id='word_1_235' title='bbox 411 3943 648 4032; x_wconf 83' lang='lat' dir='ltr'><strong>constitutus,</strong></span> <span class='ocrx_word' id='word_1_236' title='bbox 666 3944 812 4049; x_wconf 86' lang='lat' dir='ltr'><strong>juratus</strong></span> <span class='ocrx_word' id='word_1_237' title='bbox 836 3961 875 4020; x_wconf 92' lang='lat' dir='ltr'><strong>et</strong></span> <span class='ocrx_word' id='word_1_238' title='bbox 893 3944 1155 4049; x_wconf 86' lang='lat' dir='ltr'><strong>interrogatus,</strong></span> <span class='ocrx_word' id='word_1_239' title='bbox 1179 3943 1271 4021; x_wconf 85' lang='lat' dir='ltr'><strong>dixit</strong></span> <span class='ocrx_word' id='word_1_240' title='bbox 1295 3971 1361 4048; x_wconf 92' lang='lat' dir='ltr'><strong>per</strong></span> <span class='ocrx_word' id='word_1_241' title='bbox 1379 3945 1639 4050; x_wconf 87' lang='lat' dir='ltr'><strong>juramentum</strong></span> <span class='ocrx_word' id='word_1_242' title='bbox 1663 3971 1772 4020; x_wconf 92' lang='lat' dir='ltr'><strong>suum</strong></span> <span class='ocrx_word' id='word_1_243' title='bbox 1792 3942 1837 4018; x_wconf 90' lang='lat' dir='ltr'><strong>ab</strong></span> 
     </span>
     <span class='ocr_line' id='line_1_27' title="bbox 412 4071 1836 4182; baseline 0 -35"><span class='ocrx_word' id='word_1_244' title='bbox 412 4098 458 4147; x_wconf 92' lang='lat' dir='ltr'><strong>eo</strong></span> <span class='ocrx_word' id='word_1_245' title='bbox 474 4099 586 4176; x_wconf 90' lang='lat' dir='ltr'><strong>super</strong></span> <span class='ocrx_word' id='word_1_246' title='bbox 600 4071 674 4151; x_wconf 93' lang='lat' dir='ltr'><strong>hoc</strong></span> <span class='ocrx_word' id='word_1_247' title='bbox 691 4071 907 4177; x_wconf 82' lang='lat' dir='ltr'><strong>prestitum,</strong></span> <span class='ocrx_word' id='word_1_248' title='bbox 922 4072 1032 4179; x_wconf 84' lang='lat' dir='ltr'><strong>¹quod</strong></span> <span class='ocrx_word' id='word_1_249' title='bbox 1045 4071 1142 4150; x_wconf 90' lang='lat' dir='ltr'><strong>benc</strong></span> <span class='ocrx_word' id='word_1_250' title='bbox 1158 4091 1312 4152; x_wconf 81' lang='lat' dir='ltr'><strong>suntxvr</strong></span> <span class='ocrx_word' id='word_1_251' title='bbox 1324 4075 1412 4150; x_wconf 90' lang='lat' dir='ltr'><strong>anni</strong></span> <span class='ocrx_word' id='word_1_252' title='bbox 1426 4076 1483 4151; x_wconf 85' lang='lat' dir='ltr'><strong>vel</strong></span> <span class='ocrx_word' id='word_1_253' title='bbox 1493 4076 1588 4152; x_wconf 90' lang='lat' dir='ltr'><strong>circa</strong></span> <span class='ocrx_word' id='word_1_254' title='bbox 1601 4076 1713 4182; x_wconf 87' lang='lat' dir='ltr'><strong>elapsi</strong></span> <span class='ocrx_word' id='word_1_255' title='bbox 1727 4101 1836 4179; x_wconf 89' lang='lat' dir='ltr'><strong>quam</strong></span> 
     </span>
     <span class='ocr_line' id='line_1_28' title="bbox 411 4199 1837 4308; baseline 0.001 -32"><span class='ocrx_word' id='word_1_256' title='bbox 411 4199 481 4276; x_wconf 83' lang='lat' dir='ltr'><strong>fuit</strong></span> <span class='ocrx_word' id='word_1_257' title='bbox 504 4218 677 4306; x_wconf 89' lang='lat' dir='ltr'><strong>receptus</strong></span> <span class='ocrx_word' id='word_1_258' title='bbox 695 4203 735 4278; x_wconf 93' lang='lat' dir='ltr'><strong>in</strong></span> <span class='ocrx_word' id='word_1_259' title='bbox 746 4201 868 4278; x_wconf 88' lang='lat' dir='ltr'><strong>domo</strong></span> <span class='ocrx_word' id='word_1_260' title='bbox 886 4201 1100 4292; x_wconf 84' lang='lat' dir='ltr'><strong>Parisiensi,</strong></span> <span class='ocrx_word' id='word_1_261' title='bbox 1122 4231 1189 4308; x_wconf 89' lang='lat' dir='ltr'><strong>per</strong></span> <span class='ocrx_word' id='word_1_262' title='bbox 1219 4203 1369 4280; x_wconf 85' lang='lat' dir='ltr'><strong>fratrem</strong></span> <span class='ocrx_word' id='word_1_263' title='bbox 1396 4205 1605 4282; x_wconf 89' lang='lat' dir='ltr'><strong>lohannem</strong></span> <span class='ocrx_word' id='word_1_264' title='bbox 1637 4205 1684 4283; x_wconf 91' lang='lat' dir='ltr'><strong>de</strong></span> <span class='ocrx_word' id='word_1_265' title='bbox 1709 4207 1837 4280; x_wconf 85' lang='lat' dir='ltr'><strong>Turno</strong></span> 
     </span>
     <span class='ocr_line' id='line_1_29' title="bbox 413 4331 1836 4442; baseline 0.004 -38"><span class='ocrx_word' id='word_1_266' title='bbox 413 4346 502 4406; x_wconf 92' lang='lat' dir='ltr'><strong>tunc</strong></span> <span class='ocrx_word' id='word_1_267' title='bbox 532 4333 716 4438; x_wconf 89' lang='lat' dir='ltr'><strong>temporis</strong></span> <span class='ocrx_word' id='word_1_268' title='bbox 742 4331 1014 4409; x_wconf 84' lang='lat' dir='ltr'><strong>thesaurarium</strong></span> <span class='ocrx_word' id='word_1_269' title='bbox 1033 4332 1181 4439; x_wconf 88' lang='lat' dir='ltr'><strong>Templi</strong></span> <span class='ocrx_word' id='word_1_270' title='bbox 1209 4334 1439 4423; x_wconf 85' lang='lat' dir='ltr'><strong>Parisiensis‚</strong></span> <span class='ocrx_word' id='word_1_271' title='bbox 1471 4335 1709 4442; x_wconf 90' lang='lat' dir='ltr'><strong>presentibus</strong></span> <span class='ocrx_word' id='word_1_272' title='bbox 1728 4333 1836 4410; x_wconf 86' lang='lat' dir='ltr'><strong>fratre</strong></span> 
     </span>
     <span class='ocr_line' id='line_1_30' title="bbox 412 4459 1866 4578; baseline 0.001 -40"><span class='ocrx_word' id='word_1_273' title='bbox 412 4459 586 4539; x_wconf 88' lang='lat' dir='ltr'><strong>Gnidone</strong></span> <span class='ocrx_word' id='word_1_274' title='bbox 602 4479 818 4569; x_wconf 88' lang='lat' dir='ltr'><strong>preceptore</strong></span> <span class='ocrx_word' id='word_1_275' title='bbox 836 4463 1076 4551; x_wconf 72' lang='lat' dir='ltr'><strong>carnotense,</strong></span> <span class='ocrx_word' id='word_1_276' title='bbox 1092 4465 1203 4542; x_wconf 87' lang='lat' dir='ltr'><strong>fratre</strong></span> <span class='ocrx_word' id='word_1_277' title='bbox 1217 4467 1328 4543; x_wconf 90' lang='lat' dir='ltr'><strong>Petro</strong></span> <span class='ocrx_word' id='word_1_278' title='bbox 1348 4485 1567 4573; x_wconf 88' lang='lat' dir='ltr'><strong>preceptore</strong></span> <span class='ocrx_word' id='word_1_279' title='bbox 1587 4468 1724 4544; x_wconf 90' lang='lat' dir='ltr'><strong>domus</strong></span> <span class='ocrx_word' id='word_1_280' title='bbox 1740 4465 1838 4542; x_wconf 87' lang='lat' dir='ltr'><strong>Pari-</strong></span> <span class='ocrx_word' id='word_1_281' title='bbox 1860 4565 1866 4578; x_wconf 20' lang='grc' dir='ltr'>ἱ</span> 
     </span>
     <span class='ocr_line' id='line_1_31' title="bbox 412 4591 1449 4698; baseline 0.004 -30"><span class='ocrx_word' id='word_1_282' title='bbox 412 4593 559 4680; x_wconf 85' lang='lat' dir='ltr'><strong>siensis‚</strong></span> <span class='ocrx_word' id='word_1_283' title='bbox 580 4608 617 4668; x_wconf 91' lang='lat' dir='ltr'><strong>et</strong></span> <span class='ocrx_word' id='word_1_284' title='bbox 636 4591 717 4668; x_wconf 88' lang='lat' dir='ltr'><strong>aliis</strong></span> <span class='ocrx_word' id='word_1_285' title='bbox 734 4592 781 4669; x_wconf 93' lang='lat' dir='ltr'><strong>de</strong></span> <span class='ocrx_word' id='word_1_286' title='bbox 796 4621 959 4698; x_wconf 89' lang='lat' dir='ltr'><strong>quorum</strong></span> <span class='ocrx_word' id='word_1_287' title='bbox 975 4596 1193 4674; x_wconf 89' lang='lat' dir='ltr'><strong>nominibus</strong></span> <span class='ocrx_word' id='word_1_288' title='bbox 1213 4623 1289 4672; x_wconf 89' lang='lat' dir='ltr'><strong>non</strong></span> <span class='ocrx_word' id='word_1_289' title='bbox 1308 4598 1449 4674; x_wconf 91' lang='lat' dir='ltr'><strong>recolit.</strong></span> 
     </span>
    </p>

    <p class='ocr_par' dir='ltr' id='par_1_8' title="bbox 410 4721 1837 4963">
     <span class='ocr_line' id='line_1_32' title="bbox 465 4721 1837 4834; baseline 0.003 -36"><span class='ocrx_word' id='word_1_290' title='bbox 465 4725 561 4801; x_wconf 92' lang='lat' dir='ltr'><strong>ltem</strong></span> <span class='ocrx_word' id='word_1_291' title='bbox 585 4721 678 4804; x_wconf 88' lang='lat' dir='ltr'><strong>dixit</strong></span> <span class='ocrx_word' id='word_1_292' title='bbox 700 4750 768 4828; x_wconf 88' lang='lat' dir='ltr'><strong>per</strong></span> <span class='ocrx_word' id='word_1_293' title='bbox 786 4724 1043 4828; x_wconf 88' lang='lat' dir='ltr'><strong>juramentum</strong></span> <span class='ocrx_word' id='word_1_294' title='bbox 1062 4753 1171 4802; x_wconf 91' lang='lat' dir='ltr'><strong>suum</strong></span> <span class='ocrx_word' id='word_1_295' title='bbox 1191 4728 1296 4832; x_wconf 93' lang='lat' dir='ltr'><strong>quod</strong></span> <span class='ocrx_word' id='word_1_296' title='bbox 1312 4755 1358 4804; x_wconf 93' lang='lat' dir='ltr'><strong>eo</strong></span> <span class='ocrx_word' id='word_1_297' title='bbox 1371 4744 1541 4834; x_wconf 84' lang='lat' dir='ltr'><strong>recepto,</strong></span> <span class='ocrx_word' id='word_1_298' title='bbox 1560 4729 1772 4834; x_wconf 82' lang='lat' dir='ltr'><strong>juramento</strong></span> <span class='ocrx_word' id='word_1_299' title='bbox 1791 4723 1837 4801; x_wconf 88' lang='lat' dir='ltr'><strong>ab</strong></span> 
     </span>
     <span class='ocr_line' id='line_1_33' title="bbox 410 4853 1836 4963; baseline 0.002 -35"><span class='ocrx_word' id='word_1_300' title='bbox 410 4854 493 4960; x_wconf 88' lang='lat' dir='ltr'><strong>ipso</strong></span> <span class='ocrx_word' id='word_1_301' title='bbox 516 4853 671 4960; x_wconf 91' lang='lat' dir='ltr'><strong>prestito</strong></span> <span class='ocrx_word' id='word_1_302' title='bbox 697 4853 744 4930; x_wconf 91' lang='lat' dir='ltr'><strong>de</strong></span> <span class='ocrx_word' id='word_1_303' title='bbox 770 4854 916 4932; x_wconf 87' lang='lat' dir='ltr'><strong>statutis</strong></span> <span class='ocrx_word' id='word_1_304' title='bbox 941 4872 980 4931; x_wconf 91' lang='lat' dir='ltr'><strong>ct</strong></span> <span class='ocrx_word' id='word_1_305' title='bbox 993 4857 1146 4934; x_wconf 85' lang='lat' dir='ltr'><strong>secretis</strong></span> <span class='ocrx_word' id='word_1_306' title='bbox 1165 4857 1307 4936; x_wconf 87' lang='lat' dir='ltr'><strong>ordinis</strong></span> <span class='ocrx_word' id='word_1_307' title='bbox 1329 4857 1587 4948; x_wconf 84' lang='lat' dir='ltr'><strong>observandis,</strong></span> <span class='ocrx_word' id='word_1_308' title='bbox 1604 4873 1769 4963; x_wconf 79' lang='lat' dir='ltr'><strong>apostata</strong></span> <span class='ocrx_word' id='word_1_309' title='bbox 1786 4855 1836 4933; x_wconf 90' lang='lat' dir='ltr'><strong>ibi</strong></span> 
     </span>
    </p>
   </div>
   <div class='ocr_carea' id='block_1_4' title="bbox 0 0 2126 5890">
    <p class='ocr_par' dir='ltr' id='par_1_9' title="bbox 0 0 2126 5890">
     <span class='ocr_line' id='line_1_34' title="bbox 0 0 2126 5890; baseline 0 0"><span class='ocrx_word' id='word_1_310' title='bbox 0 0 2126 5890; x_wconf 95' lang='lat' dir='ltr'><strong> </strong></span> 
     </span>
    </p>
   </div>
  </div>
 </body>
</html>
