4202 5876
693 564 889 656 rnoots
914 584 1011 656 nus
1037 553 1337 658 ruvrnrans.
1655 579 1724 657 aar

303 722 450 829 Templi
470 750 539 800 nec
558 725 657 830 apud
676 723 806 803 fratres
827 727 971 834 aliquos
993 727 1088 832 ejus,
1117 753 1186 802 nec
1206 726 1274 803 scit
1294 753 1363 801 nec
1383 724 1502 802 credit
1518 721 1621 829 quod
1642 751 1726 800 cum

302 855 510 932 reverencia
530 854 652 962 aliqua
671 874 881 963 portentur,
904 887 974 934 nec
993 885 1181 964 aquaque
1203 855 1291 934 dicti
1311 854 1451 933 ordinis
1471 854 1728 933 custodiantur

304 984 358 1061 vel
378 984 601 1077 habetatum
627 989 695 1066 sed
713 1006 819 1095 putat
838 987 972 1067 falsum
992 989 1096 1095 quod
1116 988 1165 1064 de
1187 987 1309 1096 ydolis
1329 1003 1367 1064 et
1390 984 1570 1092 capitibus
1591 985 1728 1062 dicitur

302 1115 508 1194 antedictis.
986 1113 990 1124 ¹

357 1247 605 1354 Interrogatus
624 1249 668 1324 -si
692 1250 731 1326 in
760 1250 885 1358 aliquo
915 1251 992 1329 vult
1020 1247 1190 1328 confiteri
1221 1248 1430 1326 secundum
1462 1245 1659 1342 veritatem
1690 1263 1726 1322 et

302 1377 425 1454 dicere
445 1407 576 1455 veram
597 1407 677 1455 esse
695 1383 799 1486 quod
814 1380 911 1458 forte
927 1381 1087 1488 negavit,
1110 1379 1314 1486 respondet
1333 1379 1461 1457 dicens
1479 1406 1519 1455 se
1536 1377 1728 1454 veritatem

301 1534 434 1612 puram
459 1507 593 1586 dixisse
623 1525 660 1586 et
684 1509 723 1586 in
747 1511 934 1616 responsis
959 1539 978 1586 a
1006 1538 1045 1586 se
1069 1509 1164 1585 velle
1188 1509 1404 1616 persistere,
1433 1537 1518 1586 oum
1544 1505 1669 1584 omnia
1693 1522 1730 1582 et

302 1636 446 1744 singula
468 1636 555 1714 falsa
581 1667 660 1717 esse
686 1640 810 1730 credat
831 1667 906 1748 que
930 1639 970 1716 in
991 1639 1098 1716 dictis
1118 1639 1310 1717 erroribus
1331 1655 1368 1716 et
1392 1637 1555 1716 articulis
1575 1638 1651 1714 sint
1671 1666 1732 1713 ex·

303 1794 439 1872 pressa.
1167 1835 1171 1844 .

358 1898 480 2003 Super
496 1899 576 1975 aliis
594 1929 680 1980 vero
695 1901 880 1977 contentis
895 1901 935 1976 in
952 1900 1059 1978 dictis
1077 1897 1258 1990 articulis,
1278 1898 1371 1976 dixit
1385 1925 1425 1976 se
1440 1896 1557 1974 nichil
1572 1897 1730 2005 amplius

302 2027 413 2115 scire,
431 2029 501 2104 nisi
516 2047 642 2106 tamen
659 2058 700 2107 ea
720 2059 795 2136 que
813 2057 923 2136 supra
942 2029 1162 2108 testificatus
1183 2047 1249 2106 est.

360 2291 466 2366 Anno
488 2306 524 2366 et
540 2289 601 2367 die
619 2290 757 2395 quibus
778 2317 900 2395 supra.

357 2423 483 2500 XVlll.
538 2423 666 2497 Frater
691 2419 875 2497 Arnaldos
909 2421 1009 2499 Calis
1046 2420 1188 2497 ordinis
1221 2420 1311 2497 dicti
1349 2419 1498 2526 Templi
1531 2438 1569 2496 et
1596 2421 1731 2499 domus

303 2552 422 2628 Mansi
447 2551 534 2638 Dei,
556 2553 660 2628 testis
676 2552 823 2659 juratus
848 2552 897 2628 ad
913 2569 1036 2628 sancta
1057 2551 1127 2628 Dei
1148 2549 1342 2658 Evangelia
1369 2578 1481 2656 super
1500 2549 1679 2656 predictis
1694 2569 1731 2626 et

246 2685 251 2696 '
303 2709 433 2758 eorum
446 2681 617 2783 quolibet
629 2681 699 2754 sibi
711 2683 887 2784 expositis
902 2679 940 2753 in
956 2682 1113 2784 vulgari,
1130 2699 1173 2754 ut
1180 2678 1394 2784 principalis
1407 2680 1455 2755 de
1471 2708 1509 2755 se
1521 2680 1619 2785 ipso,
1637 2698 1675 2756 et
1690 2697 1731 2756 ut

301 2807 406 2883 testis
422 2807 469 2883 de
485 2808 582 2896 aliis,
601 2807 800 2915 diligenter
814 2823 852 2884 et
867 2806 1055 2914 sigillatim
1070 2809 1335 2914 interrogatus,
1354 2809 1585 2913 respondens
1596 2811 1644 2886 ad
1657 2811 1732 2915 pri-

223 2929 231 2942 ’
303 2965 424 3024 mum,
447 2963 620 3014 11-xx1x
640 2937 817 3015 articulos
831 2936 1031 3026 inclusive,
1056 2935 1257 3045 diligenter
1277 2955 1314 3016 et
1326 2937 1513 3044 sigillatim
1524 2939 1732 3047 interroga-

303 3083 379 3154 tus,
399 3069 545 3173 negavit
558 3068 659 3172 ipsos
674 3067 850 3145 articulos
865 3087 903 3145 et
918 3070 1041 3145 omnia
1057 3087 1093 3144 ot
1106 3068 1249 3176 singula
1268 3085 1436 3146 contenta
1452 3069 1491 3145 in
1504 3069 1573 3161 eis;
1591 3049 1732 3147 addens

303 3195 407 3300 quod
426 3197 473 3274 de
497 3220 604 3275 more
625 3215 663 3274 et
684 3198 829 3274 statutis
855 3216 911 3275 est
929 3199 1046 3303 ipsius
1071 3198 1216 3274 ordinis
1238 3217 1423 3309 perpetuo
1441 3200 1662 3289 observatis,
1690 3219 1733 3278 ut

303 3325 415 3414 dixit,
433 3345 476 3404 ut
489 3329 596 3404 annis
618 3327 790 3435 singulis,
810 3329 871 3404 die
886 3329 1041 3406 Veneris
1057 3346 1198 3414 sancta,
1221 3328 1269 3405 ob
1286 3331 1535 3406 reverenciam
1549 3331 1731 3408 Passionis

302 3457 454 3533 Domini
479 3461 595 3536 nostri
619 3460 735 3535 lbesu
757 3459 896 3538 Christi
924 3459 985 3536 die
1006 3458 1171 3564 predicta
1191 3459 1374 3551 crucifixi,
1403 3487 1552 3537 crucem
1572 3443 1730 3566 positarh

301 3604 383 3663 ante
409 3587 521 3664 altare
546 3589 585 3665 in
611 3615 706 3695 pane
733 3588 876 3665 mundo
902 3591 1039 3680 terico,
1066 3575 1226 3693 pedibus
1252 3589 1468 3666 discalciatis
1491 3607 1539 3691 et,
1552 3590 1731 3696 depositis

302 3717 526 3796 sotularibus
547 3735 585 3796 et
600 3721 711 3795 nudis
726 3717 902 3825 pedibus,
927 3736 964 3796 et
982 3717 1140 3797 cultellis
1155 3745 1303 3796 necnon
1316 3719 1410 3798 colis
1424 3721 1604 3826 capitum,
1626 3719 1730 3796 flexis

302 3846 477 3951 genibus,
491 3877 579 3924 curn
597 3849 793 3927 devotione
808 3850 1067 3927 ethumilitate
1083 3879 1155 3956 qua
1171 3866 1327 3955 possunt
1343 3849 1491 3956 majori,
1507 3849 1644 3957 singuli
1661 3849 1732 3963 lra-

303 3995 378 4053 tres
398 3977 567 4077 ejusdem
586 3979 729 4057 ordinis
749 3981 906 4058 adorent
926 4007 1076 4058 crucem
1100 3981 1325 4087 predictam,
1354 3979 1539 4060 dicendo:
1562 3979 1732 4058 «Adora-

304 4127 386 4176 mus
407 4116 460 4188 te,
485 4101 648 4190 Christe,
680 4119 716 4177 et
734 4101 993 4208 benedicimus
1012 4106 1100 4195 tibi,
1127 4107 1215 4214 quia
1238 4133 1307 4211 per
1331 4135 1479 4186 crucem
1500 4129 1603 4188 tuam
1624 4111 1732 4188 rede-

221 4331 229 4342 ·
303 4231 402 4308 misti
424 4231 651 4308 mundum·

357 4361 450 4436 ltem
479 4360 625 4438 duabus
657 4379 781 4440 autem
807 4364 1065 4448 festivitatibus
1094 4363 1230 4444 Sancte
1255 4368 1386 4446 Crucis
1416 4369 1554 4447 mensis
1575 4371 1662 4447 maii
1690 4390 1727 4448 et

255 4601 258 4606 ,
300 4490 538 4596 septembris,
554 4519 629 4570 non
641 4493 820 4600 depositis
831 4481 1072 4584 sotularibus,
1090 4496 1160 4573 nisi
1175 4497 1307 4586 velint,
1325 4499 1392 4575 sed
1407 4497 1568 4576 cultellis
1582 4518 1619 4578 et
1634 4501 1725 4578 cofis

299 4621 461 4727 capitum
482 4622 655 4700 duntaxat
675 4626 843 4704 extractis
866 4639 903 4703 et
928 4628 1076 4733 positis,
1103 4644 1316 4705 reverenter
1345 4606 1496 4706 crucem
1520 4629 1726 4735 predictam

300 4752 465 4829 adorant.
480 4754 526 4830 Et
539 4773 764 4835 sacramenta
784 4758 909 4835 omnia
928 4739 1051 4836 sancte
1065 4758 1136 4834 Dei
1156 4759 1337 4846 Ecclesie,
1360 4758 1549 4866 sicutipse
1567 4759 1726 4865 precipit

303 4898 340 4957 et
358 4882 544 4972 observat,
566 4885 619 4962 sic
639 4903 677 4966 et
695 4887 766 4992 ipsi
783 4886 913 4966 fratres
929 4905 968 4966 et
986 4887 1196 4967 totusordo
1210 4889 1328 4968 credit
1342 4916 1436 4996 pure
1458 4904 1495 4968 et
1508 4889 1726 4996 simpliciter

1487 5035 1537 5100 62.
