4208 5886
688 544 881 638 pancas
912 563 1010 635 ors
1042 563 1347 636 venemens.
1654 565 1728 636 215
1782 607 1789 615 -

301 723 453 784 venerat
472 735 492 783 a
510 733 608 783 casu.
636 705 747 798 ltem,
770 703 865 782 dixit
887 701 993 810 quod
1014 701 1112 782 bene
1137 702 1315 782 credebat
1334 701 1592 780 ecclesiasticis
1610 729 1729 782 sacra-

303 837 456 929 mentis,
476 853 513 913 et
533 835 652 914 credit
665 833 848 942 quod-alii
862 832 995 914 fratres
1008 833 1153 912 ordinis
1173 835 1311 912 eodem
1327 831 1444 911 modo
1460 831 1675 921 crederent,
1693 852 1731 910 et

302 969 407 1073 quod
432 994 565 1046 eorum
584 967 797 1044 sacerdotes
819 965 946 1044 debite
970 963 1215 1044 celebrarent.
1240 967 1352 1056 ltem,
1378 962 1471 1040 dixit
1488 990 1527 1039 se
1545 962 1730 1042 audivisse

303 1097 376 1176 dici
394 1099 433 1176 in
452 1098 553 1176 dicto
573 1097 707 1174 ordine
724 1115 762 1175 et
776 1096 930 1174 credere
950 1095 1072 1202 quod,
1091 1114 1294 1203 antequam
1315 1095 1499 1174 haberent
1518 1094 1730 1172 sacerdotes

303 1228 341 1303 in
359 1228 509 1318 ordine,
529 1255 663 1305 eorum
682 1243 921 1334 preceptores
934 1226 1017 1305 laici
1033 1227 1276 1308 absolvebant
1290 1226 1384 1304 alios
1398 1225 1531 1302 fratres
1549 1224 1694 1303 ordinis
1711 1253 1731 1300 a

302 1358 462 1462 peccatis
480 1356 701 1435 anctoritate
719 1356 943 1462 apostolica,
959 1356 1027 1430 sed
1039 1357 1285 1460 postmodum
1302 1373 1500 1459 postquam
1516 1353 1733 1431 babuerunt

301 1487 530 1580 sacerdotes,
549 1514 626 1566 non
646 1484 788 1564 audivit
802 1482 877 1560 dici
892 1483 998 1590 quod
1014 1482 1252 1560 absolverent
1269 1480 1359 1559 dicti
1380 1481 1464 1560 laici
1479 1499 1728 1587 preceptores.

303 1617 484 1696 Jurabant
501 1617 676 1696 ordinem
696 1643 773 1693 non
790 1615 908 1704 exire,
929 1614 1057 1693 entim
1077 1643 1146 1720 pro
1166 1613 1343 1721 professis
1358 1613 1606 1692 habebantur.
1622 1613 1733 1692 Clan-

303 1747 452 1825 destine
472 1747 763 1852 recipiebantur,
790 1743 908 1822 nullis
932 1744 1172 1850 presentibus
1196 1745 1268 1823 nisi
1291 1743 1469 1824 fratribus
1494 1743 1660 1835 ordinis,
1688 1772 1731 1821 ex

303 1905 379 1982 quo
400 1876 521 1954 credit
540 1877 645 1984 quod
663 1893 761 1955 esset
779 1875 943 1981 suspicio
957 1892 1085 1952 contm
1105 1901 1182 1954 eos.
1199 1875 1498 1954 Deffendehatur
1517 1876 1571 1952 eis
1588 1875 1732 1954 crimen

302 2005 592 2096 sodomiticum,
609 2023 648 2084 et
666 2006 696 2082 si
717 2006 783 2111 qui
805 2004 963 2084 oonndi
980 2003 1141 2084 inissent
1159 2005 1305 2083 dictum
1321 2005 1465 2082 crimen
1481 2023 1729 2111 perpetrasse,

303 2135 462 2213 fuissent
477 2134 524 2213 ab
544 2135 678 2214 ordine
695 2135 846 2214 exclusi.
875 2134 983 2211 Ultra
998 2163 1102 2212 mare
1124 2135 1219 2212 dixit
1237 2163 1276 2212 se
1291 2134 1405 2212 luisse
1426 2161 1489 2212 sex
1508 2135 1615 2211 annis
1631 2163 1734 2211 conr-

303 2283 472 2345 moratus
490 2284 690 2372 antequam
708 2283 806 2344 esset
824 2264 938 2342 frater
955 2264 1116 2354 ordinis,
1137 2265 1178 2339 in
1194 2264 1349 2341 servicio
1363 2263 1486 2340 fratris
1502 2263 1548 2340 G.
1569 2263 1618 2338 de
1638 2264 1733 2341 San-

304 2413 384 2474 zeto
414 2396 606 2502 quondam
635 2395 766 2472 militis
790 2395 880 2472 dicti
906 2392 1067 2482 ordinis,
1093 2409 1266 2498 tempore
1294 2391 1418 2468 fratris
1445 2390 1642 2471 Guillelmi
1684 2391 1732 2469 de

304 2524 409 2604 Bello
426 2527 518 2603 Joco
534 2525 701 2634 Magistri
719 2541 810 2604 tunc
825 2523 986 2613 ordinis3
1009 2539 1048 2598 et
1065 2522 1113 2598 de
1130 2523 1250 2628 capite
1270 2522 1318 2599 de
1334 2549 1411 2628 quo
1427 2521 1603 2628 deposuit
1621 2549 1734 2629 supra

304 2657 480 2762 magister
499 2655 713 2733 Anthonius
734 2653 836 2760 Sycti
859 2654 906 2730 de
928 2650 1126 2740 Vercellis,
1155 2669 1193 2729 et
1215 2651 1262 2728 de
1278 2650 1403 2759 ydolis
1423 2650 1569 2728 nullam
1592 2650 1734 2730 audivit

304 2787 386 2862 sieri
406 2787 655 2864 mencionem.
679 2785 781 2863 Dixit
795 2801 923 2861 tamma
938 2783 1043 2889 quod
1060 2783 1182 2859 dictus
1200 2782 1312 2860 frater
1327 2781 1557 2861 Guillelmus
1571 2779 1734 2858 habebat

305 2945 477 3023 magnam
500 2917 707 2995 amiciciam
732 2945 818 2994 curn
841 2913 997 2992 soldano
1023 2930 1062 2991 et
1083 2913 1294 3002 Saracenis,
1326 2913 1414 3019 quia
1441 2912 1550 2988 aliter
1569 2939 1646 2988 non
1666 2939 1734 3018 po·

303 3047 462 3125 tuissent
489 3048 568 3155 ipse
592 3047 650 3127 vel
676 3047 771 3125 ordo
797 3063 897 3134 tunc¹
911 3044 1009 3123 ultra
1032 3071 1135 3121 mare
1162 3043 1396 3122 remansisse.
1428 3042 1605 3122 Cordulis
1629 3043 1733 3119 unde

303 3175 480 3246 volebant
493 3180 695 3276 assumptis
710 3177 955 3277 cingebantur
974 3203 1088 3277 super
1103 3174 1272 3250 camisias
1289 3203 1376 3249 oum
1395 3175 1534 3278 quibus
1544 3172 1730 3279 jacebant.

303 3301 376 3374 Per
394 3319 668 3378 sacramentum
690 3302 956 3410 injungebatur
971 3302 1025 3380 eis
1039 3303 1143 3408 quod
1159 3331 1235 3382 non
1249 3303 1458 3380 revelarent
1476 3320 1616 3380 secreta
1636 3304 1734 3410 capi·

303 3429 500 3524 tuliornm,
530 3432 577 3510 de
603 3433 719 3510 modo
744 3431 974 3538 recepcionis
994 3433 1144 3538 speciali
1167 3463 1244 3514 non
1270 3433 1397 3514 habita
1422 3435 1631 3512 moncione.
1656 3437 1731 3529 Qui

304 3560 531 3640 revelassent
564 3562 613 3640 ad
640 3591 777 3670 panem
808 3581 846 3641 et
872 3591 1008 3670 aquam
1035 3581 1073 3642 et
1099 3563 1189 3644 alias
1221 3565 1379 3673 gratiter
1407 3565 1530 3670 puniti
1562 3564 1729 3641 luissent.

304 3688 538 3770 Elemosinas
561 3710 599 3769 et
623 3692 916 3799 hospitalitatem
933 3694 1039 3801 juxta
1060 3693 1278 3772 facultatem
1305 3695 1507 3772 domorum
1529 3694 1568 3771 in
1593 3695 1733 3800 quibus

307 3821 426 3896 extitit
452 3834 706 3900 commoratus
734 3823 827 3900 vidit
852 3824 1117 3902 convenienter
1145 3824 1228 3901 sieri
1253 3841 1291 3901 et
1311 3825 1465 3914 servari,
1497 3842 1536 3901 et
1559 3824 1733 3929 capitalia

306 3949 511 4055 generalia,
536 3979 710 4030 sermone
732 3952 849 4046 lacte,
867 3955 1089 4060 tempestive
1110 3955 1232 4032 teneri
1257 3953 1360 4062 apud
1382 3951 1483 4032 Auso
1511 3954 1734 4031 Pictavensis

308 4079 482 4171 diocesis,
500 4082 628 4190 januis
642 4083 794 4172 clausis,
819 4084 935 4162 nullis
956 4084 1196 4190 presentibus
1221 4085 1293 4161 nisi
1313 4071 1492 4160 fratribus
1511 4082 1670 4171 ordinis,
1696 4101 1734 4162 et

307 4211 575 4315 providebatur
598 4241 645 4290 ne
663 4212 885 4292 audirentur
903 4216 1065 4293 exterius
1093 4243 1168 4321 qne
1193 4214 1352 4292 interius
1379 4215 1597 4321 agebantur.
1622 4214 1735 4292 Ordi-

308 4359 392 4418 nata
425 4373 493 4449 per·
526 4345 745 4453 Magistrum
780 4373 868 4424 cum
895 4363 1083 4426 conventu
1114 4361 1294 4424 servasset
1324 4361 1427 4422 totus
1462 4345 1576 4436 ordo,
1605 4363 1734 4423 contra

308 4500 422 4578 quern
444 4501 546 4552 nuuc
568 4493 722 4582 propter
749 4473 924 4583 predicta·
940 4475 1095 4583 grandia
1122 4475 1312 4566 scandala,
1337 4476 1499 4581 suspicio
1519 4491 1558 4552 et
1581 4475 1733 4554 infamia

308 4620 398 4680 sunt
414 4622 555 4696 exorta,
582 4621 620 4682 et
642 4623 770 4682 contra
793 4633 907 4713 quern
931 4606 1107 4714 Magister
1129 4623 1168 4684 et
1187 4602 1250 4684 alii
1276 4604 1456 4683 dicuntur
1474 4603 1599 4714 aliqua
1618 4606 1733 4685 fuisse

310 4735 491 4827 consessi;
517 4737 567 4812 ad
595 4736 703 4842 cujus
723 4737 867 4815 ordinis
892 4736 1165 4816 deffensionem
1195 4761 1334 4815 senon
1358 4735 1559 4818 obtulerat.
1587 4740 1662 4814 Nec
1681 4737 1734 4812 sic

310 4863 537 4966 deposuerat
558 4895 685 4972 prece,
707 4885 901 4971 precepto,
916 4869 1075 4954 timore,
1093 4893 1238 4952 amore,
1262 4866 1363 4954 odio,
1378 4866 1437 4943 vel
1457 4865 1656 4972 temporali
1672 4893 1736 4942 co·
