4320 5898
395 501 444 572 rs
789 477 984 572 rnoots
1010 496 1105 568 nes
1131 496 1431 569 TEMPLIERS.

394 667 458 718 eos
477 665 548 715 nec
570 636 896 716 denunciaverunt
906 637 1084 742 Ecclesie.
1106 637 1342 718 Elemosinas
1363 655 1400 716 et
1420 635 1715 744 hospitalitatem
1732 633 1826 712 vidit

370 770 663 850 >convenienter
681 766 765 845 fieri
794 785 833 847 et
851 756 988 850 serue'ri
1011 769 1051 846 in
1078 768 1256 848 domibus
1281 768 1426 849 ordinis
1456 767 1496 843 in
1522 766 1662 873 quibus
1687 765 1826 844 exstitit

391 918 658 983 commoratus.
680 901 981 982 Dellendebatur
996 901 1050 980 eis
1070 903 1177 1009 quod
1189 900 1318 980 illicite
1339 929 1417 980 non
1432 898 1672 1007 acquirerent
1686 895 1824 977 ordini.

391 1033 579 1144 Capitolia
599 1033 803 1144 singularia
823 1035 965 1143 quibus
986 1033 1160 1114 interfuit
1178 1036 1406 1114 tenebantur
1426 1032 1540 1120 clam,
1563 1049 1600 1110 et
1621 1029 1826 1142 aliquando

391 1166 626 1276 tempestive.
655 1167 739 1245 Non
760 1165 881 1244 credit
899 1165 1006 1274 quod
1023 1194 1169 1244 errores
1186 1194 1254 1273 per
1274 1194 1361 1244 eum
1383 1162 1580 1243 confessati
1600 1162 1715 1272 longo
1730 1180 1828 1240 tern-

393 1328 485 1407 pore
512 1297 727 1376 duraverint
753 1297 948 1376 inordina
969 1313 1063 1375 ante
1076 1298 1336 1404 recepcionem
1356 1325 1483 1386 suam,
1506 1294 1576 1374 sed
1595 1293 1828 1374 credulitatis

394 1457 544 1509 causam
560 1430 716 1508 nescivit
732 1429 929 1538 assignare.
947 1427 1064 1524 Quod
1078 1457 1237 1538 magnus
1254 1427 1432 1538 Magister
1446 1457 1534 1506 cum
1554 1443 1740 1505 conventu
1756 1443 1829 1505 sta-

393 1563 527 1640 tuisset
536 1569 717 1640 servasset
726 1577 831 1640 totus
848 1560 961 1650 ordo,
979 1576 1239 1668 contraquam
1255 1589 1356 1638 nunc
1372 1559 1528 1667 grandia
1543 1557 1733 1645 scandala,
1751 1587 1829 1636 sus-

393 1693 493 1803 picio
514 1710 552 1770 et
571 1690 725 1800 iufamia
746 1710 836 1771 sunt
857 1709 1000 1782 exorta,
1024 1709 1062 1770 et
1087 1710 1215 1772 eontra
1238 1719 1354 1801 quem
1380 1690 1523 1768 audivit
1551 1689 1624 1768 dici
1648 1718 1828 1810 magnum

394 1825 616 1933 Magistrum
637 1840 675 1901 et
689 1822 783 1902 alios
802 1823 951 1930 aliquos
970 1851 1118 1902 errores
1137 1821 1253 1903 luisse
1275 1820 1475 1901 confessos.
1497 1819 1698 1900 Obtulerat
1717 1849 1755 1900 se
1781 1822 1829 1900 ed

396 1955 671 2034 deffensionem
686 1955 832 2032 ordinis
843 1983 919 2033 una
932 1961 1022 2032 ‘cum
1044 1953 1138 2034 eliis.

451 2088 668 2197 Requisitus
685 2087 715 2164 si
730 2086 783 2164 sic
799 2083 1027 2194 deposuerat
1041 2115 1164 2193 prece,
1181 2105 1370 2195 precepto,
1388 2088 1539 2181 timore,
1556 2116 1697 2176 amore,
1721 2086 1826 2177 odio,

394 2219 452 2299 vel
471 2217 671 2326 temporali
693 2217 856 2295 comodo
876 2217 1007 2295 habito
1022 2216 1082 2296 vel
1104 2217 1294 2310 babendo,
1315 2219 1514 2326 respondit
1528 2218 1635 2329 quod
1652 2245 1742 2310 non,
1762 2215 1828 2296 sed

393 2378 462 2459 pro
482 2349 636 2428 veritate
664 2348 844 2437 dicenda;
872 2349 933 2425 cui
959 2346 1032 2426 fuit
1058 2349 1272 2458 injunctum
1296 2348 1401 2457 quod
1426 2377 1504 2427 non
1529 2348 1712 2428 revelaret
1733 2333 1851 2426 banc*

394 2510 501 2561 suam
523 2479 808 2586 deposicionem
830 2507 1033 2586 quousque
1053 2479 1315 2559 attestaciones
1334 2478 1477 2557 fuerint
1495 2479 1698 2588 publicato.

452 2613 544 2690 Acta
561 2609 718 2692 fuerunt
736 2611 809 2688 hec
828 2609 939 2687 dictis
961 2609 1023 2687 die
1045 2627 1083 2689 et
1102 2608 1199 2706 loco,
1219 2611 1460 2719 presentibus
1479 2611 1657 2720 magistro
1673 2611 1827 2702 Amisio,

277 2745 281 2754 '
396 2772 457 2822 me
489 2741 748 2823 Floriamonte
771 2740 995 2832 Dondedei‚
1030 2759 1067 2820 et
1097 2742 1180 2822 aliis
1205 2742 1361 2824 notariis
1392 2771 1505 2849 supra
1533 2742 1672 2822 ultimo
1706 2742 1831 2821 nomi-

325 2972 327 2980 !
398 2875 506 2954 natis.

454 3140 642 3230 Posthac,
666 3137 728 3216 die
747 3140 847 3217 lovis
867 3140 1053 3247 sequenti,
1076 3167 1150 3248 que
1171 3139 1245 3219 fuit
1262 3169 1299 3220 xi
1319 3141 1400 3218 dies
1420 3139 1511 3218 dicti
1531 3142 1673 3218 mensis
1688 3141 1828 3234 Marcii,

397 3269 470 3347 luit
495 3271 681 3348 adductus
703 3270 752 3348 ad
775 3271 1008 3376 presenciam
1035 3255 1265 3350 eorumdem¹
1286 3272 1532 3350 dominorum
1557 3272 1831 3351 commissario-

398 3430 485 3478 rum
506 3420 546 3480 et
569 3401 715 3478 domini
735 3402 896 3490 Mathei,
916 3403 956 3480 in
977 3403 1093 3481 domo
1114 3403 1465 3510 predicta-fratrum
1485 3402 1696 3494 Minorum',
1718 3405 1832 3484 sreter

397 3532 627 3641 Baudoynus
654 3530 701 3609 de
727 3530 816 3612 Gisa
841 3533 1005 3612 serviens
1030 3534 1293 3612 Laudunensis
1314 3535 1491 3623 diocesis,
1518 3534 1625 3612 testis
1645 3563 1756 3644 supra
1766 3537 1830 3645 ju·

397 3680 516 3753 ratus,
533 3681 577 3741 ut
595 3662 806 3771 deponeret
821 3663 964 3743 dictum
984 3693 1114 3759 suum,
1131 3664 1356 3743 mantellum
1373 3665 1518 3743 ordinis
1539 3664 1745 3756 defferens,
1765 3667 1830 3774 qpi

396 3798 553 3902 propter
571 3793 850 3889 infirmitatem,
872 3811 917 3872 ut
937 3794 1048 3888 dixit,
1067 3797 1149 3873 radi
1170 3796 1310 3876 fecerat
1323 3796 1395 3874 sibi
1415 3797 1592 3890 barbam,
1615 3823 1743 3879 xxxun
1764 3827 1831 3874 an-

397 3952 538 4003 norum
554 3923 612 4002 vel
631 3926 745 4014 circa,
771 3955 859 4003 cum
884 3955 962 4033 quo
982 3928 1206 4034 inquisitum
1225 3927 1368 4022 fuerat,
1389 3927 1587 4008 absolutus
1605 3946 1644 4006 et
1662 3929 1831 4008 reconci-

398 4057 511 4136 liatus
543 4084 611 4164 per
632 4056 832 4134 dominum
853 4057 1073 4164 episcopum
1093 4060 1342 4138 Parisiensem
1357 4094 1374 4150 ς.
1389 4077 1426 4138 et
1446 4059 1722 4170 protestacione
1747 4089 1832 4168 pre-

399 4190 511 4266 missa
537 4188 642 4295 quod
673 4217 753 4266 non
785 4189 950 4268 intendit
974 4193 1152 4270 recedere
1181 4221 1202 4270 a
1232 4192 1490 4299 deposicione,
1522 4209 1591 4298 per
1621 4220 1710 4270 eum
1737 4189 1830 4270 lacta

397 4349 523 4399 coram
544 4320 644 4399 dicto
666 4320 822 4400 domino
841 4322 1016 4430 episcopo
1036 4324 1254 4417 Parisiensi,
1275 4324 1382 4404 lectis
1408 4342 1446 4402 et
1464 4323 1666 4432 diligenter
1686 4325 1831 4432 exposi-

397 4453 445 4530 tis
464 4450 536 4530 sibi
557 4453 735 4532 omnibus
756 4471 794 4532 et
813 4455 972 4565 singulis
992 4455 1177 4550 articrdis,
1199 4457 1396 4564 respondit
1420 4485 1459 4536 se
1480 4457 1644 4545 nescire,
1661 4483 1731 4534 nee
1751 4485 1829 4534 cre-

399 4582 501 4673 dere,
519 4611 590 4662 nec
604 4585 790 4664 audivisse
810 4587 884 4666 dici
900 4587 946 4664 de
962 4590 1151 4668 contentis
1166 4590 1205 4666 in
1219 4590 1309 4697 ipsis
1323 4590 1396 4668 nisi
1412 4589 1517 4698 quod
1532 4589 1715 4698 sequitur.
1731 4587 1830 4684 Quia

397 4743 475 4792 non
487 4714 630 4794 viderat
650 4717 956 4825 aliquem'alium
972 4721 1087 4828 recipi
1107 4723 1146 4798 in
1168 4721 1315 4810 ordine,
1333 4749 1403 4800 nec
1423 4722 1645 4800 interflueret
1658 4719 1828 4829 capitulis

397 4873 543 4938 eorum,
566 4877 635 4926 nec
654 4865 810 4928 steterat
821 4851 860 4926 in
881 4851 1027 4944 ordine,
1050 4853 1121 4931 nisi
1142 4853 1248 4961 quasi
1267 4881 1336 4960 per
1355 4852 1557 4946 dimidium
1579 4881 1722 4931 annum
1743 4869 1829 4930 ante
