4302 5886
731 517 1374 616 raoctsnnsrnurcmas,
1487 535 1493 544 ·
1688 545 1758 620 tsi

399 676 457 753 Vl.
489 675 615 752 Frater
627 673 849 756 Guillelmus
870 678 917 756 de
935 681 1101 758 Tamarit
1119 681 1243 771 miles,
1264 683 1404 760 ordinis
1424 683 1511 759 dicti
1531 683 1678 792 Templi
1702 687 1764 764 do·

341 835 423 884 mus
438 806 555 886 Mansi
573 806 663 896 Dei,
684 809 788 886 testis
794 808 939 916 juratus
954 839 1066 917 super
1082 812 1256 918 predictis
1271 813 1433 892 articulis
1453 832 1629 892 eteorum
1643 818 1764 923 quoli-

340 938 404 1014 bet
423 937 494 1016 sibi
511 938 683 1045 expositis
703 939 742 1016 in
760 940 922 1047 vulgari,
939 942 1202 1048 ntprincipalis
1222 943 1269 1020 de
1290 973 1346 1034 se,
1370 963 1406 1020 et
1426 943 1472 1020 de
1495 945 1574 1023 aliis
1594 947 1688 1024 sicut
1710 966 1765 1026 te-

341 1069 419 1156 stis,
435 1067 632 1174 diligenter
643 1069 871 1176 etsigillatim
882 1071 1126 1178 interrogatus
1139 1074 1386 1179 respondens,
1405 1075 1496 1151 dixit
1505 1103 1616 1182 super
1625 1077 1762 1182 primo,

341 1227 505 1278 11-xx1x
524 1200 688 1278 articulis
708 1201 900 1291 inclusive,
922 1203 1067 1310 negavit
1083 1204 1181 1311 ipsos
1200 1205 1373 1286 articulos
1389 1223 1425 1282 et
1440 1206 1564 1282 omnia
1578 1207 1764 1314 etsingula
1831 1243 1834 1252 *

341 1348 511 1408 contenta
529 1331 569 1406 in
589 1331 661 1422 eis,
682 1331 846 1408 adiciens
865 1361 905 1410 se
926 1333 1077 1412 credere
1099 1335 1223 1412 omnia
1246 1353 1470 1413 sacramenta
1485 1336 1651 1414 Ecclesia
1671 1338 1765 1416 sicut

339 1478 462 1538 sancta
480 1462 644 1540 Romana
657 1462 820 1540 Ecclesia
838 1480 940 1541 tenet
954 1483 991 1541 et
1011 1464 1135 1555 docet;
1159 1465 1285 1544 dicens
1303 1467 1418 1543 eciam
1435 1495 1474 1544 se
1492 1468 1644 1546 credere
1661 1467 1765 1574 quod

339 1590 463 1668 nullus
486 1608 609 1698 potest
627 1592 814 1670 absolvere
835 1623 856 1670 a
874 1596 1052 1702 peccatis,
1077 1596 1148 1673 nisi
1169 1596 1216 1672 sit
1231 1596 1302 1672 rite
1331 1597 1370 1673 in
1393 1596 1640 1701 presbiterum
1663 1598 1764 1674 ordi-

331 1740 457 1800 natus.
478 1723 571 1800 Item
597 1723 689 1800 dixit
710 1724 813 1830 quod
839 1724 919 1831 ipse
940 1725 1056 1804 etalii
1083 1726 1211 1804 francs
1237 1726 1327 1804 dicti
1351 1727 1492 1804 ordinis
1517 1755 1601 1804 cum
1627 1727 1763 1832 quibus

340 1869 573 1930 conversatus
598 1871 653 1930 est
676 1853 815 1932 habent
839 1854 1031 1932 licenciam
1062 1855 1261 1934 confitendi
1284 1886 1350 1935 sua
1375 1875 1522 1965 peccata
1549 1857 1763 1964 presbiteris

340 1982 535 2090 capellanis
550 1985 638 2062 dicti
659 1985 816 2076 ordinis,
837 1986 895 2064 vel
913 1988 967 2064 eis
982 1986 1240 2066 deficientibus
1258 1989 1439 2094 religiosis
1462 1988 1547 2066 viris
1574 2007 1611 2064 et
1637 1988 1763 2066 catho-

289 2165 292 2180 ·
338 2113 419 2192 licia
440 2113 499 2204 vel
516 2115 723 2222 presbitero
746 2117 899 2196 secrdari
923 2117 1074 2195 habenti
1094 2118 1286 2196 licenciam
1311 2118 1486 2196 audiendi
1514 2119 1763 2198 confessiones

338 2273 359 2320 a
375 2273 444 2322 suo
459 2246 662 2351 superiore.

394 2375 452 2453 dd
472 2403 708 2456 xxx—xxxin
728 2379 901 2456 nticulos
916 2379 1090 2456 inclusive
1106 2380 1334 2486 respondens
1351 2378 1536 2484 sigillatim
1557 2408 1669 2484 super
1687 2381 1762 2456 sin-

337 2507 449 2612 gulis,
468 2509 614 2615 negavit
631 2510 731 2615 ipsos
750 2509 922 2587 articulos
938 2528 975 2587 et
995 2510 1120 2586 omnia
1142 2528 1178 2587 et
1196 2509 1339 2616 singula
1365 2527 1532 2587 contenta
1552 2510 1590 2586 in
1614 2511 1682 2598 eis,
1701 2539 1761 2587 ex-

339 2655 445 2744 cepto
460 2640 564 2744 quod
578 2638 765 2718 consessus
786 2657 840 2717 est
856 2640 959 2746 quod
979 2640 1009 2717 is
1025 2640 1091 2746 qui
1107 2641 1284 2747 recipitur
1299 2640 1338 2717 in
1352 2639 1501 2718 fratrem
1518 2640 1606 2717 dicti
1622 2641 1762 2736 ordinis

339 2769 507 2848 osculum
525 2770 626 2875 pacis
644 2770 810 2877 recipite
823 2771 1025 2876 recipiente
1041 2799 1128 2847 eum
1146 2771 1184 2862 in
1202 2800 1266 2848 ore
1283 2788 1442 2860 tantum,
1458 2788 1495 2847 ct
1509 2771 1609 2850 idem
1624 2772 1762 2848 faciunt

339 2899 445 2976 multi
464 2899 594 2978 fratres
609 2901 655 2977 de
674 2901 754 2978 aliis
773 2901 916 2978 ibidem
936 2902 1147 2979 astantibus.

394 3029 452 3107 Ad
484 3058 607 3108 xxxuu
641 3049 677 3108 et
707 3059 798 3110 mv
829 3030 1003 3108 articulos
1034 3030 1208 3109 inclusive
1244 3034 1472 3140 respondens
1504 3031 1761 3140 interrogatus,

339 3161 430 3238 dixit
456 3180 492 3237 et
511 3161 700 3238 confessus
720 3178 775 3238 est
797 3178 967 3238 contenta
986 3161 1024 3236 in
1053 3163 1142 3270 ipsis
1170 3155 1333 3240 articulis
1363 3191 1442 3240 esse
1470 3190 1571 3252 vera,
1601 3164 1764 3241 adiciens

338 3291 442 3396 quod
455 3310 626 3397 receptus
645 3293 741 3368 inter
758 3290 921 3396 aliaque
935 3292 1036 3397 jurat
1048 3309 1216 3396 tempore
1233 3321 1299 3368 sue
1313 3292 1557 3400 recepcionis,
1573 3295 1675 3400 jurat
1688 3324 1762 3373 non

338 3419 546 3526 relinquere
573 3420 710 3496 dictam
728 3419 946 3525 religionem
967 3447 1035 3525 pro
1059 3421 1188 3525 majori
1208 3421 1266 3497 vel
1290 3422 1425 3498 minori
1451 3423 1582 3499 ordine
1608 3442 1671 3500 aut
1689 3425 1764 3501 for-

338 3550 429 3626 ciori
447 3549 505 3627 vel
526 3549 698 3626 debiliori
713 3550 852 3654 absque
866 3549 1020 3625 licencia
1033 3549 1250 3654 superioris,
1267 3550 1332 3656 qui
1352 3579 1433 3626 eam
1451 3551 1567 3657 possit
1584 3551 1671 3628 dare
1692 3553 1762 3661 ipsi

339 3697 507 3785 recept03¹
525 3679 665 3756 addens
685 3680 835 3784 insuper
848 3678 955 3784 quod
972 3677 1059 3754 ideo
1079 3677 1265 3755 hahentur
1277 3709 1346 3784 pro
1360 3680 1537 3785 professis
1551 3681 1590 3756 in
1605 3680 1685 3788 ipso
1702 3711 1763 3760 or·
1856 3699 1861 3709 '

339 3811 426 3887 dine
453 3810 694 3888 incontinenti
714 3827 808 3915 ,post
834 3808 1109 3916 recepcionem,
1130 3825 1172 3884 ut
1188 3810 1330 3914 possint
1354 3810 1547 3888 intendere
1577 3829 1615 3887 et
1637 3841 1762 3892 vacare

247 3943 252 3954 '
340 3942 517 4020 exercicio
538 3969 726 4019 annorum
746 3957 871 4018 contra
890 3940 1120 4017 Sarracenos.

395 4073 453 4149 Ad
480 4099 749 4152 xxxva—xxxix
775 4069 952 4150 articulos
976 4070 1154 4148 inclusive
1186 4069 1386 4178 diligenter
1408 4071 1675 4180 interrogatus,
1705 4102 1764 4150 re-

339 4201 528 4306 spondens
544 4203 735 4280 confessus
752 4219 809 4280 est
828 4202 933 4307 quod
951 4203 1191 4307 recepciones
1212 4201 1370 4280 fratrum
1392 4203 1483 4282 dicti
1508 4203 1651 4282 ordinis
1666 4201 1764 4282 fiunt

339 4331 378 4406 in
397 4331 568 4436 capitulis
583 4333 642 4409 vel
661 4333 699 4409 in
717 4333 882 4410 ecclesiis
897 4332 1032 4410 clausis
1043 4333 1170 4439 januis
1191 4350 1228 4409 ct
1243 4335 1360 4412 nullis
1373 4335 1611 4442 presentibus
1624 4335 1696 4412 nisi
1709 4363 1764 4414 sn

340 4461 386 4540 lis
411 4460 589 4564 fratribus
616 4462 735 4571 ipsius
762 4462 925 4553 ordinis3
950 4463 1043 4582 dixit
1071 4463 1187 4540 eciam
1217 4489 1256 4540 se
1287 4464 1438 4540 credere
1468 4467 1571 4570 quod
1610 4481 1764 4572 propter

340 4591 479 4669 dictam
497 4592 756 4698 recepcionem
772 4592 887 4669 talem
900 4609 982 4669 orta
992 4609 1048 4670 est
1060 4592 1359 4698 suspiciccantm
1375 4621 1456 4685 cos,
1474 4595 1542 4672 sed
1555 4623 1633 4674 non
1641 4595 1759 4702 juste,

342 4751 428 4799 cum
459 4721 499 4798 in
521 4722 600 4828 ipsa
625 4722 843 4828 recepcione
870 4721 987 4798 nichil
1009 4723 1251 4803 inhonestum
1272 4721 1417 4802 dicatur
1439 4753 1511 4802 nec
1528 4723 1604 4802 fiat.
1630 4723 1762 4800 Cetera

342 4869 515 4930 contenta
534 4851 577 4928 in
589 4852 679 4956 ipsis
694 4851 861 4928 articulis
877 4854 1042 4960 negavit,
1064 4869 1106 4930 ut
1126 4852 1219 4954 dixit
1239 4879 1278 4930 se
1297 4881 1374 4932 aon
1394 4855 1549 4932 credere
1569 4879 1649 4930 esee
1663 4878 1759 4930 vera.

1542 4999 1592 5079 57.
