4210 5882
389 542 463 612 sos
783 519 980 612 rnooss
1006 537 1102 610 ons
1127 535 1426 610 rnnrmsss.
1482 565 1488 574 .

387 679 556 768 interlui,
580 695 618 756 et
633 679 781 785 signum
800 706 929 757 meum
948 677 1102 757 solitum
1116 706 1199 756 cum
1216 679 1330 786 signis
1348 694 1386 754 et
1400 676 1745 787 subscripcionibus
1764 683 1818 788 ip·
1900 775 1904 786 ι

386 838 513 886 sorum
532 810 763 887 notariorum
782 827 932 918 rogatus
950 808 1106 916 apposui
1126 808 1189 884 bic
1210 837 1270 885 me
1291 807 1540 886 subscribens.

443 1075 534 1148 Item
549 1073 588 1148 in
603 1073 795 1177 presencia
807 1071 969 1177 religiosi
987 1072 1054 1148 viri
1071 1069 1192 1150 Iratris
1206 1071 1399 1150 Laurencii
1420 1072 1466 1149 de
1483 1073 1659 1152 Nannetis
1675 1075 1816 1154 ordinis

384 1202 682 1291 Predicatorum,
706 1203 948 1280 commissarii
970 1203 1059 1280 dicti
1081 1202 1330 1308 inquisitoris,
1348 1220 1518 1281 nostrum
1531 1205 1765 1284 notariorum
1781 1227 1816 1286 et

384 1333 536 1410 testium
559 1333 892 1438 infrascriptorum‚
915 1362 1031 1422 anno,
1052 1333 1262 1424 indicione,
1286 1363 1432 1424 mense,
1457 1336 1518 1413 die
1538 1353 1577 1414 et
1596 1338 1813 1444 pontificatu

386 1464 577 1568 predictis,
600 1463 711 1540 frater
726 1464 929 1542 Ymbertus
949 1465 997 1540 de
1019 1465 1154 1542 Sancto
1174 1465 1277 1542 Iorio
1299 1466 1425 1552 miles,
1443 1467 1549 1542 etatis
1570 1468 1815 1575 quadraginta

384 1621 585 1684 annorum,
598 1594 747 1700 juratus
768 1595 904 1672 eodem
923 1596 1038 1672 modo
1055 1596 1102 1672 de
1116 1623 1155 1672 se
1175 1612 1213 1672 et
1229 1596 1310 1672 aliis
1325 1597 1365 1672 in
1381 1624 1489 1672 causa
1509 1596 1600 1675 [idei
1616 1598 1742 1676 dicere
1757 1628 1815 1677 ve-

383 1724 548 1810 ritatem,
577 1741 614 1800 et
637 1725 885 1831 interrogatus
906 1724 953 1802 de
972 1743 1142 1832 tempore
1166 1744 1203 1804 et
1223 1726 1339 1805 modo
1366 1753 1434 1804 sue
1452 1729 1702 1833 recepcionis,
1723 1731 1814 1808 dixit

382 1883 450 1960 per
465 1857 722 1962 juramentum
748 1885 860 1934 suum
882 1858 986 1964 quod
1009 1875 1180 1964 receptus
1201 1857 1272 1937 luit
1297 1857 1400 1965 apud
1419 1861 1559 1938 Novam
1580 1861 1716 1938 Villam
1744 1861 1813 1938 Ca-

382 1986 634 2064 tbalaunensis
649 1987 826 2080 diocesis,
843 2015 978 2066 novem
998 1990 1084 2066 anni
1106 1989 1165 2066 vel
1179 1991 1276 2067 circa
1295 2007 1399 2081 sunt,
1416 2018 1486 2097 per
1500 1989 1653 2068 fratrem
1672 1992 1811 2070 lohan-

382 2145 468 2194 nem
493 2117 669 2194 Ademari
690 2117 849 2194 militem
869 2117 958 2194 dicti
979 2119 1139 2208 ordinis,
1165 2121 1212 2197 de
1232 2135 1410 2227 precepto
1430 2118 1553 2198 fratris
1574 2123 1743 2230 Hugonis
1764 2124 1811 2202 de

382 2228 567 2335 Paraudo,
585 2249 821 2353 presentibus
844 2248 955 2326 fratre
975 2251 1156 2328 Ymberto
1178 2252 1225 2328 de
1246 2252 1418 2339 Crimen,
1437 2268 1480 2327 ut
1493 2251 1642 2332 videtur
1661 2253 1750 2344 sibi,
1775 2273 1812 2332 et

382 2379 606 2483 quibusdam
626 2377 708 2455 aliis
734 2379 780 2456 de
801 2409 965 2486 quorum
992 2380 1208 2458 nominibus
1228 2410 1305 2459 non
1325 2382 1554 2459 recordatur.
1573 2383 1676 2461 Dixit
1697 2387 1810 2462 eciam

381 2538 448 2613 per
456 2511 714 2616 juramentum
735 2538 845 2586 suum
867 2511 989 2616 quod,
1010 2529 1095 2618 post
1115 2513 1250 2589 multas
1264 2511 1531 2619 promissiones
1553 2512 1600 2590 de
1611 2516 1756 2592 statutis
1776 2534 1813 2593 et

381 2639 630 2716 observanciis
653 2639 741 2715 dicti
768 2640 911 2716 ordinis
935 2641 1174 2720 observandis
1200 2643 1313 2720 lactas
1331 2643 1377 2721 ab
1399 2669 1463 2729 eo,
1487 2659 1524 2720 et
1544 2643 1722 2722 mantello
1741 2645 1810 2722 sibi

381 2769 428 2844 ad
448 2770 587 2848 collum
601 2772 745 2877 posito,
766 2772 1093 2877 dictusrecipiens
1107 2774 1271 2851 ostendit
1288 2774 1361 2852 sibi
1378 2803 1627 2854 crucemcum
1639 2777 1811 2883 ymagine

380 2898 537 2991 Christi,
559 2918 596 2978 et
621 2903 733 3008 peciit
754 2900 801 2978 ab
827 2931 873 2980 eo
902 2920 1030 2979 utrum
1057 2903 1226 2982 crederet
1250 2906 1290 2981 in
1315 2932 1426 2993 eum,
1457 2923 1494 2984 et
1521 2907 1600 3011 ipse
1620 2906 1812 3012 respondit

380 3029 483 3134 quod
503 3031 577 3122 sic,
603 3048 640 3106 ot
658 3049 750 3108 tunc
775 3031 854 3136 ipse
879 3032 973 3109 dixit
990 3033 1093 3138 quod
1114 3033 1161 3109 de
1187 3049 1313 3110 cetero
1339 3062 1416 3111 non
1441 3035 1628 3124 crederet,
1652 3051 1690 3113 et
1708 3035 1812 3141 quod

380 3139 534 3266 spueret
549 3191 661 3268 supra
682 3189 830 3238 erucem
850 3180 887 3238 et
903 3163 1126 3270 imaginem,
1148 3164 1252 3270 quod
1270 3164 1350 3270 ipse
1370 3163 1474 3256 fecit,
1496 3182 1539 3242 ut
1554 3166 1665 3256 dixit,
1685 3183 1810 3243 tamen

380 3292 539 3370 advertit
561 3293 632 3370 sibi
658 3292 763 3400 quod
784 3319 860 3369 non
886 3310 1038 3399 spueret
1067 3323 1179 3400 supra
1211 3323 1374 3374 crucem.
1406 3297 1655 3403 Interrogatus
1680 3297 1727 3372 de
1753 3325 1811 3374 os-

381 3421 485 3508 culo,
516 3422 609 3500 dixit
633 3452 699 3530 per
713 3424 970 3530 juramentum
996 3452 1108 3502 suum
1135 3425 1239 3532 quod
1267 3425 1389 3502 dictus
1418 3427 1609 3532 recipiens
1625 3427 1808 3504 osculatus

379 3551 452 3626 fuit
467 3553 614 3644 eumin
633 3552 709 3630 [ine
729 3553 837 3660 spine
856 3554 956 3632 dorsi
976 3571 1014 3632 et
1030 3555 1072 3631 in
1089 3582 1166 3632 ore.
1186 3555 1437 3663 Interrogatus
1456 3573 1585 3634 utrum
1604 3555 1753 3634 videtur
1772 3573 1809 3634 et

380 3681 500 3758 credit
518 3685 623 3790 quod
646 3683 706 3760 alii
727 3684 792 3761 tali
814 3685 930 3763 modo
949 3685 1193 3792 recipiantur,
1218 3685 1311 3767 dixit
1330 3714 1399 3793 per
1418 3687 1676 3794 juramentum
1696 3715 1805 3764 suum

380 3814 484 3917 quod
503 3814 625 3892 credit
645 3816 748 3920 quod
768 3843 900 3894 omnes
920 3817 980 3894 alii
1001 3817 1133 3894 fratres
1152 3817 1381 3922 recipiantur
1400 3819 1537 3896 eodem
1556 3817 1685 3895 modo.

435 3946 650 4050 Requisitus
666 3963 792 4024 utrum
814 3947 863 4037 vi,
883 3947 941 4024 vel
959 3965 1064 4026 metu
1084 3949 1239 4026 carceris
1255 3977 1322 4026 seu
1338 3965 1636 4038 tormentorum,
1658 3965 1721 4024 aut
1737 3948 1807 4022 alia

380 4076 426 4152 de
448 4103 570 4164 causa,
593 4077 757 4184 aliquam
784 4075 980 4156 salsitatem
1002 4079 1137 4156 dixerit
1160 4097 1224 4156 aut
1247 4081 1494 4158 immiscuerit
1507 4081 1546 4156 in
1567 4079 1804 4187 deposicione

379 4236 460 4296 sua,
484 4225 548 4285 aut
567 4209 725 4286 tacuerit
747 4209 958 4300 veritatem,
982 4211 1075 4288 dixit
1092 4239 1161 4316 per
1175 4212 1434 4318 juramentum
1453 4241 1566 4290 suum
1583 4212 1688 4318 quod
1710 4240 1803 4298 non,

380 4365 449 4414 nec
464 4339 586 4444 aliqua
598 4339 780 4416 violencia
793 4339 863 4418 sibi
877 4338 948 4417 luit
962 4339 1074 4429 laeta,
1098 4341 1164 4418 sed
1179 4371 1312 4449 puram
1329 4343 1524 4420 veritatem
1539 4344 1692 4420 dixerat.

434 4601 528 4678 Item
550 4602 664 4678 lrater
680 4601 868 4680 Iohannes
886 4602 934 4680 de
950 4602 1120 4682 Anisiaco
1142 4620 1340 4712 preceptor
1358 4604 1405 4681 de
1418 4605 1565 4694 Veleia,
1589 4605 1697 4682 etatis
1715 4633 1805 4710 qua·

380 4732 546 4840 draginta
566 4732 735 4840 quinque
755 4761 956 4824 annorum,
973 4733 1121 4840 juratus
1155 4734 1293 4813 eodem
1318 4734 1432 4814 modo
1463 4735 1509 4812 de
1535 4763 1574 4813 se
1598 4751 1636 4812 et
1662 4734 1742 4812 aliis
1768 4735 1806 4810 in
1881 4825 1885 4831 ¹

379 4891 488 4940 causa
512 4863 600 4941 fidei
630 4865 753 4941 dicere
780 4865 995 4958 veritatem,
1024 4882 1060 4943 et
1084 4867 1332 4972 interrogatus
1357 4868 1405 4944 de
1430 4885 1602 4972 tempore
1631 4885 1669 4944 et
1694 4864 1806 4945 modo
