4210 5882
376 555 449 630 aar
768 535 965 628 rnocas
993 555 1088 626 nas
1115 553 1416 626 renarrans

429 699 682 776 Predictarum
704 698 817 802 igitur
833 697 1042 774 litterarum
1054 694 1344 800 apostolicarum
1366 711 1403 771 et
1423 693 1663 771 articulorum
1685 695 1798 772 dicto·

372 861 455 908 rum
472 832 586 908 series
602 831 649 907 ad
661 830 771 906 vestri
783 829 1009 935 presenciam
1022 845 1153 905 tenore
1169 827 1404 934 presencium
1418 826 1682 934 perducentes,
1695 828 1799 904 vobis

371 963 591 1040 mandamus
615 963 791 1068 quatinus
810 978 983 1038 contenta
1005 961 1044 1035 in
1064 959 1207 1036 eisdem
1232 958 1365 1036 litteris
1386 956 1598 1064 apostolicis
1618 975 1798 1064 quantum

371 1095 503 1171 advos
523 1093 686 1199 pertinet
705 1093 762 1168 in.
784 1153 791 1168 .
812 1153 819 1168 .
849 1091 1083 1198 compleatis;
1106 1119 1236 1167 aenos
1257 1091 1304 1167 de
1324 1091 1544 1195 reccpcione
1564 1090 1797 1195 presencium

371 1243 408 1300 et
428 1224 476 1302 de
495 1228 663 1330 tempore
693 1224 925 1329 recepcionis
954 1249 1082 1300 earum
1115 1223 1332 1300 testimonio
1359 1239 1565 1298 vestrarum
1591 1219 1798 1298 litterarum

370 1356 600 1459 potencium.
622 1416 629 1430 .
650 1415 657 1430 .
687 1345 925 1461 publicorum
943 1354 1277 1430 instrumentorum
1297 1379 1365 1457 per
1383 1351 1542 1428 latorem
1561 1353 1798 1456 presencium

370 1485 571 1562 certificare
592 1484 747 1574 curetis;
768 1485 807 1560 in
827 1511 990 1590 quorum
1009 1483 1180 1561 omnium
1201 1481 1367 1588 sigillum
1392 1499 1562 1558 nostrum
1583 1498 1622 1558 et
1640 1483 1796 1561 subscri·

369 1618 536 1720 ptionem
556 1616 689 1691 notarii
707 1613 849 1720 publici
870 1613 1093 1720 infrascripti
1106 1612 1239 1690 litteris
1252 1613 1489 1719 presentibus
1502 1611 1677 1691 duximus
1690 1641 1798 1720 appo·

369 1748 549 1823 nendum.
565 1747 654 1822 Acta
669 1745 820 1822 luerunt
838 1744 910 1821 bec
924 1745 1101 1831 Parisios,
1119 1745 1157 1820 in
1176 1744 1290 1821 domo
1307 1761 1446 1833 nostra,
1464 1771 1560 1820 anno
1571 1771 1592 1818 a
1604 1745 1796 1821 Nativitate

368 1877 523 1952 Domini
538 1891 578 1952 ιιο
590 1891 671 1953 ccc⁰
684 1853 803 1964 nono,
826 1903 865 1952 ιιι
885 1901 1002 1953 nonas
1016 1876 1121 1962 maii,
1143 1875 1349 1952 indictione
1364 1873 1537 1980 septima,
1561 1873 1796 1980 pontificatus

368 2005 499 2111 prefati
520 2007 737 2084 sanctissimi
762 2007 876 2110 patris
900 2005 1044 2082 domini
1065 2005 1269 2082 Clementis
1296 2003 1418 2080 divina
1444 2003 1682 2109 providencia
1704 2033 1795 2112 pape

368 2133 491 2242 quinti
512 2155 776 2242 anno-quart03
801 2135 1038 2241 presentibus
1062 2135 1266 2212 venerabili
1291 2135 1457 2213 Fulcone
1481 2135 1598 2212 Balati
1618 2137 1795 2212 canonico

368 2268 681 2356 Claromontensi,
702 2285 739 2344 et
759 2267 927 2344 discretis
945 2268 1028 2342 viris
1045 2266 1208 2343 dominis
1223 2267 1262 2342 P.
1285 2266 1332 2341 de
1350 2266 1545 2344 Chadaleu
1563 2267 1610 2342 de
1627 2267 1789 2370 Opiane,

368 2428 410 2474 ac
429 2400 536 2475 Petro
552 2400 724 2504 Bongiaoi
736 2399 794 2474 de
809 2397 941 2474 Vesola
962 2397 1212 2474 Narbonensis
1227 2396 1401 2485 diocesis,
1422 2395 1662 2472 ecclesiarum
1677 2415 1796 2474 recto·

367 2531 486 2617 ribus,
508 2529 668 2606 testibus
686 2529 734 2605 ad
756 2528 932 2634 premissa
952 2527 1090 2604 vocatis
1110 2525 1319 2632 specialiter
1339 2543 1376 2602 et
1392 2504 1542 2631 rogatis.

424 2661 470 2735 Et
490 2687 559 2764 ego
574 2658 802 2736 Guillelmus
823 2654 1009 2760 Radulphi
1031 2656 1079 2732 de
1102 2657 1237 2733 Sancto
1257 2655 1369 2732 Floro
1392 2655 1793 2734 Claromontensisdio-

367 2791 461 2894 cesis
482 2791 652 2881 clericus,
675 2805 903 2865 sacrosancte
922 2789 1090 2863 Romane
1111 2786 1274 2862 Ecclesie
1294 2785 1470 2891 publicus
1489 2787 1708 2864 anctoritate
1726 2815 1793 2864 no-

367 2920 505 3008 tarius,
526 2921 592 3024 qui
609 2919 750 2994 litteras
770 2915 990 3021 apostolicas
1010 2934 1048 2992 et
1064 2914 1238 2992 articulos
1261 2915 1493 3020 supradictos
1515 2917 1606 3005 vidi,
1631 2919 1735 2993 tenui
1755 2934 1792 2994 et
1840 2925 1842 2932 '

367 3048 526 3154 palpavi,
544 3048 681 3124 nnllam
698 3050 735 3124 in
751 3075 790 3124 se
811 3048 1079 3152 suspicionem,
1096 3065 1140 3123 ut
1157 3046 1399 3152 premittitur,
1420 3047 1667 3137 continentes,
1683 3064 1792 3122 teno-

369 3209 447 3255 rem
460 3209 591 3256 eorum
605 3179 668 3255 hic
680 3180 727 3255 de
747 3177 861 3255 verbo
877 3178 924 3254 ad
942 3179 1097 3256 verbum
1117 3176 1278 3254 fideliter
1296 3177 1366 3254 feci
1387 3176 1516 3265 scribi,
1537 3207 1578 3256 ac
1597 3179 1645 3254 de
1664 3179 1792 3285 hujus-

367 3311 471 3386 modi
492 3327 643 3415 sumpto
664 3308 834 3415 exemplo
854 3309 1059 3386 litterarum
1089 3325 1128 3385 et
1149 3308 1390 3385 articulorum
1411 3307 1683 3415 predictorum,
1707 3337 1790 3384 cum

367 3443 456 3545 ipsis
472 3441 714 3548 originalibus
724 3439 855 3517 litteris
866 3456 904 3516 et
917 3439 1080 3518 articulis
1091 3439 1310 3548 diligentem
1326 3467 1368 3516 ac
1381 3437 1533 3515 fidelem
1548 3439 1790 3524 collacionem

366 3571 452 3661 feci3
476 3587 512 3646 et
536 3572 623 3677 quia
649 3570 744 3646 illud
765 3599 849 3646 cum
871 3571 1040 3676 originali
1063 3569 1305 3656 concordare,
1328 3568 1382 3643 nil
1402 3567 1530 3646 addito
1551 3569 1606 3644 vel
1624 3569 1788 3645 detracto

366 3702 470 3807 quod
481 3703 706 3778 sentenciam
717 3717 876 3778 mutaret
889 3699 946 3776 vel
957 3701 1202 3790 intellectum,
1219 3699 1354 3787 inveni,
1366 3727 1426 3775 me
1438 3700 1562 3775 eidem
1577 3698 1787 3804 subscripsi,

367 3851 404 3908 et
418 3833 565 3937 signum
582 3859 708 3908 meum
725 3833 877 3938 apposui
894 3849 1133 3920 consuetum,
1156 3859 1229 3906 una
1250 3858 1337 3906 cum
1356 3830 1480 3936 sigillo
1495 3828 1627 3935 prelati
1646 3830 1787 3908 domini

367 3963 632 4069 archiepiscopi
647 3963 911 4050 Narbonensis,
924 3979 961 4038 et
975 3963 1022 4038 ad
1037 3980 1248 4068 requestam
1265 3963 1382 4066 ipsius
1398 3960 1531 4037 adhoc
1546 3977 1695 4038 vocatus
1705 3989 1787 4066 spe·

367 4093 507 4170 cialiter
525 4112 562 4169 et
578 4109 739 4198 rogatus.
763 4093 820 4195 (L.
841 4093 894 4194 S.)

423 4355 563 4430 Verum
582 4382 667 4429 cum
689 4354 901 4431 execucioni
922 4372 1186 4432 contentorum
1203 4355 1242 4430 in
1264 4355 1356 4460 ipsis
1374 4352 1508 4432 litteris
1529 4383 1648 4459 usqne
1674 4381 1785 4440 nunc,

366 4483 582 4561 infirmitate
603 4485 720 4562 nostri
737 4485 902 4592 corporis
920 4484 1123 4589 prepediti,
1147 4485 1344 4561 intendere
1365 4485 1646 4590 nequiverimus
1666 4502 1708 4560 ut
1726 4484 1787 4558 de-

366 4615 487 4704 cebat,
515 4645 614 4693 nunc
634 4645 720 4692 vero
741 4617 896 4692 sanitate
919 4633 1124 4721 resumpta,
1148 4613 1235 4692 licet
1257 4643 1333 4692 non
1359 4615 1483 4722 plena,
1507 4614 1689 4704 volentes,
1710 4631 1789 4689 tan-

364 4777 476 4855 quam
499 4747 566 4824 filii
588 4745 823 4836 obediencie,
846 4763 1020 4824 contenta
1035 4747 1072 4821 in
1094 4747 1147 4822 eis
1168 4743 1382 4823 execucioni
1401 4745 1526 4822 debite
1548 4743 1785 4832 demandare,

365 4880 628 4985 assignavimus
652 4878 753 4954 diem
773 4877 948 4954 mercurii
971 4876 1176 4982 proximam
1197 4905 1269 4982 qua
1291 4877 1436 4954 dicetur
1465 4903 1524 4954 ιιι
1544 4875 1717 4954 kalendas
1736 4873 1754 4950 l
1772 4921 1788 4934 ·
