4320 5898
372 503 393 569 2
761 476 960 570 enocts
986 494 1082 568 nas
1109 495 1412 572 rnueovnns.

372 639 513 716 librum
527 653 716 744 apertum,
735 636 869 744 inquo
891 653 969 714 erat
988 665 1123 744 ymago
1143 637 1338 730 Crucifixi‚
1361 637 1556 744 quodnon
1570 655 1649 717 erat
1661 639 1804 717 servilis

372 769 617 860 condicionis,
631 767 768 847 debitis
776 769 882 877 quod
890 757 1036 846 solvere
1046 797 1122 845 non
1130 788 1259 876 posset
1269 798 1339 848 nec
1350 770 1593 848 matrimonio
1602 771 1803 880 obligatus,

371 901 460 978 lecit
471 930 560 978 eum
571 927 703 978 vovere
719 917 759 977 et
766 900 897 1012 jurare
913 887 1133 992 castitatem,
1150 900 1425 991 obedienciam,
1443 918 1481 979 et
1492 901 1615 980 vivere
1632 903 1712 979 sine
1724 931 1807 1010 pro-

372 1029 472 1143 prio,
495 1061 642 1112 servare
660 1032 783 1110 bonos
806 1060 900 1110 usus
925 1049 963 1112 et
987 1031 1282 1112 consuetudines
1306 1032 1469 1124 ordinis;
1497 1051 1535 1113 et
1558 1036 1806 1141 postmodum

374 1164 557 1272 imposuit
576 1164 646 1242 sibi
660 1163 888 1243 mantellum
909 1164 948 1241 in
961 1164 1116 1243 nomine
1129 1165 1247 1242 Patris
1267 1182 1305 1243 et
1322 1165 1408 1242 Filii
1430 1182 1468 1243 et
1483 1165 1646 1273 Spiritus
1660 1165 1804 1257 Sancti,
1831 1233 1833 1240 ,

374 1297 423 1373 ad
442 1298 629 1375 honorem
649 1294 720 1372 Dei
743 1313 780 1373 et
798 1295 907 1374 beate
923 1294 1040 1373 Marie
1061 1312 1099 1372 et
1119 1295 1293 1372 omnium
1309 1313 1542 1388 sanctorum,
1564 1314 1602 1374 et
1616 1296 1807 1376 associavit

375 1457 481 1521 eum,
502 1441 647 1535 patrem
667 1443 704 1504 et
720 1444 879 1504 matrem
897 1455 986 1504 suos
997 1425 1279 1534 participacioni
1293 1426 1487 1506 bonorum
1502 1427 1647 1504 ordinis
1659 1455 1808 1536 presen-

375 1561 474 1638 cium
493 1576 530 1638 et
549 1559 778 1650 futurorum,
796 1575 835 1636 et
850 1557 937 1637 fecit
948 1588 1036 1635 eum
1052 1558 1212 1636 osculari
1232 1544 1368 1636 dictam
1383 1559 1598 1668 ymaginem
1611 1559 1805 1649 Crucifixi,

375 1710 413 1771 et
426 1691 674 1800 postmodum
692 1708 892 1798 preceptor
909 1706 948 1768 et
965 1707 1125 1769 astantes
1142 1690 1302 1768 osculati
1321 1689 1478 1768 luerunt
1494 1720 1583 1810 eum
1603 1691 1644 1767 in
1665 1719 1748 1782 ore3
1771 1708 1809 1769 et

375 1824 498 1901 dictus
512 1839 685 1930 receptor
704 1823 880 1900 instruxit
895 1849 983 1898 eum
999 1836 1094 1927 quot
1105 1824 1217 1899 Pater
1231 1837 1347 1901 noster
1360 1821 1503 1899 diceret
1513 1851 1584 1928 pro
1598 1822 1703 1900 horis
1713 1824 1805 1910 suis,

376 1973 413 2034 et
422 1954 584 2062 qualiter
594 1969 742 2061 regeret
753 1982 792 2032 se
806 1951 846 2030 in
857 1953 1004 2030 ordine.
1015 1955 1102 2048 Quo
1112 1952 1221 2042 lacto,
1238 1953 1332 2032 dixit
1346 1953 1380 2030 ei
1392 1953 1549 2043 ibidem,
1566 1954 1606 2031 in
1616 1955 1810 2059 presencia

375 2087 547 2176 aliorum,
558 2085 663 2193 quod
677 2084 881 2195 abnegaret
891 2085 1035 2178 Deum,
1053 2101 1280 2163 cumautem
1294 2085 1375 2192 ipse
1392 2085 1498 2164 testis
1514 2084 1743 2192 stupefactus
1754 2086 1809 2164 di-

301 2209 307 2220 *
375 2236 476 2296 ceret
488 2216 595 2324 quod
610 2244 688 2294 non
708 2215 910 2324 abnegaret
924 2233 1132 2294 creatorem
1148 2245 1274 2304 suum,
1298 2215 1493 2324 subjunxit
1513 2217 1616 2296 idem
1636 2236 1809 2325 receptor

335 2347 337 2351 ’
376 2350 482 2458 quod
508 2349 582 2427 hoc
600 2346 801 2457 oportebat
812 2359 904 2426 'eum
919 2346 1053 2438 facere,
1073 2347 1163 2454 quia
1179 2364 1259 2424 erat
1275 2349 1323 2424 de
1339 2348 1490 2455 punctis
1505 2349 1650 2428 ordinis
1671 2369 1708 2428 et
1722 2351 1811 2456 quia
1832 2453 1837 2464 Ι

377 2481 440 2558 alii
460 2479 658 2572 iaciebant,
681 2495 720 2556 et
737 2495 830 2556 tunc
849 2479 929 2584 ipse
949 2478 1055 2555 testis
1070 2477 1267 2586 abnegavit
1281 2478 1425 2569 Deum,
1445 2508 1510 2558 ore
1526 2509 1605 2557 non
1619 2480 1752 2571 corde,
1769 2498 1812 2558 ut

378 2614 482 2692 dixit.
508 2614 641 2690 Postea
667 2609 837 2718 precepit
861 2609 895 2686 ei
921 2609 1024 2716 quod
1050 2627 1203 2715 spueret
1222 2639 1335 2717 super
1356 2610 1561 2717 quamdam
1588 2640 1740 2692 crucem
1764 2613 1812 2689 li-

377 2771 512 2856 gneam
526 2761 705 2836 veterem,
722 2742 762 2820 in
778 2770 852 2850 qua
868 2741 975 2826 nulla
989 2741 1192 2848 apparebat
1207 2771 1341 2850 ymago
1354 2742 1544 2836 crocitat,
1557 2743 1664 2850 juxta
1681 2744 1811 2822 sedem

379 2876 469 2954 dicti
489 2874 694 2982 receptoria
719 2873 958 2968 collocatam,
981 2874 1100 2951 nescit
1117 2902 1192 2988 per
1211 2903 1325 2980 quem
1353 2874 1521 2968 allatam,
1552 2875 1682 2954 dicens
1707 2875 1813 2984 quod

378 3011 453 3086 hoc
473 3024 570 3086 esset
591 3007 640 3084 de
655 3006 766 3086 dictis
780 3005 932 3113 punctis
947 3004 1103 3096 ordinis,
1125 3022 1163 3082 et
1178 3006 1259 3111 ipse
1274 3007 1380 3084 testis
1396 3007 1497 3113 spuit
1516 3036 1594 3086 non
1614 3037 1727 3114 supra
1745 3007 1814 3085 sed

375 3141 481 3247 juxta
502 3168 596 3218 eam.
617 3140 707 3216 Post
726 3167 801 3246 que
824 3136 920 3214 dixit
947 3136 1073 3214 eidem
1094 3136 1199 3244 quod
1221 3138 1432 3215 secundum
1461 3138 1559 3216 dicta
1583 3155 1723 3245 puncta
1746 3138 1813 3217 de-

379 3270 494 3350 bebat
510 3298 599 3348 eum
617 3267 778 3346 osculari
796 3267 837 3346 in
850 3296 934 3358 ano,
951 3285 990 3344 et
1003 3266 1171 3374 precepit
1186 3267 1358 3374 quodibi
1372 3267 1607 3346 oscularetur
1623 3297 1728 3359 eum,
1746 3268 1814 3347 sed

381 3401 566 3482 avunculo
597 3400 715 3507 ipsius
740 3397 847 3478 testis
875 3398 980 3476 flexis
1009 3398 1169 3506 genibus
1200 3399 1377 3488 instante,
1404 3400 1549 3478 remisit
1580 3400 1616 3478 ei
1640 3399 1813 3478 osculum

381 3511 647 3626 memoratum.
678 3533 962 3639 Subsequenter
987 3530 1081 3608 dixit
1112 3530 1145 3608 ei
1172 3531 1277 3638 quod
1307 3533 1519 3610 secundum
1549 3533 1648 3610 dicta
1675 3549 1814 3639 puncta

381 3681 529 3774 poterat
557 3664 639 3744 aliis
667 3663 845 3742 fratribus
872 3661 1070 3740 carnaliter
1096 3663 1349 3754 commisceri,
1377 3679 1415 3738 et
1437 3663 1508 3770 ipsi
1537 3693 1624 3740 cum
1648 3691 1711 3754 eo,
1743 3663 1815 3740 hoc

382 3817 508 3879 tamen
525 3825 603 3876 non
617 3795 717 3888 lecit,
733 3824 805 3874 nec
820 3795 941 3873 credit
955 3795 1062 3902 quod
1077 3796 1118 3872 in
1138 3793 1272 3872 ordine
1290 3795 1410 3882 fieret,
1427 3823 1498 3872 nec
1517 3795 1623 3901 quod
1635 3795 1675 3870 in
1687 3822 1816 3902 recep·

384 3928 558 4006 cionibus
572 3926 736 4004 aliorum
750 3926 909 4006 fratrum
927 3925 1198 4003 intervenirent
1211 3924 1283 4004 alia
1299 3923 1441 4016 illicita,
1458 3925 1526 4002 sed
1538 3926 1607 4004 ista
1622 3926 1812 4004 duntaxat.

386 4059 517 4141 Credit
537 4058 643 4165 quod
662 4086 796 4137 eorum
818 4057 1030 4136 sacerdotes
1057 4057 1185 4139 debite
1210 4057 1455 4150 celebrarent,
1479 4076 1517 4136 et
1537 4059 1644 4165 quod
1662 4058 1725 4136 alii
1743 4057 1817 4134 fra-

385 4210 462 4272 tres
485 4191 684 4270 crederent
704 4167 962 4270 ecclesiasticis
989 4192 1239 4282 sacramentis,
1262 4191 1404 4298 quibus
1423 4192 1501 4299 ipse
1522 4191 1711 4270 credebat.
1735 4192 1818 4270 Sta-

386 4325 456 4402 tim
484 4351 554 4430 pro
583 4321 760 4429 professis
786 4321 1035 4402 habebantur.
1068 4323 1311 4414 Clandestine
1336 4323 1634 4429 recipiebantur,
1667 4353 1709 4400 ex
1739 4351 1817 4429 quo

386 4453 508 4535 credit
527 4453 633 4561 quod
654 4471 751 4532 esset
769 4453 932 4560 suspicio
961 4471 1087 4532 contra
1109 4485 1185 4536 eos.
1207 4455 1508 4534 Dellendebatur
1531 4456 1583 4532 eis
1611 4455 1691 4533 sine
1713 4455 1818 4562 jura-

387 4603 516 4668 mento
533 4585 640 4693 quod
660 4615 738 4664 non
754 4585 964 4664 revelarent
976 4604 1117 4666 secreta
1135 4587 1400 4696 capitulorum,
1416 4587 1485 4665 sed
1498 4587 1545 4666 de
1562 4587 1678 4664 modo
1694 4614 1819 4692 recep-

387 4849 495 4959 quod
511 4877 589 4928 non
608 4848 853 4929 confiteretur
872 4849 944 4930 nisi
961 4851 1220 4932 sacerdotibus
1239 4851 1399 4940 ordinis,
1421 4868 1462 4929 et
1480 4849 1553 4929 suit
1571 4851 1617 4928 de
1639 4848 1820 4958 predictis
