4320 5898
439 529 503 604 n
844 505 1039 598 esoces
1063 523 1158 596 oss
1182 521 1482 596 renuimus.

450 655 693 776 acquirerent
716 665 864 757 ordini,
888 664 955 770 qui
978 679 1157 744 servasset
1175 689 1250 770 que
1276 663 1453 771 magister
1474 689 1563 740 cum
1589 679 1873 748 convertunt&

451 802 596 882 ruisset.
624 801 732 882 Nunc
760 795 914 905 pendia
945 791 1134 882 scandale,
1170 794 1334 900 suspicio
1366 811 1404 874 et
1438 792 1590 876 intumi·
1626 810 1716 877 sunt
1747 812 1872 879 suoru

451 949 605 1037 propter
625 929 796 1036 predicte
816 943 944 1013 contre
964 924 1153 1014 ordinem,
1177 924 1283 1032 cujus
1297 924 1477 1004 frutribus
1493 923 1615 1002 credit
1628 925 1873 1032 quodesseut

452 1079 541 1140 note
564 1061 769 1144 consessatn
792 1086 861 1165 per
883 1084 983 1134 eum.
1008 1055 1160 1135 Audivit
1186 1055 1261 1138 dici
1284 1083 1465 1166 magnum
1484 1053 1704 1162 Magistrum
1724 1073 1762 1132 et
1781 1057 1873 1139 alios
1919 1057 1923 1066 ’

452 1191 577 1298 alique
596 1189 784 1268 confessos
812 1185 925 1268 fuisse
954 1203 1088 1269 contra,
1112 1185 1303 1278 ordinem,
1330 1185 1377 1264 ad
1402 1187 1519 1295 cujus.
1534 1185 1820 1269 deffensionem.
1834 1216 1872 1266 se

453 1320 643 1402 obtulerat
657 1335 810 1426 proptor
825 1317 906 1424 ejus
926 1314 1256 1408 indiscrecionem,
1275 1332 1318 1397 ut
1336 1316 1439 1396 dixit.

507 1450 720 1559 Requisitus
734 1449 765 1526 si
779 1448 832 1528 sic
846 1447 1072 1552 deposuerat
1083 1475 1209 1553 prece.
1227 1464 1424 1554 precepto.
1438 1449 1595 1537 timore,
1613 1475 1762 1538 amore,
1781 1448 1871 1527 odio

452 1582 510 1660 sel
524 1579 723 1687 temporati
738 1577 901 1662 comodo
922 1577 1052 1660 habito
1069 1577 1128 1658 vel
1142 1577 1337 1670 habendo,
1354 1578 1552 1686 respondit
1569 1579 1674 1686 quod
1691 1606 1785 1669 non,
1807 1578 1875 1660 sed

448 1739 518 1818 pro
539 1711 690 1794 veritate
717 1709 893 1794 dicendas
920 1708 983 1788 cui
1008 1705 1080 1788 tuit
1107 1707 1319 1814 injunctum
1345 1709 1451 1815 qnod
1471 1737 1548 1788 non
1570 1708 1752 1790 revelaret
1771 1710 1869 1790 hene

453 1869 561 1924 suern
576 1839 873 1946 depositionem..
890 1865 1093 1944 quousque
1108 1839 1367 1920 attestnciones
1380 1837 1740 1946 suerintpuhlicater
1757 1837 1876 1920 etfuit

453 1985 679 2077 protestatus
699 1971 738 2046 in
759 1969 942 2074 principio
961 1968 1213 2073 deposicionis
1230 1997 1298 2049 sue
1317 1970 1423 2075 quod
1439 1997 1518 2049 non
1537 1968 1759 2050 intendebat
1772 1996 1875 2050 rece·

454 2101 543 2181 dere
564 2128 583 2178 u
605 2099 845 2208 deposicione
873 2096 963 2180 alies
986 2097 1080 2182 tacta
1098 2127 1166 2204 per
1185 2125 1415 2180 eum-corum
1433 2099 1534 2184 dieto
1556 2101 1713 2180 domino
1732 2099 1876 2180 archie-

452 2228 808 2336 piscopoRomensi.
827 2227 947 2335 Hujus
960 2245 1086 2307 autern
1101 2228 1208 2314 testis
1221 2230 1493 2312 emminucioni
1508 2230 1689 2312 dominus
1703 2231 1876 2312 Mausos

452 2388 530 2446 uon
546 2357 735 2447 interfuit,
755 2375 853 2439 certe
879 2357 927 2434 de
948 2385 1058 2439 cause
1079 2375 1291 2448 excusatus,
1312 2387 1383 2438 nec
1406 2360 1529 2440 dictus
1554 2360 1733 2442 dominus
1759 2360 1877 2438 urchi·

455 2490 635 2574 dieconns
659 2488 908 2570 Tridentinus
932 2489 1199 2566 examinacioni
1228 2489 1360 2595 primi3
1384 2491 1534 2570 etideo
1559 2489 1630 2570 suit
1655 2507 1876 2597 preceptum

453 2647 522 2725 per
531 2619 653 2700 dictos
668 2617 845 2696 dominos
857 2618 1139 2699 commissarios
1149 2618 1256 2726 quod
1268 2619 1308 2698 in
1321 2620 1524 2704 crastinum
1541 2620 1666 2702 dicms
1678 2619 1877 2726 Philippus

454 2751 600 2854 primns
619 2750 723 2828 testis
742 2747 884 2831 rediret
906 2747 955 2825 ad
974 2749 1208 2853 presenciam
1232 2775 1385 2842 eorum,
1411 2767 1450 2828 et
1473 2750 1579 2858 quod
1598 2751 1638 2827 in
1664 2750 1776 2832 omni·
1793 2777 1877 2856 pre·

454 2880 583 2964 sencio
597 2878 817 2986 religeretur
841 2877 1130 2983 deposiciosuu.

510 3011 598 3092 Actu
626 3009 780 3096 suerunt
811 3008 881 3086 hec
917 3007 978 3086 die
1008 3023 1047 3087 ot
1075 3007 1159 3089 loco
1192 3010 1385 3113 predictis,
1420 3010 1662 3116 presentibus
1696 3009 1871 3118 magistro

454 3139 617 3228 Amisio„
636 3169 698 3220 me
711 3139 964 3226 Ftoriernonte
977 3137 1193 3228 Dondedei,
1212 3155 1249 3216 et
1264 3138 1346 3224 eliis
1359 3139 1641 3245 notariissuprn
1657 3140 1794 3224 ultimo
1810 3167 1877 3224 noe

455 3286 616 3358 mulssim

511 3532 599 3615 Post
613 3530 700 3616 hec.
718 3529 963 3618 deveneris,
980 3557 1055 3636 que
1072 3529 1143 3606 tuit
1161 3553 1266 3608 suun
1278 3529 1360 3614 dies
1376 3530 1467 3608 dicti
1482 3531 1623 3612 mensis
1638 3529 1788 3620 Marcii,
1805 3529 1877 3614 suit

455 3660 646 3748 adductus
656 3659 704 3738 ud
723 3661 959 3766 presenciam,
975 3659 1164 3746 dictorum
1183 3658 1429 3739 dominorum
1443 3659 1674 3741 Mimutensis
1686 3677 1726 3740 et
1744 3663 1878 3743 Lemo·

452 3791 887 3896 vicensisepiseopornm
905 3805 944 3868 et
960 3790 1211 3876 archidiaconi
1224 3788 1456 3880 Tridentini,
1478 3789 1561 3868 eliis
1581 3789 1751 3900 legitimo
1763 3819 1874 3872 exou-

455 3919 919 4024 sntis‚,in-donto‚predicte
932 3917 1090 3999 fratrum
1102 3919 1313 4014 Mincium,
1326 3919 1440 4005 irater
1452 3920 1640 4000 Robertus
1652 3921 1877 4006 dcttcinhe-

454 4051 527 4138 vri,
542 4050 636 4134 eiius
650 4050 772 4136 dictus
786 4049 1014 4156 prepositus.
1032 4051 1195 4130 serviens
1211 4051 1435 4134 Moriusnsis
1450 4051 1627 4135 diocesis.
1644 4052 1750 4129 testis
1768 4079 1878 4158 supm

452 4183 617 4290 jtttttnt,
639 4197 688 4258 ut·
702 4179 909 4290 deponeret
930 4178 1074 4268 dictum
1098 4209 1227 4270 suurn„
1249 4181 1494 4289 quadriginte
1509 4197 1673 4288 quotuor
1691 4209 1877 4266 annorum

457 4311 648 4401 vetcirue.
671 4338 748 4396 non
770 4309 965 4398 defferens.
978 4310 1200 4396 mantellum
1221 4312 1383 4401 ordinis,
1404 4313 1493 4420 quie
1516 4311 1726 4398 voluntarie
1754 4313 1877 4419 ipsum

458 4442 655 4532 dimiserat
677 4457 856 4526 vetustate
883 4459 1165 4548 consumptum,
1188 4458 1227 4522 et
1244 4443 1323 4522 redi
1346 4441 1484 4530 fecerat
1507 4443 1578 4521 sihi
1599 4442 1773 4532 barbem3
1793 4443 1875 4550 qui.

457 4573 928 4682 protestecioneprcmisse
939 4573 1043 4682 quod
1058 4601 1136 4653 non
1150 4573 1315 4660 intendit
1329 4573 1506 4659 recedere
1522 4573 1800 4681 edeposiciono
1816 4599 1880 4681 per

456 4703 841 4813 insusurrantem
861 4702 1019 4794 domiuo
1038 4704 1316 4812 archiepiscopo
1336 4705 1527 4798 tenensi,
1548 4733 1752 4813 perquem
1772 4703 1880 4788 ebw-

457 4835 562 4920 tuus
574 4852 614 4914 et
626 4833 892 4918 reconciliatus
906 4833 1027 4916 fueret
1048 4837 1086 4912 in
1108 4835 1269 4920 conuitio
1286 4836 1477 4924 tenensi,
1498 4837 1605 4914 tectis
1624 4853 1662 4914 et
1681 4835 1880 4942 diligenter
