4320 5898
392 431 439 502 sa
775 399 971 492 enoots
998 417 1092 492 nas
1119 415 1423 488 xnnrmsns

388 569 506 655 eines,
528 583 623 642 teste
644 590 756 666 supra
771 563 898 670 jurato
920 560 987 637 sed
1011 559 1183 636 nondum
1210 558 1437 648 examinato,
1460 575 1498 636 et
1517 556 1638 634 Adam
1657 572 1745 632 nato
1767 555 1814 632 de

389 698 569 776 comitatu
597 692 742 772 Pontivi
773 693 974 780 serviente,
1001 692 1109 799 eujus
1135 717 1345 798 cognomen
1368 690 1533 798 ignorat,
1555 716 1671 794 quem
1696 685 1816 764 credit

387 828 526 916 vivere,
557 827 596 902 in
621 826 723 903 hunc
747 824 939 902 modum:
970 852 1057 900 nam
1084 821 1210 928 petitis
1234 849 1329 928 panc
1362 837 1400 898 et
1428 848 1541 927 aqua,
1571 818 1748 896 societate
1777 832 1819 892 et·

389 985 552 1065 paupere
579 957 714 1034 vestitu
743 956 904 1042 ordinis,
934 972 972 1031 et
995 954 1067 1035 sibi
1093 953 1294 1044 concessis,
1321 951 1409 1029 lecit
1429 979 1517 1030 eum
1542 977 1675 1028 vovere
1700 965 1738 1026 et
1751 947 1817 1057 ju-

390 1117 470 1166 rare
501 1115 611 1194 super
645 1087 852 1194 quemdam
877 1085 1018 1166 librum
1056 1086 1278 1174 castitatem,
1310 1082 1589 1172 obedienciam,
1628 1099 1666 1158 et
1694 1080 1814 1157 vivere

390 1220 470 1296 sine
490 1219 666 1325 propri03
688 1236 725 1296 et
744 1217 921 1324 imposito
938 1217 1009 1296 sibi
1029 1216 1227 1306 mantello,
1245 1233 1417 1322 receptor
1432 1231 1471 1292 et
1485 1229 1647 1292 astantes
1662 1209 1817 1290 luerunt

392 1379 480 1428 eum
501 1349 656 1426 osculati
679 1348 717 1423 in
738 1377 816 1426 ore.
847 1350 895 1426 Et
915 1375 960 1425 eo
979 1347 1163 1428 instructo
1184 1363 1278 1454 quot
1301 1348 1414 1426 Peter
1435 1362 1551 1424 noster
1578 1344 1720 1422 diceret
1747 1373 1815 1452 pro

391 1481 494 1560 horis
513 1481 605 1580 spis,
625 1497 662 1556 et
686 1479 847 1585 qualiter
866 1497 1014 1583 regeret
1034 1507 1073 1556 se
1094 1480 1132 1555 in
1153 1478 1303 1565 ordine,
1326 1495 1364 1554 et
1378 1476 1569 1584 aliquibus
1591 1476 1739 1556 casibus
1757 1503 1817 1553 ex-

392 1612 522 1717 positis
549 1627 703 1718 propter
722 1637 819 1715 quos
844 1626 991 1716 poterat
1014 1609 1205 1689 incurrere
1233 1608 1393 1687 diversas
1412 1636 1546 1714 penas,
1568 1627 1606 1688 et
1633 1609 1734 1686 dicto
1761 1609 1816 1687 eis

391 1741 495 1848 qnod
516 1743 564 1820 de
585 1741 667 1820 aliis
689 1739 835 1818 casibus
856 1738 1122 1818 informaretur
1141 1767 1210 1844 per
1229 1738 1402 1844 antiquos
1421 1738 1630 1846 religionis,
1652 1740 1818 1845 precepit

393 1873 424 1948 ei
442 1873 548 1978 quod
563 1872 767 1978 abnegaret
781 1871 801 1944 J
805 1871 939 1950 besum
951 1869 1145 1951 Christum
1160 1903 1169 1960 t
1192 1886 1230 1947 et
1249 1897 1337 1948 curn
1357 1871 1436 1976 ipse
1450 1871 1557 1948 testis
1572 1870 1818 1976 responderet

392 2031 430 2080 se
456 2003 528 2082 hoc
550 2003 656 2082 nullo
677 1999 1015 2090 modolacturum,
1039 2000 1131 2081 dixit
1156 2002 1189 2077 ei
1212 2001 1319 2108 quod
1337 2002 1412 2080 hoc
1432 2001 1632 2108 oportebat
1651 2029 1740 2078 eum
1765 2000 1784 2078 l
1800 2049 1818 2061 -

391 2163 492 2222 cere,
510 2134 598 2241 quia
614 2135 663 2212 ita
678 2131 864 2212 faciebant
884 2129 945 2210 alii
968 2149 1005 2212 et
1025 2132 1098 2210 boc
1119 2149 1198 2212 erat
1216 2133 1264 2210 de
1281 2132 1430 2240 punctis
1444 2133 1657 2240 religionis;
1675 2149 1714 2210 et
1727 2150 1817 2210 tunc

394 2267 472 2370 ipse
487 2264 605 2351 testis,
625 2265 758 2342 dolens
780 2281 817 2340 et
835 2264 991 2350 timens,
1010 2253 1062 2340 ⁸nt
1090 2263 1199 2352 dixit,
1226 2263 1423 2370 abnegavit
1445 2264 1602 2341 Jbesum
1624 2265 1816 2344 Christum

392 2424 456 2472 ore
483 2424 560 2474 non
591 2395 716 2474 eorde.
748 2395 880 2470 Postea
904 2393 1073 2499 precepit
1098 2394 1132 2471 ei
1152 2393 1260 2499 quod
1287 2413 1440 2500 spueret
1468 2423 1583 2503 super
1613 2395 1816 2501 quamdam

393 2555 543 2602 crucem
564 2524 795 2602 metallinam
821 2551 935 2629 quam
961 2522 1115 2602 tenebat
1139 2523 1243 2601 idem
1263 2543 1437 2632 receptor
1462 2525 1503 2602 in
1530 2555 1647 2605 manu
1666 2554 1749 2614 sna,
1780 2527 1817 2602 in

393 2685 466 2762 qua
487 2673 564 2734 erat
584 2683 716 2761 ymago
738 2652 933 2744 Crueilixi,
956 2670 994 2732 et
1013 2653 1092 2759 ipss
1111 2654 1218 2732 testis
1237 2683 1324 2732 cum
1345 2656 1478 2734 dolore
1500 2675 1538 2734 et
1556 2659 1692 2735 timore
1718 2657 1819 2765 spuit

394 2813 470 2862 non
490 2814 601 2892 supra
617 2785 685 2866 sed
699 2785 805 2890 juxta
821 2783 960 2860 dictam
976 2811 1141 2860 crucem.
1158 2783 1308 2862 Deinde
1323 2784 1417 2863 dixit
1436 2787 1470 2864 ei
1482 2787 1588 2894 quod
1604 2787 1815 2865 secundum

394 2914 492 2991 dicta
512 2932 647 3022 puncta
671 2929 819 3020 poterat
838 2911 1036 2988 carnaliter
1056 2913 1291 2990 commisceri
1314 2915 1492 2994 fratribus
1516 2917 1661 2996 ordinis
1685 2936 1723 2995 et
1746 2920 1814 3025 ipsi

394 3074 480 3124 cum
496 3074 540 3122 eo
555 3077 563 3131 t
581 3045 794 3122 hortamen
816 3071 894 3122 non
912 3041 999 3120 lecit
1014 3069 1084 3122 nec
1098 3043 1219 3122 credit
1230 3045 1337 3152 quod
1348 3047 1389 3124 in
1405 3047 1540 3126 ordine
1560 3048 1681 3127 fieret.
1701 3050 1812 3138 Item,

396 3175 488 3253 dixit
512 3174 617 3282 quod
642 3174 690 3251 de
714 3189 892 3280 precepto
916 3172 1006 3250 dicti
1038 3173 1259 3281 recepturis,
1288 3174 1362 3253 luit
1387 3178 1576 3256 osculatus
1601 3207 1716 3285 super
1742 3209 1818 3257 car-

395 3333 486 3387 nem
507 3305 647 3386 nudam
679 3306 720 3382 in
743 3303 924 3382 umbilico
954 3303 1098 3382 dietum
1127 3304 1365 3412 Philippum3
1392 3311 1499 3414 prius
1521 3326 1648 3388 tamen
1676 3310 1818 3388 dixerat

395 3463 525 3540 quam,
546 3434 699 3542 quando
716 3435 884 3544 predicta
904 3433 1033 3516 illicita
1049 3435 1348 3527 intervenerunt,
1370 3467 1503 3518 omnes
1519 3453 1755 3518 recesserunt
1770 3443 1816 3518 de

395 3564 535 3672 capella
547 3583 673 3672 preter
688 3566 811 3672 ipsum
832 3582 968 3644 testem
990 3584 1028 3644 et
1048 3565 1192 3648 dictum
1208 3584 1457 3676 receptorem.
1478 3569 1556 3648 Sed
1573 3571 1689 3649 modo
1706 3599 1819 3677 super

394 3695 466 3773 hoc
482 3698 748 3804 interrogatus,
771 3695 863 3774 dixit
882 3696 987 3802 quod
1006 3695 1200 3801 predictus
1215 3698 1429 3805 Philippus,
1443 3701 1509 3807 qui
1526 3717 1608 3780 erat
1621 3720 1819 3810 preceptor

397 3825 495 3904 dicte
517 3825 669 3913 demus,
694 3827 857 3904 redierat
877 3826 925 3902 ad
946 3825 1144 3931 capellam,
1168 3845 1205 3906 et
1224 3845 1316 3908 tunc
1337 3830 1458 3910 dictus
1477 3850 1652 3938 receptor
1671 3833 1765 3910 dixit
1785 3835 1818 3911 ei

396 3956 500 4062 quod
521 3955 681 4036 alterum
698 3983 830 4034 eorum
851 3954 1013 4036 debebat
1034 3957 1193 4038 osculari
1214 3960 1254 4038 in
1274 3961 1468 4040 umbilico.
1490 3961 1571 4040 Alia
1592 3963 1721 4041 illicita
1742 3992 1818 4042 non

397 4086 681 4164 intervenerunt
696 4087 734 4164 in
751 4086 850 4164 dicta
865 4113 932 4166 sua
947 4088 1167 4193 recepcione
1185 4089 1244 4168 vel
1258 4107 1360 4198 post,
1377 4094 1484 4199 qued
1502 4095 1585 4202 ipse
1603 4095 1760 4184 recolat,
1783 4113 1820 4172 et

398 4215 564 4321 predicta
583 4215 711 4295 illicita
732 4233 770 4296 et
786 4215 885 4294 licita
901 4245 976 4323 qne
992 4217 1168 4323 deposuit
1185 4220 1428 4302 intervenisse
1445 4223 1484 4300 in
1498 4225 1719 4332 recepcione
1735 4255 1817 4316 sua,

397 4347 515 4428 credit
532 4348 636 4454 quad
656 4348 926 4428 intervenirent
945 4350 1200 4430 communiter
1219 4352 1258 4428 in
1275 4355 1558 4460 recepcionibus
1574 4357 1735 4436 aliorum
1756 4355 1822 4434 sra-

396 4497 498 4557 trum
529 4479 672 4558 ordinis
699 4480 829 4586 pocius
857 4509 970 4587 quam
1002 4481 1251 4574 contrarium,
1278 4486 1365 4592 quie
1395 4487 1489 4565 vidit
1521 4515 1563 4565 ca
1593 4488 1820 4566 intervenire
1901 4504 1906 4514 ’

397 4610 436 4687 in
454 4610 672 4714 recepcione
688 4609 839 4690 Geraldi
861 4611 909 4689 de
929 4609 1139 4718 Folqueriis
1157 4616 1367 4720 (piendam,
1389 4617 1454 4725 qui
1473 4616 1546 4698 luit
1565 4619 1678 4697 simul
1698 4634 1737 4696 et
1753 4647 1821 4726 par

398 4740 579 4828 eundem,
598 4757 636 4816 et
651 4741 798 4822 eisdem.
808 4742 1066 4847 presentibus,
1082 4761 1257 4850 receptus
1272 4775 1359 4824 cum
1376 4776 1434 4827 eo.
1448 4749 1551 4826 Dixit
1563 4767 1690 4828 umen
1703 4751 1822 4830 semel
