4486 5890
441 528 510 602 ras
828 509 1024 604 raoets
1051 525 1147 601 nes
1174 524 1471 598 ratramnus.

436 669 717 778 capituliorum,
737 667 853 746 laicus
869 669 1066 776 presidens
1081 666 1229 744 dicebat
1243 664 1421 744 fratribus
1438 666 1512 742 hoc
1528 662 1643 740 modo
1659 693 1667 737 :
1692 663 1774 740 ·De
1792 661 1863 738 biis

435 829 509 908 que
528 799 713 876 obmititis
731 801 871 890 dicere,
895 800 945 879 ob
969 799 1230 879 verecundiam
1247 797 1367 877 carnis
1386 795 1444 874 vel
1460 794 1510 872 ob
1524 795 1702 873 timorem
1714 793 1865 903 justicie

435 933 590 1023 domus,
613 931 720 1008 saciat
741 932 847 1010 vobis
862 933 965 1011 Deus
989 931 1102 1009 talem
1124 930 1401 1037 indulgenciam
1427 926 1579 1036 qualem
1603 926 1691 1004 lecit
1717 924 1868 1032 Magda-

406 1063 519 1172 'lene
539 1064 586 1140 de
607 1064 766 1170 peccatis
782 1065 874 1153 suis,
891 1081 928 1141 et
946 1079 1072 1169 rogate
1087 1062 1212 1139 Deum
1234 1061 1338 1168 quod
1351 1058 1664 1167 indulgeatvobis
1683 1056 1863 1165 etxnobiss

437 1211 474 1270 et
487 1222 557 1271 nos
577 1194 693 1270 eciam
715 1223 889 1302 rogamus
910 1195 1015 1301 quod
1036 1192 1231 1300 indulgeat
1250 1192 1354 1270 vobis
1374 1208 1413 1270 et
1431 1191 1553 1268 nobis,
1571 1227 1583 1258 υ
1599 1186 1864 1298 Requisitussi

436 1323 627 1430 pertalem
646 1323 927 1402 absolucionem
945 1322 1148 1402 credebant
1162 1351 1241 1400 esse
1258 1320 1422 1399 absoluti
1438 1351 1458 1398 a
1473 1321 1653 1427 peccatis,
1671 1319 1865 1426 respondit

435 1454 541 1558 quod
558 1454 638 1559 ipse
653 1481 730 1530 non
747 1451 943 1542 credebat,
966 1480 1036 1529 nec
1051 1451 1170 1528 credit
1191 1452 1295 1557 qnod
1315 1451 1375 1528 alii
1397 1451 1596 1529 crederent
1615 1451 1686 1529 nisi
1707 1449 1865 1528 conlite-

435 1600 566 1660 rentur
587 1580 855 1660 sacerdotibus.
873 1582 1045 1660 Predicta
1059 1599 1186 1659 autem
1204 1582 1345 1658 audivit
1358 1582 1397 1658 iu
1414 1582 1587 1689 capitulis
1601 1609 1677 1690 que
1688 1579 1866 1660 teneban-

434 1729 497 1789 tur
521 1713 617 1790 ultra
641 1741 744 1790 mare
766 1741 835 1818 per
859 1712 1002 1790 dictum
1024 1711 1176 1788 fratrem
1203 1711 1434 1788 Ademarum
1462 1714 1509 1790 de
1534 1715 1735 1822 Peyrucza,
1762 1713 1863 1790 etin

435 1842 623 1932 Alvernia,
652 1843 692 1918 in
713 1842 884 1950 capitulis
907 1872 982 1956 que
1007 1842 1234 1920 tenebantur
1252 1871 1320 1948 per
1340 1843 1482 1921 dictum
1502 1842 1654 1921 fratrem
1677 1843 1864 1920 Humber-

435 1989 515 2048 tum
540 1973 693 2050 blancti.
721 1973 853 2051 Statim
879 2001 949 2079 pro
968 1972 1146 2078 professis
1170 1972 1417 2052 habebantur.
1440 1973 1546 2082 Clam
1571 1971 1859 2078 recipiebantur,

330 2109 334 2116 '
434 2104 549 2180 nullis
569 2103 807 2212 presentibus
827 2103 898 2180 nisi
923 2101 1101 2180 fratribus
1129 2101 1290 2191 ordinis,
1312 2131 1355 2182 er
1386 2131 1463 2210 quo
1489 2095 1610 2181 obedit
1634 2103 1737 2209 quod
1765 2121 1861 2182 esset

433 2235 594 2340 suspicio
615 2233 712 2310 mala
731 2231 860 2311 contr'a
883 2261 959 2312 eos.
984 2232 1160 2311 Cordulis
1182 2233 1428 2342 cingebantur
1447 2263 1559 2340 super
1582 2235 1749 2311 camisias
1774 2263 1859 2311 cum

433 2364 572 2471 quibus
587 2362 778 2472 jacebant;
799 2365 915 2442 nescit
934 2381 1060 2441 tamen
1076 2392 1146 2441 nec
1161 2365 1281 2441 credit
1299 2365 1404 2472 quod
1422 2381 1620 2473 tangerent
1636 2365 1754 2472 capita
1769 2364 1861 2471 ydo-

434 2495 572 2572 lorum.
591 2496 668 2588 Qui
683 2495 911 2572 revelassent
932 2511 1073 2572 secreta
1096 2495 1360 2600 capituliorum
1378 2496 1503 2602 puniti
1520 2495 1693 2590 luissent,
1713 2492 1781 2573 sed
1797 2523 1862 2572 ne-

433 2627 502 2700 scit
515 2625 688 2732 qualiter.
709 2627 856 2703 Fratres
876 2626 1036 2702 scientes
1057 2654 1204 2702 errores
1224 2625 1458 2736 negligentes
1482 2626 1659 2713 luerunt,
1681 2625 1859 2732 quianon

434 2774 677 2832 correxerunt
697 2773 734 2833 et
753 2785 830 2834 non
852 2757 1172 2835 denunciaverunt
1190 2749 1367 2834 Ecclesie.
1390 2756 1621 2835 Elemosinas
1640 2773 1678 2834 et
1696 2757 1860 2862 hospita-

433 2886 576 2963 litatem
596 2887 689 2964 vidit
708 2888 975 2964 convenienter
1003 2887 1084 2966 lieri
1108 2904 1146 2964 et
1172 2887 1324 2980 servari,
1347 2886 1445 2965 ultra
1478 2915 1580 2966 mare
1611 2904 1649 2966 et
1675 2902 1792 2974 extra,
1821 2886 1860 2962 in

435 3015 613 3094 domibus
637 3018 780 3095 ordinis
800 3018 839 3094 in
859 3017 999 3126 quibus
1019 3017 1092 3094 suit
1112 3035 1385 3096 commoratusn
1395 3019 1497 3096 Vidit
1517 3019 1621 3124 quod
1641 3017 1737 3094 clam
1756 3034 1861 3094 tene-

432 3146 574 3224 bantur
592 3147 783 3252 capitulia,
800 3148 927 3255 januis
946 3146 1098 3238 clausis,
1117 3165 1155 3224 et
1174 3147 1441 3254 providebatur
1454 3145 1559 3254 quod
1574 3172 1651 3223 non
1668 3144 1861 3222 audiretur

435 3276 599 3354 exterius
616 3277 723 3386 quod
739 3278 897 3354 interius
916 3277 1105 3384 agebatur.
1128 3277 1278 3356 Servata
1298 3275 1457 3354 luissent
1490 3277 1529 3352 in
1555 3275 1689 3353 ordine
1713 3303 1755 3352 ca
1787 3302 1861 3380 que

435 3435 592 3515 magnus
604 3409 779 3515 Magister
799 3436 884 3486 cum
907 3426 1092 3486 conventu
1112 3437 1182 3486 suo
1203 3409 1391 3486 statuisset
1405 3425 1443 3492 et
1462 3407 1683 3486 ordinasset,
1698 3405 1861 3485 Grandia

433 3538 619 3627 scandala,
642 3539 804 3646 suspicio
826 3557 862 3616 et
882 3537 1033 3616 infamia
1055 3556 1209 3646 propter
1227 3537 1394 3645 predicta
1421 3555 1549 3617 contra
1574 3536 1749 3616 ordinem
1776 3554 1863 3615 sunt

434 3686 572 3746 exorta.
594 3668 726 3746 Illicita
747 3668 952 3749 consessata
970 3697 1040 3776 per
1060 3698 1149 3747 eum
1170 3670 1290 3746 credit
1309 3671 1415 3775 quod
1436 3685 1559 3748 essent
1581 3685 1669 3745 nota
1688 3665 1864 3743 fratribus

434 3800 593 3890 ordinis,
617 3819 745 3878 contra
764 3831 879 3909 quem
898 3800 1042 3879 audivit
1061 3802 1136 3878 dici
1157 3829 1337 3908 magnum
1368 3801 1589 3910 Magistrum
1618 3817 1655 3878 et
1681 3798 1775 3876 alios
1798 3796 1863 3875 ali-

434 3958 529 4035 quos
550 3959 715 4020 errores,
738 3934 857 4010 nescit
875 3950 1003 4009 tamen
1023 3961 1136 4040 quos,
1156 3932 1270 4010 fuisse
1292 3929 1491 4010 confessos.

491 4061 706 4167 Requisitus
726 4062 754 4139 si
778 4063 830 4140 sic
848 4064 1073 4170 deposuerat
1084 4093 1209 4170 prece,
1225 4079 1414 4170 precepto,
1432 4063 1586 4150 timore,
1604 4089 1743 4148 amore,
1760 4061 1862 4148 odio,

436 4189 494 4267 vel
513 4193 711 4298 temporali
734 4195 895 4270 comodo
919 4194 1047 4272 habito
1064 4195 1122 4271 vel
1144 4195 1333 4284 babendo,
1353 4192 1550 4300 respondit
1566 4192 1670 4299 quod
1687 4219 1781 4279 non,
1798 4188 1866 4266 sed

437 4351 505 4428 pro
531 4322 683 4399 veritate
709 4323 885 4415 dicenda;
912 4327 971 4401 cui
997 4325 1068 4401 fuit
1092 4327 1304 4433 injunctum
1330 4323 1435 4430 quod
1461 4351 1537 4401 non
1564 4321 1746 4400 revelaret
1771 4321 1867 4397 banc

436 4482 541 4531 suam
558 4454 859 4562 deposicionem‚
883 4483 1080 4561 quousque
1097 4455 1357 4532 attestaciones
1374 4451 1775 4559 luerintpublicate3et
1790 4477 1866 4526 non

437 4585 625 4663 obtulerat
640 4614 680 4664 se
695 4589 740 4664 ad
764 4586 1035 4664 deffensionem
1055 4585 1198 4663 ordinis
1219 4585 1433 4692 supradicti.

491 4851 621 4926 Frater
636 4848 817 4955 Rogerius
838 4847 884 4924 de
905 4849 1011 4954 Rupe
1037 4848 1216 4935 serviens,
1234 4845 1477 4924 Bituricensis
1499 4845 1672 4936 diocesis,
1690 4845 1794 4922 testis
1811 4873 1871 4922 su·
