4208 5886
673 497 871 596 rancus
904 519 1000 590 ons
1032 515 1338 596 rnursrms.
1643 525 1717 600 sos
1833 479 1837 486 ’

167 747 168 750 ¹
290 678 411 750 tento,
434 677 474 740 et
500 660 726 769 quibusdam
752 659 835 738 aliis
865 661 912 738 de
943 687 1107 766 quorum
1132 663 1352 744 nominibus
1378 691 1456 742 non
1487 667 1717 754 recordatur,

292 790 331 868 in
348 791 453 870 hunc
471 791 632 872 modum
651 823 660 868 :
682 818 770 870 nam
791 808 876 898 post
898 791 1037 870 multas
1061 790 1179 870 bonas
1201 793 1500 888 exhortaciones‚
1519 795 1642 874 dictus
1661 826 1720 874 re-

292 939 423 1028 ceptor
449 921 537 1000 lecit
559 949 647 1000 eum
667 947 800 1002 vovere
826 937 865 1000 et
884 921 1013 1030 jurare
1040 948 1154 1030 super
1180 923 1375 1030 quoddam
1399 923 1549 1004 missale
1574 927 1719 1004 castita-

247 1127 251 1134 .
290 1070 390 1143 tem,
415 1051 698 1144 obedienciam,
726 1051 847 1130 vivere
874 1051 955 1133 sine
981 1055 1154 1160 proprio,
1181 1072 1220 1133 et
1240 1082 1385 1136 servare
1410 1055 1534 1134 bonos
1562 1085 1654 1135 usus
1681 1075 1719 1134 et

289 1183 409 1262 bonas
428 1183 736 1273 consuetudines,
764 1199 802 1260 et
824 1211 902 1261 non
926 1184 1090 1264 revelare
1110 1199 1251 1265 secreta
1271 1186 1426 1264 ordinis.
1450 1188 1631 1293 Postque
1650 1188 1720 1264 im·

291 1314 414 1420 posito
433 1313 505 1394 sibi
525 1311 725 1403 mantello,
749 1313 829 1420 ipse
853 1331 891 1394 et
909 1331 1071 1394 astantes
1100 1315 1257 1395 osculati
1277 1315 1431 1394 luerunt
1459 1344 1549 1394 enm
1575 1315 1615 1392 in
1634 1346 1717 1408 ore,

291 1461 330 1522 et
344 1443 454 1524 allata
474 1443 617 1522 ibidem
642 1444 805 1551 quadarn
827 1471 935 1526 cruce
954 1472 1091 1550 cuprea
1114 1447 1161 1524 de
1183 1446 1314 1536 altare,
1338 1474 1408 1552 par
1426 1447 1631 1553 quemdam
1646 1447 1720 1525 lra-

290 1595 386 1654 trem
409 1576 635 1656 servientem
660 1602 775 1681 quem
802 1601 880 1653 non
900 1592 1055 1654 noverat
1082 1593 1287 1683 assumpta,
1324 1575 1364 1653 in
1387 1603 1462 1682 qua
1483 1594 1561 1654 erat
1582 1605 1718 1687 ymago

292 1705 489 1794 crucifixi,
505 1705 620 1812 peciit
639 1704 686 1781 ab
712 1733 758 1784 eo
779 1703 902 1782 dictus
920 1721 1093 1811 receptor
1116 1705 1147 1782 si
1167 1705 1344 1786 credebat
1367 1705 1408 1782 in
1433 1703 1544 1784 illum
1571 1708 1639 1814 qui
1660 1734 1719 1786 re-

291 1838 577 1944 praesentabatur
596 1865 665 1943 per
693 1834 796 1914 illam
809 1834 1041 1944 ymaginem,
1068 1852 1106 1913 et
1133 1835 1163 1914 si
1190 1833 1371 1916 credebat
1395 1837 1500 1943 quod
1526 1835 1590 1916 ille
1622 1858 1719 1917 esset

290 1969 406 2048 Deus.
430 1968 519 2062 Quo
540 1966 790 2073 respondente
808 1966 914 2072 quod
928 1965 996 2057 sic,
1017 1965 1195 2044 dixerunt
1209 1966 1333 2043 dictus
1352 1983 1525 2073 receptor
1544 1985 1582 2046 ct
1596 1987 1719 2048 armn-

293 2114 351 2178 tes
374 2097 481 2205 quod
507 2097 581 2176 hoc
605 2096 683 2174 no'n
712 2095 901 2184 crederet,
934 2113 972 2172 et
997 2096 1103 2203 quod
1121 2094 1325 2202 abnegaret
1342 2097 1470 2174 Deum
1490 2114 1528 2173 et
1547 2127 1717 2192 crucem,

293 2247 331 2308 et
359 2245 515 2336 spueret
539 2255 654 2334 super
680 2255 782 2319 eam,
807 2241 846 2306 et
877 2244 971 2304 tunc
999 2226 1078 2334 ipse
1105 2226 1231 2315 testis,
1253 2241 1407 2332 propter
1433 2226 1718 2308 infestacionem

293 2385 442 2451 eorum,
470 2355 665 2466 abnegavit
688 2355 797 2436 illum
826 2356 893 2464 qui
915 2356 1245 2464 representabatur
1269 2383 1338 2462 per
1362 2355 1482 2462 ipsam
1508 2385 1659 2436 crucem
1682 2379 1720 2438 et

293 2489 410 2595 ipsam
438 2517 588 2567 crucem
623 2513 688 2566 ore
715 2516 793 2566 non
827 2487 960 2576 corde,
986 2504 1030 2565 ut
1060 2486 1172 2576 dixit,
1195 2513 1271 2564 non
1294 2504 1422 2564 tamen
1446 2515 1581 2594 spuere
1600 2491 1720 2570 voluit

292 2649 407 2728 super
433 2618 571 2698 dictam
592 2647 756 2702 crucem.
785 2618 1034 2697 Postmodum
1060 2617 1183 2696 dictus
1208 2633 1393 2724 receptor,
1421 2633 1555 2696 tenens
1574 2619 1614 2696 in
1637 2650 1720 2728 grc-

293 2751 373 2830 mio
399 2777 470 2827 suo
497 2748 709 2826 involutum
736 2749 855 2826 nescit
880 2745 1002 2854 quod,
1028 2774 1211 2855 cupreum
1240 2764 1368 2826 tamen
1398 2765 1492 2854 crat,
1519 2748 1620 2828 visus
1647 2751 1720 2830 luit

291 2877 389 2958 velle
408 2879 514 2986 quod
542 2879 645 2956 idem
673 2877 780 2957 testis
801 2878 976 2956 adoraret
994 2905 1062 2956 seu
1089 2877 1322 2958 oscularetur
1349 2877 1464 2968 illud;
1491 2880 1719 2961 hortamen

292 3011 396 3089 idem
420 3026 593 3117 receptor
618 3036 684 3088 ore
711 3036 789 3086 non
814 3009 1012 3115 expressit,
1040 3010 1109 3088 sed
1133 3008 1229 3092 lacto
1256 3009 1306 3087 ad
1331 3010 1404 3090 boc
1434 3011 1591 3090 tendere
1615 3012 1720 3091 vide-

292 3140 415 3218 batur.
436 3141 521 3246 lpse
549 3155 679 3216 autern
701 3139 825 3232 testis,
853 3139 1027 3246 penitens
1046 3139 1094 3217 de
1123 3138 1197 3217 hiis
1221 3167 1295 3248 que
1318 3138 1591 3230 lecerat,'eieut
1610 3143 1717 3232 dixit,

292 3295 467 3377 surgens,
484 3269 637 3346 recessit
658 3267 705 3345 ab
724 3268 793 3360 eis,
813 3297 892 3347 non
907 3269 1034 3348 etiem
1051 3269 1232 3377 capellam
1252 3268 1475 3376 predictam,
1498 3288 1537 3349 et
1552 3273 1622 3378 ipsi
1637 3273 1720 3351 luc-

291 3417 381 3478 runt
405 3397 524 3476 locuti
551 3398 599 3475 ad
624 3397 784 3476 invicem
812 3400 931 3478 nescit
949 3399 1071 3506 quod,
1103 3417 1142 3478 ct
1165 3427 1243 3478 non
1273 3401 1506 3480 induxerunt
1524 3429 1595 3480 nec
1618 3431 1721 3482 com-
1789 3491 1794 3503 ,

291 3529 473 3638 pulemmt
502 3556 591 3606 eum
617 3545 710 3606 tunc
737 3556 807 3606 nec
839 3547 926 3636 post
953 3530 1003 3607 ad
1027 3529 1124 3612 illud
1152 3529 1329 3610 illicitum
1360 3529 1588 3612 laciendum.
1619 3534 1720 3612 Dixit

291 3679 420 3740 tamen
448 3659 482 3737 ei
507 3658 630 3738 dictus
654 3676 829 3766 receptor
854 3662 961 3768 quod
986 3661 1201 3770 cingeretur
1228 3687 1303 3737 una
1330 3661 1506 3750 cordula,
1536 3691 1652 3770 quarn
1685 3665 1720 3739 ei

292 3791 448 3900 qaudam
480 3820 525 3868 ex
557 3791 612 3868 eis
639 3788 817 3881 tradidit,
845 3817 959 3896 super
987 3817 1131 3897 pannos
1161 3790 1285 3868 lineos
1314 3817 1402 3866 curn
1432 3791 1573 3898 quibus
1594 3791 1719 3898 jacere

293 3921 473 4009 debebatr
496 3949 574 3998 non
603 3938 733 4000 tamen
756 3920 878 4010 scivit,
907 3948 977 3998 nec
1015 3919 1160 3998 audivit
1189 3919 1263 3996 dici
1298 3921 1405 4026 quod
1438 3920 1536 3998 dicte
1564 3919 1721 4004 cordula

292 4068 462 4160 tangeret
491 4051 618 4158 aliqua
643 4050 762 4158 capita
778 4049 984 4160 ydolorum
1008 4079 1078 4129 nec
1098 4051 1305 4157 predictam
1327 4076 1409 4126 rem
1436 4078 1633 4157 cupream,
1650 4079 1721 4130 nec

292 4185 362 4262 scit
384 4183 489 4290 quod
507 4183 555 4260 de
575 4183 675 4261 dicta
697 4209 739 4260 re
763 4210 901 4290 cuprea
926 4181 998 4260 fuit
1022 4199 1164 4270 actum,
1189 4179 1278 4261 licet
1298 4180 1453 4288 pecierit
1479 4179 1636 4262 atram
1657 4183 1721 4260 Ar·

293 4313 418 4392 naudo
438 4313 668 4401 Corradelli,
701 4312 871 4418 quodam
893 4311 1049 4390 bomine
1075 4312 1248 4418 antiquo,
1272 4311 1337 4418 qui
1359 4309 1481 4394 adfuit
1506 4311 1719 4418 reoepciom'

292 4473 379 4533 sue,
412 4461 451 4522 et
480 4444 699 4524 morabatur
727 4442 767 4519 in
798 4440 899 4523 dicta
930 4441 1070 4530 domo,
1111 4441 1217 4548 quod
1256 4457 1354 4520 esset
1381 4440 1483 4519 illud
1516 4467 1717 4548 cumeum,

291 4603 359 4682 per
383 4601 499 4682 quem
528 4574 601 4652 fuit
626 4573 698 4652 sibi
728 4599 954 4680 responsum
984 4569 1451 4682 quodnicbiladipsum
1479 4575 1721 4650 rectamne

291 4704 452 4813 quisitus
466 4705 514 4784 de
534 4705 689 4783 nomine
709 4703 812 4781 illius
839 4731 956 4810 quem
973 4703 1119 4782 viderat
1136 4700 1271 4809 recipi,
1303 4718 1342 4779 et
1360 4701 1445 4793 ubi,
1467 4701 1627 4809 quando
1641 4719 1680 4780 et
1698 4731 1721 4778 a

292 4864 369 4943 quo
397 4853 571 4943 receptus
597 4835 735 4926 luerat,
764 4834 961 4940 respondit
990 4834 1096 4941 quod
1123 4832 1324 4911 vocabatur
1352 4831 1581 4924 Gelbardus,
1613 4831 1721 4938 cujus

1522 4972 1571 5034 26.
