4208 5886
394 542 468 611 210
774 515 970 608 rnoons
1001 533 1097 606 ons
1129 532 1436 608 rsnrmnns.

394 679 597 769 defferens,
627 705 714 754 cum
743 705 820 784 quo
846 676 1071 783 inquisitum
1100 673 1238 766 bremt,
1270 674 1467 756 absolutus
1495 690 1534 751 et
1560 672 1821 754 reconciliatus

393 839 462 916 per
481 809 683 888 dominnm
704 809 923 915 episcopum
947 809 1242 886 Xantonensem.
1265 805 1387 884 Lectis
1407 821 1533 884 autem
1559 820 1596 882 et
1620 804 1823 914 diligenter

395 939 571 1045 expositis
591 939 662 1016 sibi
684 939 861 1017 omnibus
877 956 915 1016 ct
927 937 1083 1046 singulis
1102 937 1284 1028 articulis,
1305 936 1502 1045 respondit
1521 963 1560 1015 sc
1574 936 1735 1025 nescire,
1752 963 1824 1012 nec

397 1069 570 1156 credere,
594 1097 663 1146 nec
682 1067 865 1148 audivisse
893 1067 966 1145 dici
993 1069 1040 1146 de
1067 1070 1255 1148 contentis
1282 1069 1321 1144 in
1344 1068 1400 1148 cis
1419 1067 1491 1144 nisi
1512 1067 1618 1174 qnod
1640 1066 1823 1174 sequitur:

398 1200 485 1304 quis
504 1199 805 1279 convocabatur
831 1199 879 1276 ad
899 1197 1057 1277 concilia
1082 1226 1236 1288 eorum,
1257 1225 1328 1306 pro
1357 1226 1402 1276 eo
1422 1197 1527 1304 quod
1549 1213 1628 1274 erat
1647 1195 1822 1303 simplex,

398 1347 436 1406 et
457 1329 622 1408 habebat
642 1357 770 1406 curam
796 1328 1118 1406 molendinorum.
1149 1329 1251 1407 Dixit
1271 1345 1397 1405 autem
1418 1355 1457 1405 se
1477 1325 1593 1406 luisse
1607 1344 1822 1434 receptum,

397 1461 437 1534 in
452 1459 549 1538 festo
561 1461 701 1537 Pasche
715 1459 888 1565 proximo
908 1457 1090 1564 preterito
1109 1457 1265 1538 fuerunt
1279 1485 1351 1538 xxv
1366 1459 1452 1534 anni
1469 1457 1528 1535 vel
1545 1457 1654 1547 circa,
1676 1458 1717 1535 in
1733 1486 1826 1566 qua-

400 1589 484 1666 dam
514 1619 659 1668 camera
687 1589 824 1667 domus
848 1587 999 1694 Templi
1027 1589 1074 1666 de
1096 1590 1261 1696 Espanas
1287 1589 1537 1668 Xantonensis
1558 1587 1735 1681 diocesis,
1757 1615 1826 1695 per

396 1717 551 1796 fratrem
578 1715 825 1795 Amblardum
848 1717 896 1794 de
916 1717 1091 1796 Vienesio
1109 1719 1291 1808 militem,
1322 1718 1518 1825 quondam
1546 1735 1822 1826 preceptorem,

335 1923 338 1930 .
398 1846 640 1952 presentibus
670 1845 846 1925 fratribus
877 1845 1016 1926 Jacobo
1051 1848 1098 1924 de
1128 1847 1247 1925 Noian
1282 1866 1501 1955 preceptore
1530 1848 1629 1925 dicte
1670 1848 1821 1938 domus,

401 1995 438 2053 et
465 1976 632 2055 Roberto
665 1977 713 2053 de
738 1976 856 2083 patria
881 1975 971 2054 dicti
1002 1977 1148 2070 Jacobi,
1180 1977 1289 2086 cujus
1314 2005 1523 2086 cognomen
1556 1977 1719 2084 ignorat,
1746 2007 1825 2058 ser-

401 2106 541 2194 viente,
568 2105 616 2184 de
641 2133 805 2213 quorum
825 2108 898 2186 vita
921 2107 981 2184 vel
1001 2124 1124 2186 morte
1143 2135 1222 2186 non
1242 2109 1357 2186 habet
1377 2108 1662 2197 certitudinem,
1685 2127 1724 2187 et
1739 2111 1824 2217 qui-

400 2235 560 2314 busdam
582 2236 663 2314 aliis
684 2235 895 2315 deffunctis.
917 2237 948 2314 A
968 2267 1045 2344 quo
1065 2256 1260 2347 receptore
1282 2239 1397 2346 peciit
1422 2239 1607 2317 instanter
1630 2265 1767 2345 panem
1788 2257 1825 2318 et

401 2395 536 2473 aquam
558 2367 722 2456 ordinis,
748 2367 887 2472 quibus
910 2357 1095 2446 concessis
1124 2369 1265 2462 eidem,
1290 2368 1378 2448 lecit
1403 2395 1491 2446 enm
1511 2369 1634 2448 dictus
1654 2389 1826 2478 receptor

399 2525 534 2576 vovere
559 2515 596 2574 et
617 2498 743 2603 jurare
765 2498 994 2584 castitatem,
1022 2499 1305 2591 obedienciam,
1335 2499 1458 2578 vivere
1488 2500 1568 2577 sine
1589 2499 1759 2607 proprio,
1789 2521 1826 2582 et

401 2627 580 2733 imposito
594 2627 630 2703 ei
645 2627 827 2704 mantello
838 2618 943 2732 ,ipse
961 2645 999 2704 et
1013 2657 1146 2707 omnes
1165 2646 1328 2708 astantes
1344 2629 1500 2707 osculati
1514 2630 1671 2708 luerunt
1687 2630 1726 2708 in
1740 2659 1825 2724 oreg

403 2757 503 2834 etde
519 2756 791 2865 abnegacione,
813 2757 1027 2863 obprobriis
1048 2759 1169 2836 crucis
1188 2775 1226 2834 et
1244 2759 1325 2835 aliis
1343 2759 1486 2836 illicitis
1504 2759 1543 2833 in
1557 2759 1725 2836 articulis
1740 2785 1828 2838 con·

402 2887 532 2976 tentis,
555 2915 625 2964 nec
637 2905 732 2965 tunc
743 2915 813 2965 nec
825 2905 911 2994 post
923 2887 996 2964 luit
1007 2888 1102 2966 lacta
1117 2889 1266 2966 mencio
1284 2888 1432 2978 eidem;
1452 2915 1523 2964 nec
1535 2888 1620 2975 scit,
1634 2915 1705 2965 nec
1717 2889 1826 2980 vidit,

404 3043 475 3093 nec
498 3017 640 3094 audivit
667 3017 739 3093 dici
760 3017 867 3123 quod
891 3016 1036 3124 aliquid
1064 3017 1239 3096 illicitum
1262 3016 1507 3096 interveniret
1533 3017 1572 3094 in
1606 3019 1827 3124 recepcionc

403 3144 527 3224 fratris
539 3146 640 3222 Petri
653 3143 805 3224 Gersldi
820 3146 867 3222 dc
880 3145 1028 3223 Mursac
1040 3147 1251 3236 servientis,
1266 3147 1518 3225 xantonensis
1532 3147 1709 3234 diocesis,
1723 3149 1829 3222 testis

404 3304 516 3382 supra
537 3275 654 3383 jurati
686 3273 754 3354 sed
780 3274 954 3351 nondum
985 3274 1198 3365 examinati,
1230 3303 1346 3382 quem
1371 3274 1464 3351 vidit
1488 3273 1604 3379 recipi
1625 3274 1665 3351 in
1690 3275 1829 3380 capella

405 3403 503 3482 dicte
521 3405 658 3482 domus
675 3404 724 3482 de
739 3404 934 3511 Espaneis,
957 3432 1024 3510 per
1041 3404 1194 3482 fratrem
1211 3404 1480 3483 Theobaldum
1497 3404 1545 3481 de
1558 3404 1744 3491 Turonis,
1758 3407 1829 3485 mi·

403 3535 509 3614 litem
540 3535 751 3642 qnondam,
781 3536 819 3612 in
845 3536 916 3612 isto
943 3552 1115 3640 tempore
1140 3534 1307 3614 Paschali
1334 3553 1424 3614 sunt
1443 3535 1590 3612 circiter
1614 3559 1692 3612 xnn
1722 3538 1827 3629 anni,

404 3665 643 3771 presentibus
662 3665 842 3743 iratribus
860 3666 971 3743 Petro
992 3667 1142 3758 Aurini,
1165 3666 1319 3744 detento
1332 3665 1531 3753 lienteria,
1550 3663 1758 3743 Guillelmo
1780 3668 1828 3744 de

404 3797 508 3874 Serie
521 3798 738 3874 etlehanne
750 3797 798 3874 de
809 3797 958 3874 Mursac
968 3797 1231 3886 servientibus,
1248 3795 1465 3885 deffunctis;
1477 3823 1547 3872 nec
1559 3795 1598 3872 in
1608 3797 1828 3902 recepcione

405 3925 495 4001 dicti
510 3925 681 4013 lloberti,
701 3925 767 4032 qui
788 3924 860 4002 luit
879 3925 1053 4002 similiter
1069 3925 1116 4003 ab
1133 3927 1267 4005 eodem
1286 3943 1324 4004 et
1337 3953 1407 4032 per
1422 3927 1588 4004 eundem
1607 3927 1767 4004 modum
1789 3956 1829 4004 ac

405 4053 550 4130 eisdem
566 4053 804 4159 presentibus
819 4071 1010 4160 receptus,
1034 4083 1121 4132 cum
1137 4057 1217 4163 ipso
1231 4074 1344 4150 teste3
1365 4084 1435 4133 nec
1450 4056 1571 4134 credit
1584 4057 1690 4164 quod
1705 4055 1829 4163 aliqna

405 4182 535 4259 illicita
554 4183 825 4262 intervenirent
847 4187 887 4260 in
908 4186 1195 4292 recepcionibus
1219 4183 1381 4264 aliorum
1403 4185 1559 4264 fratrum
1591 4187 1735 4265 ordinis
1761 4216 1830 4266 nec

404 4329 507 4418 post,
533 4313 623 4420 quia
645 4341 723 4392 non
743 4314 855 4405 vidit,
882 4343 951 4392 nec
979 4315 1102 4410 scivit,
1132 4342 1202 4396 nec
1229 4317 1372 4399 audivit
1398 4316 1473 4394 dici
1498 4334 1585 4416 ante
1613 4317 1830 4424 capcionem

405 4471 555 4534 eorum,
578 4444 666 4521 licet
677 4443 803 4550 aliqua
817 4444 947 4523 illicita
968 4445 1067 4523 dicat
1079 4473 1119 4524 se
1136 4447 1250 4526 luisse
1267 4446 1482 4526 consessum
1503 4473 1630 4524 coram
1646 4445 1748 4524 disto
1762 4446 1831 4525 do-

403 4575 511 4652 mino
527 4576 702 4681 episcopo
717 4577 964 4666 Xantonensi,
988 4596 1141 4686 propter
1160 4581 1316 4658 carceris
1340 4579 1594 4684 asperitatem,
1617 4595 1656 4657 ct
1677 4595 1832 4684 propter

404 4721 589 4782 terrorem
618 4707 682 4811 qui
714 4707 761 4784 ab
789 4708 870 4785 aliis
895 4737 1008 4815 quam
1037 4737 1056 4785 a
1082 4709 1184 4787 dicto
1210 4711 1368 4788 domino
1395 4709 1571 4815 episcopo
1597 4707 1832 4788 inferebatur

405 4835 542 4914 cidem.
557 4837 668 4927 Item,
684 4837 777 4914 dixit
788 4839 892 4944 quod
903 4840 983 4946 ipsc
993 4839 1092 4916 benc
1106 4839 1283 4918 credebat
1295 4839 1555 4918 ecclesiasticis
1569 4839 1827 4931 sacramentis,
