4486 5890
580 521 651 599 lot
963 522 1159 598 Puocsss
1186 525 1282 596 Dus
1308 523 1609 597 TEMPMERS.

442 649 449 662 ⁸
572 665 670 742 beati
686 663 950 742 ‘Bartholomei
968 681 1080 743 erunt
1092 664 1243 774 triginta
1261 663 1341 743 duo
1356 665 1445 742 anni
1453 665 1518 742 uel
1531 665 1643 753 circe,
1661 692 1729 771 per
1748 664 1901 744 fratrem
1921 665 1997 746 Ge-

576 795 727 872 rardum
748 795 796 872 de
817 795 976 874 Sanneto
1001 795 1161 873 militem
1176 795 1395 903 ¹quondam,
1418 812 1675 902 preceptorem
1697 812 1790 873 tunc
1807 795 1995 891 Alvemie,

573 925 810 1030 presentibus
830 924 1007 1004 fratribus
1021 925 1207 1004 ‹Dunndo
1228 924 1603 1032 Malrnspresbitero‚
1624 925 1794 1005 Gerardo
1808 927 1858 1004 de
1873 927 1994 1016 briva,

572 1056 683 1134 Petro
708 1055 757 1132 dc
778 1057 1000 1151 Quadrivio,
1025 1055 1244 1148 deffunctis,
1273 1073 1312 1132 et
1332 1056 1518 1134 Ademaro
1538 1057 1575 1134 ia
1598 1057 1800 1165 Brugieyra
1826 1058 1998 1135 Lemovi-

572 1186 692 1264 censis
718 1187 892 1279 diocesis,
918 1215 1034 1293 quem
1057 1184 1175 1262 credit
1204 1185 1343 1276 vivere,
1372 1185 1412 1262 in
1436 1185 1539 1264 bunc
1562 1185 1747 1264 modum:
1769 1214 1857 1264 num
1881 1187 1997 1292 petita

571 1317 748 1394 societate
767 1317 910 1395 ordinis
929 1335 966 1395 et
986 1317 1020 1394 ei
1034 1343 1231 1407 concessa,
1252 1315 1342 1393 fecit
1355 1345 1448 1394 eum
1460 1317 1589 1425 jurare
1603 1317 1802 1423 qnodnon
1817 1317 1997 1396 revelaret

571 1465 710 1524 secreta
741 1446 1006 1554 capitulorum,
1035 1457 1231 1524 'et'vovere
1260 1447 1485 1534 castitatem,
1508 1446 1788 1540 obedienciam,
1819 1465 1857 1525 ct
1874 1447 1995 1527 vivere

569 1576 838 1683 simpronio,
861 1593 902 1656 et
919 1576 1086 1682 precepit
1105 1575 1139 1652 ai
1160 1576 1262 1682 quod
1283 1594 1444 1654 servaret
1462 1575 1585 1654 bonos
1606 1605 1697 1654 usus
1714 1594 1752 1654 et
1769 1576 1889 1654 bonas
1907 1605 1996 1660 con-

570 1707 792 1784 suetudines
826 1706 989 1794 ordinis;
1022 1723 1059 1782 et
1087 1704 1264 1811 imposito
1295 1706 1366 1784 sibi
1399 1705 1598 1796 mantello,
1634 1705 1724 1784 dicti
1747 1723 1928 1812 receptor
1954 1725 1996 1786 et

570 1851 731 1913 astantes
744 1835 900 1914 suerunt
914 1857 1002 1913 eum
1020 1834 1176 1912 osculati
1191 1835 1231 1912 in
1243 1863 1321 1913 ore.
1336 1839 1526 1943 Postque,
1542 1835 1653 1914 aliato
1668 1835 1786 1914 nascit
1798 1865 1867 1943 per
1880 1866 1993 1943 quem

568 1967 732 2070 quadam
760 1995 870 2044 cruce
896 1965 1089 2044 metallina
1118 1963 1158 2042 in
1187 1993 1261 2074 qua
1290 1983 1369 2043 erat
1394 1995 1528 2074 ymago
1555 1963 1732 2045 Crucifixi
1755 1984 1794 2045 et
1815 1967 1994 2046 collocata

568 2123 692 2173 coram
708 2097 790 2202 ipso
806 2113 999 2202 receptore
1019 2095 1058 2171 in
1077 2112 1195 2184 terra,
1216 2094 1386 2202 precepit
1407 2096 1440 2172 ei
1459 2095 1571 2204 quod
1581 2112 1738 2203 spueret
1758 2124 1873 2202 super
1892 2125 1991 2188 enm,

567 2243 604 2302 et
620 2227 699 2331 ipse
715 2226 837 2316 testis,
860 2226 925 2335 qui
945 2243 1037 2303 tunc
1050 2225 1201 2333 juvenis
1220 2242 1317 2316 erat,
1340 2225 1539 2332 spuitnon
1558 2254 1671 2331 supra
1690 2225 1759 2302 sed
1771 2223 1878 2332 juxta
1898 2255 1990 2306 eam.

565 2355 713 2432 Deinde
733 2354 901 2462 precepit
921 2355 956 2431 ei
976 2355 1081 2461 quod
1102 2355 1303 2463 abnegaret
1322 2355 1496 2443 Jbesum,
1514 2372 1557 2433 et
1575 2356 1655 2462 ipse
1677 2354 1784 2434 testis
1799 2355 1992 2463 abnegavit

563 2512 652 2562 eum
662 2470 729 2562 ore
741 2511 820 2562 non
831 2484 960 2572 corde,
973 2484 1063 2591 quia
1076 2485 1480 2593 propterjuventutem
1491 2513 1598 2562 suam
1610 2485 1804 2564 nesciebat
1815 2486 1991 2564 resistere

448 2671 451 2678 .
564 2641 634 2690 nec
653 2613 826 2691 audebat.
843 2614 1090 2692 Postmodum
1107 2614 1199 2691 dixit
1215 2614 1250 2691 ei
1268 2613 1376 2720 quod
1390 2631 1538 2719 poterat
1555 2614 1639 2693 eliis
1652 2613 1831 2694 fratribus
1845 2616 1991 2694 ordinis

564 2744 761 2822 carnaliter
771 2744 1008 2823 commisceri
1028 2761 1065 2822 et
1080 2744 1331 2850 ipsicumco3
1353 2761 1392 2820 et
1407 2744 1480 2820 boc
1491 2759 1714 2822 tamennon
1728 2745 1902 2822 fecitnec
1921 2745 1992 2824 t'uit

561 2874 780 2981 requisitus,
800 2903 873 2953 nec
888 2875 1008 2952 credit
1020 2875 1125 2981 quod
1140 2875 1180 2950 in
1193 2871 1463 2952 ordinefieret.
1481 2873 1636 2954 Aestivis
1648 2891 1778 2952 tamen
1796 2874 1871 2972 dici
1885 2876 1990 2981 quod

561 3005 716 3110 quidam
737 3005 921 3111 presbiter
940 3004 1083 3082 ordinis
1107 3020 1280 3082 mortuus
1298 3002 1541 3110 perpetrabat
1570 3003 1715 3082 dictum
1736 3003 1881 3082 crimen
1902 3033 1988 3082 oum

561 3134 732 3239 personis
751 3135 816 3241 qui
837 3161 916 3212 non
938 3152 1045 3210 erant
1064 3134 1112 3211 de
1137 3133 1290 3225 ordine,
1318 3151 1358 3210 et
1384 3131 1504 3210 credit
1530 3131 1637 3239 qrmd
1660 3132 1827 3239 predicta
1859 3131 1990 3212 illicita

564 3263 769 3343 consessnta
784 3293 853 3372 per
867 3293 956 3344 eum
975 3264 1248 3346 intervenirent
1268 3262 1523 3340 communiter
1539 3262 1578 3339 in
1598 3263 1885 3368 recepcionibus
1899 3263 1989 3343 alio·

562 3423 649 3471 rum
663 3394 832 3472 *fratrum
860 3393 1021 3483 ordinis,
1041 3393 1135 3500 quia
1160 3393 1260 3470 vidit
1278 3409 1316 3470 et
1338 3391 1482 3470 audivit
1506 3391 1612 3498 quod
1637 3391 1922 3470 intervenerunt
1949 3393 1987 3470 in

561 3523 926 3631 recepcionedratris
940 3521 1135 3604 Guiltetmi
1156 3521 1557 3632 flayneriicervientis,
1573 3522 1890 3602 Claramuntansis
1908 3523 1987 3600 dio-

561 3656 672 3747 cesis,
690 3655 791 3762 apud
811 3656 986 3734 Riomum
1003 3654 1162 3744 detenti,
1182 3653 1248 3760 qui
1264 3651 1337 3731 fuit
1351 3669 1523 3758 receptus
1543 3651 1582 3730 in
1602 3651 1703 3730 dicta
1718 3651 1875 3759 capella,
1893 3653 1986 3730 circa

499 3849 503 3857 .
560 3786 700 3862 instans
714 3786 857 3897 sescum,
868 3785 1068 3864 nativitatis
1080 3785 1181 3863 beati
1194 3784 1374 3861 Johannis
1388 3783 1552 3889 Baptiste
1568 3799 1679 3860 erunt
1694 3781 1841 3860 circiter
1854 3782 1984 3860 decem

560 3916 664 4006 anni,
686 3943 755 4022 per
773 3914 928 3996 fratrem
948 3915 1158 3994 Gerardum
1181 3915 1232 3992 de
1252 3913 1457 3994 villaribus
1482 3911 1771 4001 militemtunc
1788 3928 1985 4019 precepto·

559 4073 641 4124 rem
663 4045 836 4134 Francis,
857 4044 923 4151 qui
947 4043 1095 4151 affugit,
1121 4042 1359 4149 presentibus
1378 4042 1562 4122 ⁴fnatribus
1582 4042 1779 4148 ¹Stephano
1803 4040 1850 4118 de
1875 4040 1982 4129 Rivo,

558 4176 671 4253 Petro
691 4175 739 4252 de
759 4174 979 4268 Quadrinio,
1000 4171 1218 4260 deffunctis,
1234 4189 1280 4250 et
1298 4173 1409 4250 Petro
1434 4172 1481 4249 de
1501 4169 1747 4252 Montinbaco
1767 4169 1986 4250 Claramon-

558 4305 675 4383 tensis
691 4303 865 4395 diocesis,
883 4333 1009 4411 quem
1030 4303 1151 4382 credit
1168 4303 1307 4395 vivero,
1333 4319 1377 4379 ct
1398 4302 1437 4380 in
1457 4301 1682 4408 recepcioue
1703 4299 1794 4378 dicti
1810 4301 1916 4378 Petri
1937 4301 1984 4378 de

558 4433 818 4524 Montinbaoo,
833 4463 949 4542 quem
963 4435 1089 4541 primo
1104 4433 1248 4512 videret
1256 4432 1378 4539 recipi
1394 4433 1438 4510 in·
1450 4431 1548 4510 dicta
1563 4428 1721 4536 sepelis,
1736 4445 1826 4508 sunt
1839 4428 1986 4509 circiter

558 4589 621 4641 nnr
644 4565 751 4653 anni,
774 4592 841 4671 per
863 4563 1017 4643 stramem
1041 4563 1254 4644 Gernrdum
1272 4563 1321 4642 de
1350 4562 1457 4640 Briva
1485 4577 1576 4640 tunc
1600 4575 1860 4667 preceptorem
1884 4559 1986 4638 dicte

559 4694 900 4801 domus,·de·oujus
919 4695 991 4772 vita
1006 4694 1065 4772 vel
1078 4711 1199 4772 morte
1215 4721 1297 4772 »non
1312 4693 1432 4773 babet
1441 4690 1728 4782 certitudinem,
1744 4688 1987 4796 presentibus

557 4823 733 4908 fratribus
751 4825 943 4903 Francone
969 4825 1017 4910 de
1030 4822 1283 4916 Montinbaco
1307 4820 1605 4916 munculofdicti
1633 4820 1752 4909 Patri,
1766 4818 1985 4902 =Guiliebno
