4320 5898
454 541 499 614 rr
841 515 1041 612 procus
1067 534 1164 611 uns
1190 532 1489 610 reuertens

448 709 536 762 rens
565 679 780 788 quondam,
812 679 962 758 Thema
990 679 1038 758 de
1070 675 1224 758 Yemvel
1253 693 1344 756 tunc
1383 675 1586 764 serviente,
1620 704 1721 754 nunc
1754 693 1882 758 aurem

449 811 677 920 presbitero,
700 828 738 891 et
757 810 935 918 Philippo
955 809 1004 890 de
1024 810 1154 890 Meuin
1175 810 1376 896 serviente,
1398 837 1419 884 a
1438 836 1516 915 quo
1534 823 1729 914 receptore
1755 808 1883 920 requi-

449 945 534 1024 sivit
552 945 696 1054 plurics
714 972 854 1052 penem
875 961 913 1022 et
933 965 1315 1052 aquam,'pouperem
1328 940 1506 1018 vestitum
1527 957 1567 1018 et
1586 940 1804 1020 societatem
1825 969 1885 1021 or

451 1077 568 1167 diuis,
592 1097 631 1156 et
649 1074 791 1156 obtulit
810 1105 849 1156 sc
871 1074 967 1155 velle
986 1075 1070 1154 lieri
1090 1103 1239 1154 servum
1258 1074 1445 1153 esclovum
1464 1073 1534 1154 Dei
1548 1089 1588 1152 et
1605 1076 1723 1152 Terre
1743 1091 1880 1152 sancte.

451 1212 645 1318 Respouso
665 1227 793 1288 autem
815 1211 940 1288 eidem
959 1208 1065 1317 quod
1090 1210 1189 1289 berre
1212 1207 1454 1300 deliberaret,
1482 1207 1572 1315 quia
1598 1207 1780 1316 grandem
1801 1235 1882 1286 rem

450 1343 618 1447 petebat,
645 1359 684 1421 et
708 1358 902 1450 oporteret
925 1371 1015 1420 eum
1040 1341 1213 1420 abdicare
1240 1370 1260 1419 e
1287 1367 1327 1419 se
1351 1339 1543 1449 propriam
1568 1339 1818 1429 voluntatem,
1846 1357 1884 1417 et

451 1473 586 1584 subjici
606 1473 745 1564 aliene,
765 1472 933 1582 vigillare
954 1474 1108 1584 quando
1128 1473 1244 1552 vellet
1263 1473 1447 1566 dormire,
1470 1472 1613 1551 esurire
1633 1471 1788 1582 quando
1808 1470 1883 1548 vel-

451 1605 505 1684 let
525 1605 744 1695 comedere;
765 1605 928 1683 instante
948 1605 1031 1713 ipso
1051 1623 1149 1684 teste
1167 1634 1237 1713 pro
1257 1635 1324 1684 sua
1344 1605 1583 1712 recepcione,
1605 1603 1695 1683 lecit
1712 1633 1802 1682 eum
1823 1634 1884 1682 vo-

450 1765 534 1815 vere
557 1754 596 1814 et
609 1736 738 1846 jurare
759 1765 874 1844 super
893 1738 1100 1844 quemdam
1120 1736 1261 1816 librum
1282 1737 1506 1828 castitatem,
1529 1735 1809 1826 obedienciam,
1832 1736 1883 1812 vi-

449 1897 535 1947 vere
567 1869 648 1948 sine
684 1868 863 1977 proprio,
896 1897 1043 1948 servare
1078 1868 1201 1948 bonos
1232 1898 1325 1947 usus
1360 1887 1399 1946 et
1429 1869 1550 1949 bonas
1586 1866 1881 1946 consuetudines

451 2001 596 2080 ordinis
627 2015 665 2080 et
696 2000 813 2080 malos
839 1999 1061 2108 reprobare,
1093 2019 1132 2080 et
1156 2030 1234 2080 non
1255 1999 1419 2080 revelare
1444 2018 1587 2080 secreta
1614 1999 1879 2108 capitulorum.

450 2135 538 2212 Post
552 2162 629 2241 que
643 2134 829 2240 imposuit
843 2133 878 2210 ei
894 2132 1138 2224 mantellum,
1158 2134 1289 2241 etipse
1307 2151 1344 2212 et
1361 2151 1524 2212 astantes
1542 2133 1699 2211 fuerunt
1719 2160 1809 2210 eum
1829 2159 1882 2210 os·

450 2265 563 2342 culeti
584 2266 625 2342 in
645 2291 730 2354 ore3
753 2281 791 2341 et
811 2265 989 2342 instruxit
1009 2293 1100 2342 eum
1120 2281 1213 2371 quot
1231 2267 1345 2344 Pater
1371 2281 1486 2344 noster
1513 2264 1752 2370 diceret-pro
1778 2261 1881 2341 boris

448 2397 543 2488 suis,
565 2394 729 2505 qualiter
746 2413 897 2505 regeret
915 2423 954 2475 se
976 2397 1016 2474 iu
1038 2396 1185 2476 ordine.
1204 2397 1292 2490 Quo
1306 2395 1414 2488 sacto,
1434 2396 1559 2474 dictus
1571 2411 1748 2504 receptor
1768 2413 1806 2471 ct
1820 2425 1882 2472 cn-

448 2544 552 2605 ratus
573 2527 620 2613 de
642 2527 865 2616 Somoreus,
887 2529 1042 2606 trahens
1067 2527 1192 2636 ipsum
1212 2544 1348 2607 testem
1368 2545 1470 2606 retro
1498 2527 1629 2618 altare,
1657 2526 1741 2605 aliis
1759 2555 1880 2604 rema-

449 2655 629 2738 nentibus
642 2655 682 2734 in
699 2657 860 2764 capella,
883 2658 1061 2738 dixerunt
1081 2660 1116 2737 ei
1136 2659 1244 2767 quod
1264 2659 1478 2740 secundum
1499 2676 1636 2738 statute
1657 2658 1802 2736 ordinis
1822 2659 1882 2736 de·

448 2789 564 2868 bebet
575 2816 713 2896 spuere
729 2817 843 2896 super
858 2819 1011 2868 crucem
1027 2806 1066 2867 et
1079 2790 1265 2899 abnegare
1280 2791 1406 2870 Deum
1422 2791 1481 2870 vel
1493 2793 1651 2870 Jhesum
1668 2790 1878 2878 Christum,

448 2922 515 3000 sed
536 2949 613 3002 uon
629 2921 762 3000 recolit
781 2921 881 2999 bene
898 2921 929 2999 si
946 2921 1125 3001 dixerunt
1142 2923 1268 3002 Deum
1287 2921 1346 3001 vel
1358 2924 1515 3002 Jhesum
1532 2922 1746 3012 Christum,
1764 2923 1881 3030 magis

448 3069 575 3132 tamen
593 3051 715 3130 credit
727 3050 833 3161 quod
849 3053 1140 3132 nominaverunt
1159 3053 1285 3132 Deum
1300 3083 1412 3162 quam
1427 3055 1445 3130 J
1450 3056 1585 3133 hesum
1601 3052 1796 3132 Christum
1811 3088 1821 3144 ς
1844 3071 1881 3132 et

449 3204 597 3265 ostensa
622 3175 786 3294 quadam
815 3213 941 3276 cruce,
971 3214 1048 3264 nou
1075 3184 1209 3264 recolit
1235 3186 1265 3264 si
1292 3184 1416 3295 ligneo
1444 3185 1503 3264 vel
1528 3186 1718 3276 metelica,
1746 3186 1786 3262 in
1806 3215 1879 3293 qua

449 3334 527 3394 erat
546 3345 680 3424 ymago
701 3316 898 3407 Crucilixi,
921 3317 1094 3425 apodiota
1116 3317 1164 3394 ad
1185 3317 1332 3396 dossale
1349 3317 1491 3410 altaris,
1514 3323 1681 3428 precepit
1701 3319 1736 3396 ei
1757 3319 1879 3396 dictus

447 3465 621 3555 receptor
646 3447 753 3555 quod
778 3466 931 3555 spueret
958 3478 1071 3556 supra
1100 3449 1239 3528 dictam
1267 3475 1436 3539 crucem,
1467 3468 1504 3528 et
1531 3452 1610 3558 ipse
1628 3452 1736 3530 testis
1757 3449 1880 3528 noluit

446 3563 582 3688 spuere
597 3607 723 3688 supro,
740 3581 807 3657 sed
823 3579 926 3687 spuit
936 3577 1061 3688 juxta,
1080 3580 1170 3688 quia
1186 3580 1363 3660 dicebant
1378 3581 1484 3688 quod
1498 3598 1578 3660 eret
1595 3581 1642 3660 de
1660 3581 1807 3688 punctis
1825 3607 1880 3658 or-

447 3713 563 3803 diois,
585 3729 623 3791 et
642 3711 730 3820 quia
751 3711 847 3792 dixit
864 3713 970 3820 quod
988 3713 1063 3791 hoc
1085 3711 1224 3791 laceret
1244 3741 1309 3791 ore
1332 3742 1410 3792 nou
1432 3715 1563 3804 corde,
1585 3731 1624 3792 et
1645 3713 1751 3822 qnod
1775 3730 1878 3822 post·

447 3843 605 3922 modum
631 3861 758 3951 posset
783 3843 831 3921 de
855 3843 930 3922 hoc
954 3843 1150 3936 confiteri3
1172 3845 1339 3952 precepit
1364 3845 1481 3924 eciam
1508 3845 1543 3922 ci
1565 3845 1686 3923 dictus
1706 3860 1880 3952 receptor

447 3974 554 4080 quod
568 3973 771 4081 abnegaret
788 3973 914 4054 Deum
930 3973 989 4052 vel
1003 3975 1159 4054 Jhesum
1180 3976 1390 4069 Christum,
1407 3978 1540 4084 etipse
1560 3976 1668 4056 testis
1683 3975 1879 4084 abnegavit

449 4133 514 4183 ore
539 4133 618 4185 non
648 4105 775 4190 corde.
806 4104 956 4185 Deinde
986 4107 1155 4216 precepit
1185 4108 1219 4186 ei
1244 4109 1350 4216 quod
1375 4107 1607 4188 oscularetur
1627 4109 1752 4216 ipsum
1777 4135 1879 4186 rece-

447 4253 595 4343 ptorem
622 4238 661 4316 in
679 4237 878 4330 umbilico,
908 4238 1045 4346 inquo
1070 4239 1128 4318 vel
1146 4239 1254 4348 juxta
1278 4239 1351 4318 fuit
1371 4269 1460 4318 eum
1488 4240 1676 4320 osculatus
1702 4239 1742 4316 iu
1768 4267 1876 4316 carne

447 4369 566 4461 nuda,
588 4371 676 4478 quia
697 4370 791 4450 dixit
810 4371 917 4481 quod
939 4391 1018 4450 erat
1039 4374 1085 4451 de
1112 4373 1222 4452 dictis
1241 4373 1408 4480 punctis,
1429 4374 1641 4454 secundum
1664 4401 1739 4481 que
1760 4373 1876 4450 eciam

446 4518 593 4606 poterat
615 4501 697 4581 aliis
715 4501 893 4584 fratribus
914 4503 1060 4582 ordinis
1084 4504 1283 4584 carnaliter
1302 4485 1538 4586 commisceri
1560 4520 1599 4584 et
1618 4504 1688 4611 ipsi
1710 4533 1795 4581 cum
1818 4533 1874 4582 eo.

446 4633 525 4710 Hoc
537 4649 664 4713 temen
685 4663 763 4713 non
781 4635 884 4726 fecit,
903 4664 974 4716 nec
994 4638 1115 4715 credit
1135 4639 1240 4746 quod
1261 4637 1370 4718 lieret
1390 4638 1428 4716 in
1450 4639 1596 4718 ordine.
1613 4636 1830 4745 Requisitus
1846 4637 1876 4714 si

444 4762 514 4841 scit
528 4763 587 4842 vel
601 4765 744 4842 audivit
759 4766 833 4844 dici
851 4769 956 4875 quod
975 4767 1106 4848 illicita
1128 4799 1239 4878 supro
1261 4772 1360 4850 dicta
1379 4770 1439 4850 vel
1457 4770 1528 4849 alia
1543 4769 1817 4850 intervenirent
1836 4767 1876 4846 in

443 4897 729 5003 receptionibus
755 4897 916 4977 aliorum
946 4899 1124 4990 fratrum,
1153 4903 1349 5010 respoudit
1379 4906 1484 5011 quod
1511 4931 1610 4992 non,
1641 4925 1710 4982 nec
1736 4900 1878 4980 sciebat
