4320 5898
397 527 446 594 20
508 565 511 570 -
790 496 983 591 rnocts
1009 513 1105 587 ons
1131 513 1432 588 'ruurcruas

397 665 564 740 hannem
589 659 728 739 Mathei
751 659 1001 748 servientem,
1028 656 1069 733 in
1095 652 1235 761 capella
1266 657 1404 735 domus
1427 651 1579 760 Templi
1610 651 1658 728 de
1679 651 1827 730 Votone

397 791 692 902 Engolismensis
724 790 883 868 diocesis
917 815 966 866 xx
994 785 1082 864 anni
1109 801 1199 863 sunt
1230 783 1289 862 vel
1314 787 1426 874 circa,
1452 813 1521 891 per
1550 782 1702 861 fratrem
1736 785 1836 890 Ray-.

399 924 589 1003 mundum
622 924 669 1000 de
698 919 857 1002 Marolio
877 920 1047 996 -militem
1074 915 1287 1026 quondam,
1318 933 1580 1025 preceptorem
1609 931 1701 992 tunc
1730 914 1829 992 dicte

399 1056 538 1134 domus
558 1053 606 1131 de
626 1055 792 1141 Votone,
814 1050 1055 1158 presentibus
1085 1047 1264 1127 fratribus
1289 1049 1400 1126 Petro
1430 1046 1572 1126 Mathei
1597 1045 1828 1155 presbitero,

282 1223 287 1238 ·
401 1206 438 1265 et
462 1186 630 1269 Gerardo
662 1183 698 1262 la
725 1183 878 1266 Veruha
907 1181 1109 1270 serviente,
1140 1196 1233 1258 tunc
1263 1196 1485 1287 preceptore
1516 1178 1828 1288 Petragoricensi,

401 1317 614 1406 deffuncto,
636 1331 676 1394 et
693 1314 923 1423 quibusdam
943 1310 1025 1390 aliis
1044 1312 1091 1389 de
1117 1311 1257 1419 quibus
1275 1339 1351 1388 non
1369 1309 1611 1401 recordatur,
1632 1327 1670 1388 et
1686 1310 1831 1388 eisdem

402 1450 463 1527 die
484 1466 523 1526 et
541 1448 647 1537 loco,
670 1464 710 1526 et
723 1477 792 1555 per
812 1444 1011 1531 eumdem,
1034 1461 1073 1522 et
1093 1443 1238 1522 eisdem
1253 1443 1494 1550 presentibus
1508 1459 1546 1520 et
1561 1443 1699 1521 eodem
1716 1441 1832 1520 modo

400 1580 556 1660 luerunt
580 1580 723 1687 recepti
754 1607 843 1657 cum
870 1577 972 1656 dicto
1000 1574 1114 1654 fratre
1140 1576 1310 1654 lobanne
1330 1575 1471 1655 Mathei
1492 1573 1625 1652 fratres
1638 1573 1833 1654 beraldus

401 1715 519 1804 Juiza,
547 1729 586 1790 et
603 1714 736 1791 Petrus
756 1710 944 1818 Sapientis
969 1707 1191 1798 servientes,
1213 1707 1408 1786 deffuncti.
1430 1707 1536 1788 Vidit
1553 1707 1667 1784 etiam
1687 1706 1834 1814 aliquos

402 1843 495 1923 alios
522 1842 655 1952 recipi,
685 1843 733 1921 de
758 1841 899 1952 quibus
924 1868 1001 1918 non
1027 1839 1268 1929 recordatur,
1290 1840 1330 1915 in
1356 1867 1521 1947 quorum
1547 1839 1834 1946 recepcionibus

402 1977 497 2054 vidit
515 1974 598 2054 lieri
621 1992 660 2053 et
679 1975 824 2084 servari·
835 1975 995 2051 modum
1015 2000 1084 2079 per
1103 1999 1219 2078 quem
1235 1970 1413 2079 deposuit
1431 1999 1470 2048 se
1489 1968 1603 2049 fuisse
1619 1987 1832 2077 receptum,

405 2125 444 2186 et
463 2108 568 2187 nulla
587 2106 717 2186 illicita
733 2107 792 2184 vel
811 2105 1012 2183 inhonesta
1028 2104 1315 2182 intervenerunt
1329 2103 1368 2178 in
1386 2130 1520 2180 eorum
1532 2101 1753 2209 recepcione
1767 2129 1835 2180 nec

404 2257 509 2347 post,
530 2239 637 2348 quod
656 2239 735 2346 ipse
753 2235 903 2315 sciverit
920 2235 981 2313 vel
999 2233 1196 2313 audiverit.
1213 2233 1346 2314 Credit
1361 2233 1600 2312 sacramentis
1616 2233 1837 2312 ecclesiasti-

404 2372 471 2459 cis,
494 2387 532 2448 et
557 2370 677 2449 credit
695 2370 801 2477 quod
822 2367 887 2446 alii
908 2365 1041 2446 iratres
1066 2366 1267 2444 crederent
1288 2383 1327 2443 et
1345 2365 1452 2475 quod
1472 2394 1606 2444 eorum
1626 2366 1837 2444 sacerdotes

407 2503 535 2582 debite
556 2500 803 2580 celebrarent.
822 2498 1028 2578 Dicebatur
1043 2498 1098 2576 eis
1112 2499 1217 2606 quod
1234 2497 1360 2576 statim
1371 2525 1441 2605 pro
1455 2497 1631 2607 professis
1646 2497 1838 2576 habeban-

406 2652 490 2732 tur,
514 2651 552 2712 et
579 2634 685 2741 quod
709 2633 885 2712 ordinem
911 2631 1011 2710 exire
1036 2658 1113 2708 non
1138 2647 1313 2738 poterant
1332 2631 1474 2738 absque
1494 2630 1651 2708 licencia
1670 2631 1839 2737 superio-

407 2795 506 2844 rum.
529 2764 772 2844 Clandestine
801 2763 1080 2872 recipiebantur
1105 2780 1143 2840 et
1168 2745 1301 2840 eorum
1326 2763 1503 2870 capitulio
1516 2762 1773 2850 tenebantur,
1796 2790 1840 2840 ex

409 2928 487 3007 quo
508 2899 628 2977 credit
652 2900 759 3006 quod
779 2913 876 2975 esset
901 2893 1065 3002 suspicio
1090 2910 1219 2972 contra
1242 2922 1318 2972 eos.
1339 2893 1519 2973 Cordulis
1542 2895 1646 2972 unde
1665 2893 1840 2972 volebant

411 3029 612 3138 assumptis
632 3029 880 3138 cingebantur
903 3055 1017 3135 supra
1036 3025 1207 3103 camisias
1231 3055 1319 3102 cum
1339 3024 1481 3132 quibus
1501 3023 1688 3133 jacebant.
1714 3025 1841 3134 lnjun-

410 3162 569 3272 gebatur
589 3162 768 3270 eisquod
784 3188 861 3238 non
881 3157 1091 3236 revelarent
1110 3175 1251 3236 secreta
1271 3158 1524 3264 capitulorum
1545 3173 1584 3235 et
1602 3185 1646 3236 ea
1662 3185 1737 3266 que
1757 3186 1842 3266 age-

411 3297 550 3374 bantur
577 3295 618 3371 in
646 3294 737 3400 ipsis
762 3291 951 3400 capitulis,
972 3290 1044 3368 nisi
1072 3306 1197 3368 essent
1216 3291 1444 3382 communia,
1472 3289 1548 3368 illis
1571 3287 1752 3368 fratribus
1775 3289 1840 3397 qui

412 3454 489 3505 non
510 3425 718 3504 adfuissent
737 3426 778 3502 in
797 3424 869 3514 eis,
893 3440 932 3501 et
951 3423 981 3501 si
1001 3422 1246 3510 revelassent,
1269 3422 1413 3499 audivit
1433 3421 1508 3499 dici
1529 3422 1634 3529 quod
1654 3421 1842 3529 perdidis-

413 3576 497 3638 sent
516 3559 687 3636 domum.
715 3556 985 3664 Injungebatur
1012 3554 1066 3631 eis
1089 3553 1216 3662 quod,
1238 3554 1421 3661 quamdiu
1444 3570 1599 3660 possent
1621 3552 1762 3632 babere
1786 3581 1843 3656 sa-

411 3691 585 3768 cerdotes
608 3689 767 3777 ordinis,
796 3715 874 3772 non
906 3685 1177 3764 confiterentur
1202 3685 1296 3763 aliis.
1325 3683 1458 3763 Credit
1476 3685 1582 3791 quod
1606 3683 1845 3763 uniformiter

413 3823 673 3929 reciperentur
681 3820 722 3897 in
737 3818 885 3910 ordine,
898 3818 995 3896 sicut
1013 3817 1190 3924 deposuit
1205 3845 1245 3894 se
1262 3815 1376 3894 luisse
1391 3833 1598 3924 receptum.
1616 3817 1658 3894 In
1671 3815 1844 3924 capitulis

414 3953 558 4031 audivit
578 3951 720 4059 precipi
738 3950 843 4057 quod
860 3948 1088 4028 eleemosina
1110 3948 1240 4028 debito
1261 3949 1378 4027 modo
1403 3947 1557 4037 fierent,
1581 3966 1619 4027 et
1636 3977 1697 4026 ens
1719 3949 1845 4052 acho

414 4082 655 4191 spitalitatem
670 4081 766 4159 vidit
782 4081 1050 4159 convenienter
1069 4077 1151 4157 fieri
1168 4097 1206 4158 et
1225 4081 1360 4160 servari
1380 4081 1420 4158 in
1442 4080 1621 4159 domibus
1642 4079 1786 4158 ordinis
1804 4079 1844 4155 in

414 4213 555 4323 quibus
580 4213 653 4292 luit
676 4229 941 4292 commoratus.
967 4211 1249 4319 Precipiebatur
1276 4213 1330 4290 eis
1357 4213 1462 4320 quod
1488 4189 1620 4291 debito
1645 4212 1761 4290 modo
1787 4240 1845 4288 ac·

415 4346 610 4453 quirerent
629 4346 766 4425 ordini.
786 4345 914 4424 Januis
934 4343 1085 4434 clausis,
1108 4343 1224 4422 nullis
1238 4345 1478 4452 presentibus
1495 4344 1568 4421 nisi
1588 4343 1766 4422 fratribus
1786 4372 1846 4421 or-

417 4476 534 4572 dinis,
565 4507 697 4558 eorum
729 4476 905 4586 capitulia
928 4476 1178 4569 tenebantur,
1204 4476 1352 4584 proviso
1378 4477 1483 4584 quod
1513 4505 1590 4568 non
1622 4477 1846 4555 audirentur

416 4608 579 4700 exterius
606 4637 681 4716 que
707 4608 853 4687 fiebant
877 4623 916 4686 et
942 4606 1167 4686 dicebantur
1193 4607 1364 4686 interius.
1391 4610 1513 4686 Totus
1544 4607 1638 4686 ordo
1667 4624 1846 4687 servasset

414 4741 520 4850 quod
538 4769 697 4850 magnus
716 4740 893 4850 Magister
912 4769 1001 4816 eum
1020 4756 1207 4828 conventu
1227 4739 1429 4818 statuisset.
1443 4741 1552 4818 Nunc
1568 4740 1724 4848 grandia
1743 4766 1847 4816 scau·

415 4873 516 4963 dala,
538 4874 701 4981 suspicio
723 4890 761 4952 et
780 4870 932 4950 infamia
952 4889 1041 4950 sunt
1061 4889 1187 4951 exorta
1208 4889 1337 4951 contra
1357 4871 1552 4960 ordinem,
1575 4889 1704 4953 contra
1728 4899 1844 4980 quem
