4208 5886
676 523 1003 616 rnootsnns
1035 541 1338 616 reuertens.
1650 543 1725 616 255

301 685 373 763 nisi
387 682 705 791 quodnequiturc
722 681 898 761 videlicet
910 681 1297 788 quodipsercceptus
1309 680 1431 758 lueret
1447 682 1487 760 in
1500 684 1642 790 capelle
1665 685 1728 764 do·

300 845 385 893 mus
405 812 556 920 Templi
577 813 625 890 de
648 811 955 891 BelleChessnna
972 812 1248 892 lemovicensis
1271 812 1445 904 diocesis,
1468 813 1564 891 circa
1586 815 1728 892 instans

298 946 436 1024 festum
462 944 563 1023 beeti
588 943 739 1024 ldertini
759 941 936 1021 hiemalis
962 959 1075 1020 erunt
1101 942 1249 1022 circiter
1269 969 1329 1020 xxr
1356 942 1464 1030 unni,
1484 971 1553 1048 per
1573 944 1728 1023 fratrem

298 1079 533 1156 Franconem
556 1074 603 1152 de
622 1076 713 1153 Bort
732 1072 891 1152 militem
905 1073 1116 1178 quondam,
1131 1071 1369 1179 presentibus
1388 1071 1565 1154 fratribus
1575 1075 1728 1153 Matheo

301 1207 348 1285 de
361 1205 607 1296 Molendinis,
622 1205 760 1282 Bonito
775 1204 824 1280 de
837 1203 996 1294 Ussello,
1010 1203 1187 1282 Gnidone
1203 1204 1252 1282 de
1262 1202 1500 1294 Chemhoret,
1518 1221 1557 1282 et
1568 1206 1728 1312 Hngone

301 1338 347 1416 de
368 1337 604 1418 Chembanas
623 1334 892 1423 servientibus,
919 1333 1140 1424 dellunctis,
1170 1351 1212 1412 ut
1233 1333 1364 1414 credit.
1391 1331 1423 1411 A
1443 1361 1520 1440 quo
1535 1351 1739 1441 receptore¹

299 1469 415 1574 petite
426 1467 604 1546 societate
615 1466 760 1544 ordinis
776 1464 860 1543 etei
874 1491 1065 1552 comessa,
1083 1463 1172 1542 fecit
1184 1492 1273 1544 eum
1289 1491 1421 1542 vovere
1435 1480 1474 1540 et
1482 1466 1609 1571 jurare
1624 1467 1731 1544 casti·

298 1615 430 1688 tetem,
450 1595 873 1687 obediencinwivere
894 1593 976 1671 sine
996 1594 1170 1699 proprio,
1189 1620 1333 1672 servare
1353 1593 1476 1671 bonos
1496 1621 1588 1673 usus
1606 1611 1643 1672 et
1662 1596 1730 1674 bo-

299 1728 669 1807 nesoonsuetodines
686 1725 830 1804 ordinis
839 1724 1327 1832 quetuncerantinordine
1343 1741 1381 1802 ct
1394 1751 1468 1830 que
1483 1724 1522 1800 iu
1535 1742 1728 1830 posterum
1855 1781 1860 1802 .

299 1859 584 1965 imponerentur
607 1885 674 1962 per
697 1857 917 1964 Magistrum
947 1883 1037 1932 cum
1060 1855 1215 1934 consilio
1235 1854 1533 1961 presbiterorum
1561 1856 1725 1944 ordinis,

299 2015 376 2064 non
396 1986 561 2066 revelare
584 2004 724 2064 secretu
746 1985 1010 2092 capitoliorum
1038 2013 1109 2063 nec
1129 1986 1289 2066 modum
1317 2015 1384 2066 sue
1411 1986 1661 2093 recepcionis‚
1691 2004 1729 2066 et

298 2119 402 2223 quod
417 2145 496 2194 non
515 2117 724 2194 dimitteret
749 2115 924 2192 ordinem
941 2116 1083 2194 dictum
1109 2143 1179 2220 pro
1198 2114 1348 2194 meliori
1367 2115 1428 2192 vel
1448 2116 1583 2223 pejori;
1602 2134 1640 2195 et
1658 2117 1729 2196 irn-

298 2246 421 2351 posito
435 2246 507 2324 sibi
521 2244 716 2332 mantello,
730 2245 811 2350 ipse
824 2245 930 2322 testis
942 2245 1015 2324 fuit
1029 2245 1219 2324 osculatus
1229 2244 1352 2352 ipsum
1363 2259 1499 2325 testem
1510 2246 1549 2322 in
1564 2275 1646 2334 ore,
1658 2274 1728 2326 nec

299 2375 401 2452 alibi.
423 2376 555 2453 Postea
574 2374 683 2452 allata
703 2375 865 2481 quadam
886 2404 1006 2452 cruce
1020 2375 1159 2482 lignee,
1182 2376 1300 2454 nescit
1315 2403 1528 2481 perquem,
1550 2403 1620 2454 nec
1639 2376 1727 2458 siin

300 2532 342 2582 ea
357 2522 435 2584 eret
449 2531 583 2612 ymago
600 2502 794 2595 Crucifixi,
811 2505 935 2582 dictus
954 2521 1128 2610 receptor
1141 2504 1309 2610 precepit
1326 2503 1360 2581 ei
1378 2503 1481 2610 quod
1498 2521 1650 2608 spueret
1664 2530 1727 2584 su-

297 2661 364 2738 pre
379 2635 518 2712 dictem
527 2663 695 2722 crucem,
707 2651 746 2711 et
757 2633 862 2740 quod
876 2633 1253 2741 abnegerctlhesum,
1273 2651 1312 2712 et
1323 2635 1404 2740 ipse
1413 2633 1524 2712 testis
1537 2659 1615 2712 non
1626 2635 1728 2739 spuit

299 2792 410 2870 supra
426 2764 493 2842 sed
501 2764 608 2872 juxte
620 2764 759 2841 dictem
774 2791 941 2852 crucem,
960 2779 998 2840 et
1015 2762 1212 2870 abnegavit
1224 2763 1381 2840 lhesum
1399 2789 1482 2854 ore,
1500 2791 1578 2841 non
1594 2763 1723 2852 corde,
1831 2845 1839 2852 ,

299 2909 344 2970 nt
361 2894 469 2981 dixit,
490 2893 672 2999 adjiciens
689 2921 757 2998 per
772 2894 915 2972 dictum
930 2910 1166 2998 receptorem
1184 2893 1327 2978 dictum
1347 2893 1461 2974 fuisse
1477 2892 1602 2972 eidem
1622 2895 1726 3000 quod

298 3022 381 3100 aliis
395 3023 572 3100 fratribus
592 3023 736 3100 ordinis
754 3037 903 3130 poteret
921 3022 1119 3102 carnaliter
1139 3023 1392 3112 commisceri,
1409 3038 1448 3101 et
1461 3022 1532 3129 ipsi
1547 3052 1633 3100 cum
1656 3051 1724 3114 eo;

301 3152 373 3229 hoc
392 3169 519 3228 temen
539 3179 616 3227 non
640 3151 745 3240 lecit,
767 3180 839 3228 nec
858 3151 928 3226 luit
948 3151 1168 3256 requisitus,
1190 3179 1260 3228 nec
1282 3151 1401 3229 credit
1425 3152 1531 3257 quod
1554 3152 1664 3230 [ieret
1686 3154 1724 3230 in

299 3278 448 3370 ondine3
471 3295 508 3354 et
523 3277 644 3354 credit
661 3279 767 3383 quod
779 3279 947 3384 predicte
965 3277 1094 3357 illicito
1110 3296 1146 3356 et
1161 3307 1238 3356 non
1253 3279 1326 3357 elia
1339 3281 1610 3360 intervenirent
1625 3309 1726 3360 com·

299 3407 467 3484 munitor
485 3424 525 3484 et
540 3407 684 3512 ubique
703 3408 744 3484 in
764 3407 1050 3512 receptionibus
1070 3408 1250 3502 eliorum,
1276 3410 1365 3515 quie
1391 3408 1461 3488 hec
1486 3427 1524 3488 et
1549 3439 1626 3491 nnn
1654 3413 1725 3492 alia

299 3536 428 3614 illicita
446 3537 734 3618 interuenerunt
747 3537 787 3618 in
802 3538 1023 3644 necepcione
1044 3565 1121 3628 sua,
1134 3556 1172 3616 et
1190 3539 1278 3644 quia
1288 3569 1356 3646 per
1370 3542 1549 3621 eumdem
1565 3542 1725 3624 modum

296 3665 439 3746 viderat
450 3668 582 3773 recipi,
597 3697 666 3775 per
678 3667 832 3748 srntrem
844 3671 997 3753 Petrum
1014 3669 1062 3747 de
1078 3669 1227 3750 Medico
1237 3669 1398 3752 militem
1411 3671 1622 3777 quondam,
1635 3692 1726 3755 sunt

299 3797 445 3874 circiter
455 3824 505 3876 ιιι
516 3797 791 3888 annidrnrem
803 3799 1214 3904 Stephanumlarrosse
1225 3799 1493 3906 presbiterum,
1506 3801 1726 3881 Claromon-

297 3929 414 4004 tensis
429 3927 608 4016 diocesis,
628 3945 722 4007 tunc
747 3929 944 4011 detentum
962 3929 1002 4008 in
1024 3930 1165 4008 diocesi
1187 3931 1401 4022 Perisiensi,
1426 3931 1466 4006 in
1489 3932 1633 4038 capella
1658 3934 1725 4012 do-

297 4083 381 4135 mus
395 4058 547 4163 Templi
574 4059 620 4136 de
640 4059 773 4166 Posgia
792 4060 1067 4138 Lemovicensis
1089 4059 1263 4149 diocesis,
1287 4060 1525 4166 presentibus
1547 4062 1725 4146 fratribus

297 4184 469 4264 Dionisio
484 4188 531 4266 de
544 4186 692 4277 Castris,
710 4188 903 4296 Stephano
919 4189 1145 4267 deBriudeu
1161 4206 1199 4265 et
1213 4177 1380 4268 Fulcone
1394 4192 1442 4268 de
1456 4193 1640 4300 Vemegie
1653 4221 1725 4270 ser-

298 4315 500 4405 vientibus,
523 4315 741 4410 deffimctis;
757 4318 926 4424 plurium
940 4319 1226 4425 receptionibus
1243 4347 1283 4396 se
1304 4347 1383 4398 non
1407 4320 1542 4398 recolit
1561 4321 1721 4400 affuisse.

297 4445 405 4532 Item,
420 4444 631 4552 dicitquod
649 4446 689 4524 in
706 4447 1068 4531 dieVenerissnucte
1080 4449 1288 4537 adorabant
1301 4448 1437 4528 devote
1447 4467 1484 4528 et
1496 4470 1722 4546 reverenter,

298 4573 411 4650 nudis
428 4573 605 4679 pedibus,
627 4603 794 4669 cnrcem,
809 4593 851 4654 et
868 4578 974 4683 quod
992 4577 1072 4683 ipse
1087 4576 1185 4661 bene
1202 4576 1378 4658 cedebat
1393 4579 1651 4660 ecclesiasticis
1670 4610 1726 4662 se·

299 4704 514 4794 crementis,
529 4705 688 4788 credens
702 4706 807 4812 quod
819 4706 884 4786 elii
900 4706 1031 4785 fratres
1051 4708 1197 4788 ordinis
1217 4709 1353 4789 eodem
1371 4708 1488 4790 modo
1507 4711 1721 4800 crederent,

298 4849 334 4908 et
342 4834 446 4938 quod
457 4861 589 4915 eorum
608 4835 821 4916 secerdotes
834 4837 960 4921 debite
971 4837 1216 4927 celebrarent.
1229 4839 1473 4923 Clandestioe
1486 4841 1721 4948 recipieban-
