4208 5886
409 533 484 602 non
788 508 986 596 proces
1018 521 1115 594 ons
1145 521 1452 596 innectens

407 667 694 776 recepcionibus
712 665 868 744 fratrum
890 663 1034 744 ordinis
1053 661 1112 740 vel
1130 679 1216 770 post
1236 681 1360 742 essent
1379 665 1636 743 communiter
1655 684 1745 744 notu
1764 669 1838 746 lra-

404 802 527 880 tribus
553 799 698 879 ordinis
721 815 806 876 ante
829 823 962 874 eorum
988 794 1221 903 capcionem‚
1247 796 1316 874 sed
1340 823 1418 874 nou
1443 797 1648 890 extraneis,
1671 815 1709 876 et
1731 801 1836 907 quod

408 961 567 1042 magnus
586 931 763 1040 Magister
787 947 826 1007 et
850 925 913 1006 alii
939 925 1097 1006 confessi
1125 926 1267 1005 luerint
1288 925 1354 1006 illu
1377 955 1454 1034 que
1481 927 1607 1006 littere
1630 929 1838 1036 apostolice

408 1063 605 1141 continent
634 1089 699 1139 eos
723 1057 914 1138 confessos
940 1057 1066 1136 fuisse.
1096 1055 1179 1136 Non
1206 1056 1396 1136 obtulerat
1418 1086 1459 1135 se
1486 1058 1534 1136 ed
1561 1058 1836 1140 deffensionem

410 1194 567 1272 ordinis.

331 1397 334 1402 .
464 1323 677 1432 Requisitus
696 1323 726 1400 si
747 1323 799 1400 sic
820 1321 1045 1428 deposuerat
1070 1321 1229 1410 timore,
1258 1345 1407 1410 amore,
1430 1320 1538 1410 odio,
1556 1319 1614 1400 vel
1633 1321 1834 1430 temporali

408 1455 571 1532 comodo
592 1451 721 1530 habito
741 1450 799 1528 vel
819 1450 1015 1542 habendo,
1042 1450 1239 1556 respondit
1257 1450 1362 1558 quod
1382 1478 1476 1544 non,
1503 1450 1570 1530 sed
1589 1479 1660 1559 pro
1683 1454 1836 1532 veritate

409 1585 588 1676 dicende,
617 1601 655 1662 et
679 1583 729 1660 ad
753 1582 1062 1660 exoneracionem
1089 1581 1321 1660 consciencie
1347 1609 1431 1672 sue;
1454 1583 1513 1660 cui
1533 1581 1604 1661 fuit
1623 1584 1836 1692 injunctum
1987 1669 1990 1678 ,

407 1716 512 1822 quod
530 1743 607 1792 non
623 1712 803 1791 revelaret
817 1714 914 1790 hanc
924 1741 1029 1790 suam
1044 1713 1345 1820 deposicionem,
1362 1741 1559 1821 qtronsque
1575 1716 1837 1794 attestuciones

407 1844 548 1922 fuerint
567 1842 766 1949 publicate.

465 1977 556 2051 Acta
581 1972 722 2051 fiterint
746 1972 816 2050 hec
842 1971 952 2049 dictis
977 1971 1038 2048 die
1058 1988 1096 2048 et
1113 1970 1217 2070 loco,
1239 1973 1477 2077 presentibus
1497 2001 1558 2052 me
1578 1973 1836 2053 Floriamonte

408 2104 625 2194 Dondedei‚
652 2101 845 2180 Bernardo
865 2099 1040 2192 Filihoti,
1059 2100 1267 2180 Gnillelmo
1284 2101 1490 2209 ludulphi,
1512 2104 1705 2182 Bernnrdo
1720 2105 1837 2182 llum·

409 2234 511 2312 baldi
533 2251 572 2312 et
591 2235 699 2339 Hugo
718 2230 858 2309 Nicolai
886 2230 1041 2308 nouriis
1060 2257 1172 2338 supra
1192 2231 1312 2308 dictis.

350 2583 357 2594 ,
465 2497 553 2571 Post
581 2495 669 2581 hec,
696 2491 759 2568 die
784 2489 934 2568 Sabbati
966 2490 1155 2596 sequenti,
1183 2518 1258 2598 que
1289 2490 1360 2568 fuit
1385 2517 1446 2569 vru
1476 2493 1558 2571 dies
1587 2494 1676 2572 dicti
1697 2498 1837 2576 mensis

408 2625 514 2712 maii,
547 2623 618 2699 luit
647 2621 834 2700 adductus
862 2619 909 2698 ad
938 2619 1170 2726 presenciam
1201 2620 1425 2700 eorumdem
1459 2622 1705 2702 dominorum
1733 2655 1836 2704 com-

410 2753 685 2838 missariorum,
705 2751 744 2826 in
776 2751 892 2828 domo
917 2749 1101 2856 predicte,
1130 2747 1244 2826 freter
1261 2746 1495 2829 Guillelmus
1514 2751 1730 2830 Audenbon
1758 2783 1836 2832 ser-

410 2887 530 2972 viens,
553 2881 867 2990 Petrsgoricensis
895 2878 1070 2970 diocesis,
1103 2877 1210 2956 testis
1243 2905 1355 2985 supra
1380 2879 1548 2988 juretus,
1566 2897 1608 2958 ut
1629 2883 1837 2990 deponeret

410 3015 554 3091 dictum
583 3042 713 3104 suum,
743 3011 894 3118 triginta
924 3036 1111 3086 annornm
1145 3007 1202 3084 vel
1232 3008 1344 3098 circa,
1377 3008 1601 3088 mantellum
1636 3013 1781 3094 ordinis
1799 3032 1837 3094 ct

408 3143 562 3222 barbam
580 3135 787 3229 defferens,
808 3169 893 3218 cum
919 3166 995 3246 quo
1027 3137 1253 3245 inquisitum
1279 3137 1417 3230 luerat,
1439 3137 1636 3218 absolutus
1653 3159 1691 3218 et
1708 3171 1835 3222 recon-

408 3273 555 3351 ciliatus
586 3254 655 3380 per
687 3271 885 3348 dominum
912 3269 1130 3375 episcopum
1160 3269 1453 3346 llantonensem.
1488 3270 1613 3348 Lectis
1642 3287 1770 3351 eutem
1801 3293 1837 3352 et

409 3403 610 3511 diligenter
631 3401 807 3509 expositis
837 3399 908 3478 sibi
936 3399 1114 3478 omnibus
1133 3415 1172 3476 et
1192 3397 1351 3509 singulis
1378 3398 1560 3492 articulis,
1582 3403 1779 3509 respondit
1797 3434 1836 3484 se

409 3537 571 3626 nescire,
588 3561 658 3612 nec
671 3533 842 3622 credere,
857 3559 928 3609 nec
945 3530 1128 3609 audivisse
1139 3530 1212 3608 dici
1231 3530 1278 3607 de
1297 3531 1485 3610 contentis
1500 3532 1539 3608 in
1555 3531 1610 3610 eis
1633 3533 1703 3612 nisi
1730 3535 1837 3642 quod

408 3669 591 3773 sequitur,
614 3667 801 3773 quianon
822 3680 974 3741 steterat
997 3662 1036 3739 in
1056 3661 1190 3740 ordine
1219 3678 1304 3739 unte
1335 3662 1551 3769 capcionem
1585 3691 1735 3758 eorum,
1764 3667 1834 3744 nisi

321 3809 329 3822 '
407 3827 475 3904 per
489 3824 633 3874 annum
646 3823 734 3874 cum
745 3793 907 3873 dimidio
917 3792 975 3872 vel
990 3794 1100 3884 circa,
1117 3821 1187 3872 nec
1197 3793 1340 3871 videret
1352 3794 1467 3900 recipi
1481 3795 1553 3874 uisi
1569 3825 1688 3874 unum
1702 3795 1832 3876 alium.

407 3931 489 4032 lpse
510 3944 637 4005 autom
661 3927 785 4003 luerat
810 3941 998 4030 receptus,
1028 3941 1073 4000 ut
1099 3923 1208 4012 dixit,
1230 3923 1269 4000 in
1290 3923 1432 4030 capelle
1452 3924 1589 4004 domus
1611 3926 1761 4034 Templi
1788 3928 1834 4006 ds

407 4059 573 4168 Syoorac
624 4057 875 4136 Xantonensis
917 4055 1099 4145 diocesis,
1134 4055 1254 4160 prims
1288 4055 1487 4132 Dominica
1520 4057 1832 4167 Quadragessime

407 4191 579 4296 proximo
607 4187 785 4295 preterita
812 4187 967 4265 luerunt
993 4187 1120 4264 vanni
1139 4184 1198 4262 vel
1231 4187 1342 4276 circa,
1375 4214 1443 4292 per
1476 4186 1629 4266 fratrem
1648 4188 1833 4268 Guaufre-

313 4357 315 4364 ¹
407 4321 499 4398 dum
528 4321 575 4397 de
607 4317 801 4400 Gonnvilla
841 4334 1100 4424 preceptorem
1129 4316 1364 4424 Aequitanie‚
1394 4318 1633 4423 presentibus
1657 4319 1847 4432 fratribus¹

409 4451 567 4557 Hugone
597 4450 790 4558 Raynaudi
816 4465 1034 4556 preceptore
1068 4447 1166 4526 dicte
1193 4449 1346 4534 domus,
1378 4449 1443 4558 qui
1471 4447 1662 4530 detinetur
1696 4453 1833 4530 llanto·

403 4581 482 4670 nis,
516 4577 724 4658 Guillelmo
743 4579 956 4660 Candelarii
981 4596 1200 4686 preceptore
1229 4580 1367 4660 domos
1386 4577 1463 4658 deu
1489 4579 1633 4673 Deffes‚
1655 4583 1721 4690 qni
1737 4582 1813 4660 deti

407 4729 520 4788 netur
543 4707 644 4818 apud
666 4709 845 4790 Sanctum
872 4710 1084 4788 lohannem
1106 4709 1312 4819 Angelum,
1341 4711 1496 4790 Petrum
1520 4711 1568 4790 de
1591 4713 1830 4792 Montinheco

405 4859 667 4948 preceptorem·
685 4843 732 4918 de
756 4841 887 4920 Castro
910 4841 1109 4932 Bernsrdi‚
1131 4843 1169 4918 in
1193 4841 1296 4919 dicto
1317 4842 1402 4920 loco
1423 4843 1545 4920 Sancti
1568 4844 1749 4922 Johannis
1769 4844 1830 4922 de·
