4208 5886
373 525 446 596 eos
758 497 953 592 rnoons
985 515 1081 589 nes
1112 515 1416 590 rennuens.

371 662 518 772 negavit
532 660 658 740 Deum
679 685 766 749 ore,
785 688 864 738 non
880 659 1011 748 corde,
1031 658 1071 736 in
1090 657 1284 765 presencia
1304 657 1393 736 dicti
1413 658 1633 763 recepturis,
1648 677 1687 738 et
1705 660 1799 740 elio-

370 824 457 874 rum
485 793 552 900 qui
583 789 780 872 adfuerant
815 789 1026 898 recepcioni
1056 816 1140 881 sue,
1170 806 1208 867 et
1236 787 1360 868 fratris
1386 788 1528 870 Mathis
1562 789 1609 867 de
1634 791 1798 902 Stsmpis

369 925 564 1036 quondam
585 923 780 1004 servientis
802 923 891 1002 dicti
910 919 1152 1030 preceptoris.
1172 919 1307 1029 Aliqua
1331 937 1459 1000 temen
1483 919 1554 998 elia
1573 919 1703 1000 illicita
1720 953 1799 1004 non

370 1056 465 1137 dixit
481 1083 551 1132 nec
576 1054 745 1162 precepit
771 1055 898 1133 eidem
917 1069 1116 1163 preceptor
1131 1051 1337 1159 predictus.
1358 1050 1462 1130 Dixit
1488 1051 1607 1130 ecism
1627 1056 1733 1161 quod
1753 1083 1796 1134 ex

369 1205 459 1265 tunc
484 1184 703 1292 frequenter
722 1184 905 1266 hebueret
924 1183 1157 1264 voluntatem
1180 1179 1354 1260 ordinem
1374 1198 1530 1289 propter
1556 1183 1629 1260 hoc
1657 1185 1799 1291 specie·

371 1317 458 1426 liter
486 1313 667 1407 exeundi,
693 1315 760 1394 sed
789 1343 868 1392 non
898 1315 1078 1402 audebat,
1109 1312 1198 1419 quie
1222 1311 1382 1391 timebat
1412 1313 1518 1420 quod
1536 1330 1734 1422 caperetur
1751 1317 1798 1397 rb

372 1451 442 1538 eis,
463 1464 503 1525 et
519 1446 624 1554 quod
645 1444 718 1524 sibi
735 1445 932 1552 personale
946 1442 1160 1552 periculum
1183 1445 1413 1524 immineret.
1433 1447 1546 1534 Item,
1572 1446 1666 1524 dixit
1691 1449 1797 1556 quod

370 1581 449 1687 ipse
465 1593 658 1684 receperat
678 1574 833 1654 fratrem
852 1577 1022 1658 Arneum
1043 1574 1091 1652 de
1106 1573 1298 1654 Britannia
1313 1575 1567 1682 presbiterum
1583 1579 1795 1684 quondam,

370 1711 409 1787 in
430 1708 573 1818 capella
590 1707 727 1786 domus
746 1707 900 1814 Templi
920 1704 1215 1814 Andegnvensis,
1239 1722 1328 1784 sunt
1347 1705 1496 1784 circiter
1515 1733 1566 1785 κη
1586 1709 1692 1802 enni,
1713 1737 1797 1816 pre-

370 1839 543 1920 sentibus
561 1837 740 1916 frstribus
756 1837 898 1916 Mothis
914 1835 1094 1918 Velbardi
1120 1836 1168 1914 de
1195 1835 1327 1914 Castro
1351 1837 1545 1945 Raynsudi
1564 1839 1796 1918 Turonensis

371 1971 548 2059 diocesis,
563 1967 733 2048 Marcilio
756 1969 864 2076 cujus
879 1994 1091 2078 cognomen
1112 1967 1274 2077 ignoret,
1294 1965 1510 2060 deffunctis,
1533 1985 1572 2046 et
1588 1967 1796 2050 Guillelmo

371 2103 420 2179 de
447 2102 583 2181 Munec
608 2099 842 2178 Turonensis
870 2099 1046 2190 diocesis,
1073 2124 1190 2206 quem
1221 2097 1341 2176 credit
1364 2099 1503 2188 vivere,
1530 2100 1794 2195 servientibus,

370 2233 410 2309 in
431 2259 596 2338 quorum
626 2229 834 2336 presencia,
855 2228 977 2336 prime
1007 2229 1069 2308 die
1101 2227 1348 2336 recepcionis‚
1371 2227 1461 2306 lecit
1477 2258 1586 2324 eum,
1610 2247 1696 2338 post
1721 2249 1796 2310 trs-

372 2359 562 2440 dicionem
587 2357 774 2450 montelli,
796 2357 1091 2468 sbnegncionem
1115 2358 1236 2438 lacere
1256 2358 1526 2466 supradictam,
1550 2360 1598 2438 de
1623 2388 1700 2468 quo
1724 2361 1796 2442 luit

370 2491 474 2570 idem
490 2488 676 2598 presbiter
694 2489 860 2568 multum
874 2489 1060 2568 turbatus.

364 2611 367 2618 λ
426 2621 642 2730 Requisitus
660 2648 776 2729 quere
803 2619 891 2698 lecit
912 2620 996 2698 lieri
1026 2619 1235 2728 predictum
1263 2620 1573 2729 abnegecionem,
1601 2625 1796 2728 respondit

370 2754 477 2860 quod
494 2779 563 2860 pro
584 2780 631 2831 eo
650 2751 738 2859 quia
762 2751 1016 2830 communiter
1032 2749 1148 2828 fiebat
1175 2749 1217 2827 in
1238 2750 1392 2841 ordine,
1418 2767 1456 2828 et
1483 2751 1571 2857 quis
1591 2753 1663 2831 sibi
1692 2752 1795 2832 vide·

370 2899 436 2959 tur
464 2884 571 2990 quod
589 2881 703 2961 irater
726 2883 858 2959 Petrus
876 2880 924 2958 de
945 2877 1150 2960 Villaribus
1179 2878 1290 2958 miles
1310 2880 1521 2987 quendem,
1544 2898 1635 2960 tunc
1666 2907 1796 2988 prece-

370 3029 456 3117 ptor
470 3013 645 3104 Pictavie,
665 3027 885 3118 preceperat
901 3009 1027 3088 eidem
1041 3010 1127 3088 testi
1141 3009 1262 3117 quod,
1274 3011 1429 3117 quando
1444 3011 1630 3118 reciperet
1643 3011 1791 3100 lrstres,

370 3142 508 3222 faceret
530 3142 613 3220 lieri
631 3141 924 3249 obnegeoionem
950 3139 1171 3245 predictam.
1197 3141 1308 3230 Item,
1335 3140 1428 3218 dixit
1455 3141 1562 3246 quod
1582 3140 1711 3246 plures
1737 3171 1795 3218 re·

371 3273 546 3380 cepisset,
568 3271 641 3350 nisi
662 3269 893 3350 consciencie
909 3267 1154 3348 remordisset
1171 3295 1259 3346 eum
1276 3268 1325 3346 de
1342 3269 1417 3348 hoc
1435 3270 1542 3376 quod
1562 3270 1692 3350 illicite
1711 3299 1796 3380 rge-

370 3401 481 3482 bstur
512 3403 552 3480 in
583 3399 869 3510 recepcionibus
898 3397 1093 3507 predictis,
1124 3397 1279 3505 etquis
1308 3397 1529 3507 frequenter
1559 3399 1702 3478 fiebant
1727 3429 1796 3508 per

370 3531 596 3640 symoniam,
617 3533 701 3611 dete
717 3530 897 3638 peccunia
913 3527 973 3608 vel
993 3527 1076 3607 eliis
1096 3527 1415 3636 eqnipolentibus.
1434 3529 1539 3608 Dixit
1552 3521 1677 3620 eciem
1690 3533 1795 3639 quod

368 3665 579 3742 secundum
604 3663 763 3742 modum
787 3661 1001 3768 predictum
1021 3659 1166 3738 videret
1189 3658 1229 3736 in
1255 3659 1389 3738 ordine
1422 3660 1538 3768 recipi
1564 3661 1722 3750 multos,
1753 3663 1793 3742 in

370 3793 545 3900 capitulis
569 3793 768 3872 celebretis
791 3791 893 3899 apud
924 3789 1116 3868 Ausonem
1145 3789 1368 3868 Pictsrensis
1394 3791 1555 3872 diocesis
1581 3809 1620 3870 et
1644 3793 1683 3870 in
1711 3791 1794 3872 eliis

370 3921 479 4011 locis,
507 3941 547 4000 et
570 3923 778 4002 nominavit
797 3921 943 3998 dictum
969 3919 1121 3997 fratrem
1145 3918 1398 3999 Guillelmum
1428 3921 1477 3999 de
1504 3921 1657 4014 Munso,
1680 3952 1794 4033 quem

370 4051 466 4129 vidit
485 4051 601 4158 recipi
619 4053 659 4128 in
682 4049 824 4158 capelle
848 4050 988 4128 domus
1007 4049 1157 4158 Templi
1177 4051 1229 4129 de
1245 4051 1338 4130 Belo
1358 4053 1591 4134 Turonensis
1616 4052 1792 4148 diocesis,

371 4198 461 4259 sunt
477 4209 539 4262 xrs
563 4181 652 4258 enni
683 4196 721 4259 et
737 4179 857 4274 ultra,
878 4207 945 4286 per
964 4179 1117 4260 fratrem
1140 4179 1390 4260 Amblardum
1411 4182 1459 4260 de
1473 4184 1651 4264 Vienesio
1674 4213 1795 4292 quon·

371 4311 476 4405 dam,
504 4328 765 4420 preceptorem
787 4327 879 4389 tunc
904 4311 1081 4404 Pictavie,
1105 4312 1345 4418 presentibus
1370 4311 1549 4392 iratribus
1568 4315 1718 4393 Thomu
1745 4314 1793 4394 de

369 4442 537 4521 Verrone
551 4441 765 4550 quendem,
779 4457 818 4519 et
836 4440 918 4520 aliis
938 4441 986 4521 de
1000 4442 1143 4550 quibus·
1155 4471 1233 4522 nou
1253 4444 1489 4534 recordatum
1510 4445 1558 4523 de
1575 4445 1794 4524 nominibus

369 4569 532 4650 aliorum
550 4600 647 4680 quos
672 4571 882 4652 secundum
908 4573 1068 4652 modum
1092 4575 1306 4682 predictum
1328 4575 1425 4653 vidit
1454 4575 1570 4683 recipi
1591 4576 1684 4653 dixit
1709 4603 1795 4683 pre·

238 4719 245 4734 '
370 4702 583 4782 sencbliter
611 4731 652 4782 se
678 4729 756 4782 non
780 4704 980 4782 recordari.
1007 4707 1119 4799 hem,
1146 4705 1240 4786 dixit
1258 4733 1297 4783 se
1329 4707 1543 4787 interfuisse
1562 4707 1793 4816 receptioni-

368 4831 441 4913 bus
468 4832 590 4926 frstris
607 4832 805 4914 Guillelmi
827 4833 875 4912 de
897 4833 1086 4928 Sumtus,
1106 4837 1212 4915 testis
1232 4833 1314 4914 beri
1336 4839 1555 4931 examinati;
1572 4839 1639 4918 sed
1654 4837 1793 4916 tradito
