4208 5886
416 521 484 592 190
787 503 983 596 rnocts
1014 521 1110 595 uss
1140 520 1449 596 restauruns.

405 661 654 739 Xantonensis
670 660 849 754 diocesis,
868 690 937 769 per
949 661 1102 740 fratrem
1117 662 1272 740 Petrum
1294 663 1342 740 de
1360 663 1506 742 Madito
1528 664 1689 742 militem
1713 697 1837 774 quon-

405 791 513 882 dam,
542 791 637 868 circe
662 791 800 869 festum
824 793 1031 872 Nativitatis
1053 793 1207 871 Domini
1234 795 1406 901 proximo
1430 797 1653 901 preteritum
1680 798 1837 878 luerunt

405 923 553 1001 circiter
571 949 635 1002 ιιιι
661 924 764 1015 anni,
790 925 1029 1030 presentibus
1053 925 1232 1005 fratribus
1260 929 1371 1005 Petro
1394 927 1575 1018 Danbon,
1603 947 1641 1006 et
1665 929 1834 1010 Gerardo

406 1057 453 1132 de
470 1055 505 1130 la
518 1055 684 1144 Vernba,
700 1074 920 1162 preceptore
937 1057 1251 1166 Petragoricensi,
1266 1076 1304 1136 et
1318 1057 1529 1137 Guillelmo
1555 1060 1602 1136 de
1623 1059 1748 1140 Planis
1763 1093 1836 1142 ser-

406 1185 611 1278 vientibus,
628 1185 844 1274 deffirnctis,
858 1187 898 1262 in
924 1187 1026 1264 bunc
1046 1189 1229 1265 modum:
1251 1217 1338 1266 nam
1354 1217 1439 1266 cum
1456 1191 1630 1296 periisset
1642 1221 1780 1299 panem
1796 1215 1835 1272 et

406 1343 541 1424 aquam
563 1315 727 1404 ordinis,
745 1334 782 1392 et
797 1316 832 1393 ei
846 1317 1013 1394 concessi
1028 1316 1204 1409 fuissent,
1227 1316 1315 1395 fecit
1335 1347 1423 1396 eum
1445 1320 1568 1398 dictus
1583 1341 1755 1430 receptor
1770 1353 1834 1402 vo-

404 1475 490 1525 vere
512 1465 548 1524 et
566 1449 695 1556 jurare
716 1448 941 1540 castitatem,
966 1447 1250 1538 obedienciam,
1279 1466 1317 1526 ct
1343 1450 1466 1526 vivere
1494 1452 1574 1529 sine
1599 1456 1773 1561 proprio,
1796 1474 1836 1533 et

405 1578 582 1684 imposito
604 1578 675 1654 sibi
699 1571 893 1667 mantello,
916 1596 1087 1685 receptor
1101 1595 1139 1656 et
1154 1595 1315 1657 astantes
1331 1579 1487 1658 osculati
1507 1580 1662 1660 luerunt
1682 1613 1769 1662 eum
1794 1588 1833 1662 iu

405 1735 482 1786 ore.
499 1710 676 1815 Postque
693 1707 795 1784 idem
816 1725 989 1814 receptor
1002 1710 1170 1815 precepit
1184 1709 1239 1798 ei,
1260 1709 1301 1787 in
1315 1712 1507 1816 presencia
1526 1712 1704 1802 aliorum,
1726 1717 1832 1821 quod

404 1857 557 1946 spueret
572 1840 610 1914 in
625 1855 782 1926 terram,
793 1839 899 1946 juxta
914 1839 1117 1946 quamdam
1136 1869 1285 1917 erucem
1305 1839 1467 1948 ligneam
1485 1842 1523 1918 in
1539 1859 1637 1920 terra
1651 1845 1828 1950 positam,

404 1974 443 2048 in
465 1999 540 2077 qua
561 1997 639 2047 non
661 1986 738 2046 erat
757 1995 893 2076 ymago
918 1969 1113 2058 Crucifirti,
1137 1971 1256 2048 nescit
1280 1999 1481 2079 perquem
1508 1971 1672 2062 allatam,
1696 1992 1734 2051 et
1753 1975 1832 2082 ipse

404 2103 508 2180 testis
532 2101 633 2208 spuit
660 2099 699 2176 in
726 2118 864 2177 terram
888 2102 993 2208 juxta
1019 2101 1158 2178 dictam
1184 2129 1344 2179 crucem.
1368 2103 1583 2210 Requisitus
1602 2105 1632 2180 si
1653 2104 1756 2182 idem
1775 2136 1832 2183 re-

404 2249 532 2339 ceptor
549 2230 608 2308 vel
633 2231 694 2306 alii
722 2230 897 2308 dixerunt
919 2232 953 2308 ei
979 2232 1087 2339 quod
1110 2249 1262 2338 spueret
1286 2233 1325 2308 in
1348 2233 1567 2339 despectum
1592 2234 1691 2312 dicte
1713 2238 1832 2314 crucis

402 2363 460 2440 rel
480 2359 673 2451 Gradiui,
695 2361 753 2439 vel
774 2361 919 2468 aliquid
944 2361 1050 2439 aliud
1071 2361 1246 2440 illicitum
1267 2363 1325 2440 rel
1347 2364 1609 2452 inhonestum,
1635 2369 1831 2473 respondit

403 2494 506 2604 quod
522 2519 617 2582 non,
636 2509 673 2570 et
690 2493 795 2598 quod
811 2519 888 2570 non
903 2493 1023 2570 credit
1037 2494 1141 2600 quod
1157 2493 1303 2600 aliquid
1320 2493 1493 2571 illicitum
1511 2495 1569 2572 vel
1585 2496 1828 2575 inhonestum

403 2623 645 2702 interveniret
663 2623 701 2698 in
717 2624 1002 2727 recepcionibus
1020 2623 1182 2700 aliorum
1200 2623 1357 2700 fratrum
1376 2625 1522 2702 ordinis
1539 2626 1597 2704 rel
1617 2645 1720 2732 post,
1741 2630 1829 2734 quia

403 2783 480 2833 non
499 2754 642 2831 audivit
660 2752 734 2830 dici
755 2779 826 2830 nec
846 2754 938 2831 vidit
956 2751 1122 2861 aliquem
1143 2753 1261 2831 alium
1282 2754 1409 2860 recipi.
1428 2757 1539 2843 ltem,
1560 2755 1652 2833 dixit
1671 2785 1710 2834 se
1731 2757 1828 2835 bene

403 2887 558 2963 credere
579 2882 835 2962 ecclesiasticis
851 2884 1108 2971 sacramentis,
1131 2901 1169 2961 et
1183 2883 1288 2989 quod
1304 2883 1365 2960 alii
1385 2883 1517 2962 fratres
1534 2886 1677 2962 ordinis
1692 2889 1827 2966 eodem

404 3016 519 3092 modo
534 3015 749 3106 crederent,
767 3031 804 3089 et
820 3013 924 3120 quod
942 3043 1072 3092 eorum
1088 3013 1302 3092 sacerdotes
1317 3013 1446 3092 debite
1462 3012 1706 3093 celebrarent.
1722 3017 1827 3094 Clan-

404 3147 548 3225 destine
568 3145 855 3252 recipiebantur,
870 3144 987 3221 nullis
999 3143 1236 3251 presentibus
1251 3145 1322 3221 nisi
1338 3145 1516 3223 fratribus
1536 3145 1692 3222 ordinis.
1710 3145 1827 3223 Audi-

402 3279 454 3354 vit
476 3276 549 3352 dici
570 3292 656 3352 ante
676 3301 789 3382 quam
816 3275 971 3352 intraret
994 3275 1137 3353 dictum
1163 3274 1353 3366 ordinem,
1381 3273 1428 3350 ab
1448 3275 1624 3352 Arnaudo
1646 3275 1693 3352 dc
1719 3275 1826 3352 Auri-

401 3406 494 3484 folio
507 3406 555 3483 de
569 3404 705 3484 Coerel
718 3405 1011 3514 Engolismensis
1024 3404 1195 3492 diocesis,
1212 3421 1345 3511 patruo
1358 3404 1476 3511 ipsius
1488 3405 1603 3498 testis,
1620 3403 1822 3496 delluneto,

402 3538 440 3612 in
450 3535 1079 3645 quadamtabernavilledeGoerta‚
1092 3536 1198 3642 quod
1209 3536 1332 3612 dictus
1342 3535 1742 3614 Arnaudusaudivemt
1753 3537 1824 3614 dici

402 3695 421 3744 a
441 3667 669 3774 quibusdam
688 3666 778 3767 aliis
789 3665 1040 3755 secularibus,
1062 3693 1226 3772 quorum
1246 3666 1401 3743 nomina
1421 3683 1459 3742 et
1478 3666 1701 3774 cognomina
1721 3667 1825 3774 iguo-

402 3817 475 3890 rat,
499 3798 604 3904 quod
628 3797 667 3874 in
691 3799 807 3876 domo
829 3797 980 3903 Templi
1002 3798 1049 3874 de
1070 3796 1228 3902 Rupella
1248 3813 1328 3873 erat
1347 3795 1539 3902 quoddam
1560 3795 1736 3903 ydolum,
1760 3799 1824 3876 sed

400 3929 555 4004 nescivit
576 3927 762 4004 declarare
785 3927 907 4004 dictus
921 3928 1026 4005 testis
1044 3925 1205 4032 amplius
1222 3927 1270 4003 de
1293 3926 1584 4004 circumstanciis
1598 3925 1686 4003 dicti
1704 3928 1822 4033 ydoli,

402 4081 471 4133 nec
488 4055 758 4134 recordabatur
779 4057 843 4163 qui
870 4055 1020 4134 fuerant
1038 4075 1231 4163 presentes
1250 4085 1339 4134 cum
1365 4056 1489 4152 dictus
1510 4057 1712 4134 mnaudus
1734 4059 1824 4134 dixit

400 4188 471 4265 sibi
493 4187 675 4294 predicta,
695 4189 760 4264 scd
783 4185 1027 4293 postmodum
1045 4188 1162 4265 nichil
1183 4187 1369 4264 intellexit
1385 4189 1432 4264 de
1454 4186 1555 4263 dicto
1571 4187 1685 4293 ydolo
1702 4188 1760 4266 vel
1780 4189 1824 4266 de

400 4319 500 4410 aliis,
525 4347 595 4396 nec
620 4317 866 4426 investigavit,
895 4336 939 4396 ut
965 4319 1070 4397 dixit.
1097 4319 1277 4398 Cordulis
1301 4318 1405 4395 uude
1429 4317 1605 4396 volebant
1627 4319 1824 4424 assumptis

399 4451 645 4561 cingebantur
667 4481 780 4558 super
805 4450 974 4530 camisias
1000 4480 1086 4528 cum
1111 4451 1250 4558 quibus
1270 4448 1452 4558 jacebant
1481 4448 1753 4558 Injungebatur
1773 4450 1823 4526 eis

398 4582 503 4688 quod
529 4609 607 4660 non
632 4582 841 4660 revelarent
864 4600 1005 4660 secreta
1026 4583 1292 4688 capitoliorum
1313 4607 1383 4658 nec
1406 4581 1566 4658 modum
1593 4580 1823 4686 receptionis

399 4737 484 4800 sue,
507 4713 572 4819 qni
591 4713 816 4790 revelassent
834 4713 957 4818 puniti
977 4712 1151 4800 luissent,
1168 4711 1237 4790 sed
1254 4709 1374 4788 nescit
1389 4709 1561 4817 qualiter.
1578 4710 1617 4788 Si
1638 4710 1703 4817 qui
1721 4726 1823 4788 erant

400 4843 530 4920 fratres
540 4845 700 4922 seientes
710 4871 856 4922 errores
878 4871 956 4921 esse
973 4846 1011 4919 in
1027 4845 1178 4930 ordine,
1194 4841 1352 4920 luerunt
1371 4841 1622 4950 negligentes,
1644 4841 1820 4948 quianon
