4210 5882
397 529 472 604 toti
784 525 980 600 PROCES
1006 527 1101 598 DES
1125 525 1425 596 TEttPLIERS.

396 671 495 748 tibus
516 669 700 778 religiosis
727 669 814 744 u'ris
835 668 948 746 lratre
976 667 1163 748 Gossonio
1192 665 1241 742 de
1271 665 1474 744 Brebancia
1499 679 1539 738 et
1560 663 1739 768 Ermingo
1770 663 1819 740 de

396 803 508 880 Dacia
524 800 668 878 ordinis
684 817 723 876 et
740 817 944 878 conventus
962 799 1119 876 fratrum
1139 797 1421 874 Predioatorum
1440 794 1722 881 Parisiensium,
1749 813 1820 870 tes-

396 933 499 1010 tibus
514 933 562 1008 ad
582 932 654 1008 boc
673 931 810 1008 vocatis
828 949 866 1006 et
885 933 1034 1038 rogatis.

452 1197 499 1270 Et
518 1223 589 1303 ego
610 1197 757 1272 Evenns
776 1193 883 1298 Phily
903 1193 951 1268 de
970 1195 1106 1270 Sancto
1126 1191 1269 1268 b'icasio
1290 1189 1462 1275 clericus,
1481 1187 1684 1294 apostolica
1697 1187 1821 1293 publi-

396 1355 463 1402 cus
478 1325 696 1402 anctoritate
717 1325 899 1412 notarius,
925 1323 1116 1430 premissis
1135 1339 1173 1396 et
1191 1321 1348 1426 singulis
1366 1319 1450 1396 aliis
1469 1319 1654 1396 contentis
1672 1319 1714 1394 in
1731 1317 1820 1394 dua-

395 1456 466 1534 bus
485 1457 594 1533 cartis
610 1484 678 1532 seu
697 1457 814 1561 peciis
831 1454 1121 1562 precedentibus
1141 1453 1355 1528 immediate
1368 1451 1476 1558 signo
1495 1479 1581 1526 meo
1596 1449 1749 1556 signatis
1763 1449 1818 1524 in·

396 1587 528 1674 terlui,
549 1615 622 1662 una
642 1615 727 1662 mm
748 1615 858 1690 supra
878 1603 915 1660 et
935 1583 1176 1689 infrascriptis
1191 1583 1362 1670 notariis,
1385 1582 1447 1658 hic
1463 1609 1528 1657 me
1547 1580 1764 1686 subscripsi,
1783 1598 1818 1656 et

396 1749 481 1794 cum
500 1719 616 1822 signis
636 1717 803 1822 ipsorum
821 1717 969 1822 signum
987 1743 1115 1790 meum
1133 1715 1290 1821 apposui
1312 1730 1475 1818 rogatus.

451 1981 498 2054 Et
519 2005 588 2086 ego
615 1977 776 2056 lacobus
795 1978 843 2052 de
864 1977 1011 2054 l'irtuto
1035 1975 1193 2052 clericus
1216 1975 1524 2054 Cathalaunensis
1544 1973 1719 2060 diocesis,
1750 2003 1818 2079 pu·

395 2107 516 2186 blicus
536 2108 715 2214 imperiali
732 2109 948 2185 auctoritate
965 2109 1149 2194 notarius,
1167 2107 1359 2214 premissis
1371 2105 1672 2184 confessionibus
1687 2125 1725 2183 et
1737 2135 1817 2183 om·

395 2239 505 2316 nibus
523 2238 604 2316 aliis
625 2256 663 2316 et
681 2239 838 2345 singulis
857 2241 894 2314 in
916 2238 1064 2318 duabus
1085 2239 1196 2316 cartis
1220 2267 1288 2314 seu
1308 2239 1425 2344 peciis
1450 2238 1671 2315 immediate
1690 2265 1819 2344 prece·

395 2369 572 2447 dentibus
594 2371 706 2448 simul
728 2370 821 2446 sutis
848 2371 954 2478 signo
978 2399 1063 2446 meo
1088 2371 1239 2478 signatis
1268 2371 1470 2456 contentis,
1493 2399 1581 2446 cum
1601 2369 1761 2446 testibus
1779 2385 1817 2446 et

352 2527 359 2542 ·
395 2502 547 2578 notariis
564 2501 822 2608 suprascriptis
847 2528 1000 2605 presens
1022 2500 1097 2589 lui,
1116 2530 1174 2588 ac,
1194 2501 1243 2578 de
1267 2501 1442 2578 mandato
1454 2499 1544 2576 dicti
1569 2501 1814 2606 inquisitoris,

395 2659 437 2708 ea
462 2660 576 2708 manu
603 2633 753 2738 propria
776 2631 922 2736 scripsi,
954 2647 990 2707 et
1016 2633 1054 2706 in
1080 2631 1342 2709 testimonium
1366 2629 1641 2738 'premissorum
1667 2659 1817 2737 presens

395 2763 686 2840 instrumentum
703 2765 810 2870 signo
825 2791 911 2840 meo
925 2762 1035 2840 solito
1055 2763 1193 2870 signavi
1212 2780 1374 2869 rogatus.

452 3028 490 3102 ln
506 3025 643 3102 Christi
666 3026 817 3102 nomine
841 3053 962 3102 amen.
984 3027 1112 3102 Pateat
1134 3026 1314 3102 universis
1337 3055 1406 3131 per
1432 3027 1505 3102 hoc
1523 3054 1678 3132 presens
1697 3026 1818 3134 publi-

394 3185 479 3232 cum
503 3156 795 3232 instrumentum
820 3155 923 3262 quod
943 3183 1040 3232 anno
1064 3156 1215 3233 Domini
1239 3154 1444 3234 millesimo
1465 3171 1545 3234 cce⁰
1564 3159 1741 3262 septimo,
1761 3161 1817 3235 in-

394 3285 558 3363 dictione
581 3303 698 3377 serta,
719 3285 956 3392 pontificatus
976 3286 1195 3364 sanctissimi
1214 3287 1330 3392 patris
1350 3304 1387 3362 et
1402 3287 1546 3363 domini
1567 3289 1712 3364 domini
1736 3290 1817 3368 Cle-

395 3419 531 3494 mentis
561 3415 684 3494 divina
717 3416 957 3494 Providencia
986 3445 1081 3522 pape
1108 3416 1229 3522 quinti
1261 3445 1357 3493 anno
1387 3417 1571 3504 secundo,
1604 3417 1666 3494 die
1691 3419 1817 3496 martis

393 3563 477 3621 ante
494 3545 631 3622 lestum
650 3548 765 3623 sancti
784 3545 1007 3636 Clementis,
1027 3546 1169 3623 scilicet
1188 3573 1247 3623 xxi
1264 3546 1326 3622 die
1344 3547 1576 3633 novembris,
1592 3546 1631 3621 in
1653 3548 1814 3655 religiosi

394 3693 430 3752 et
454 3675 602 3754 bonesti
627 3677 694 3752 viri
728 3675 849 3754 lratris
877 3676 1016 3754 Nicolai
1043 3676 1091 3754 de
1124 3671 1319 3754 Anessiacti
1349 3676 1494 3754 ordinis
1517 3677 1813 3766 Prodicatorum‚

393 3807 634 3886 commissarii
666 3807 740 3884 dati
770 3837 789 3884 a
817 3807 992 3914 religioso
1019 3823 1056 3883 et
1081 3807 1241 3884 honesto
1268 3807 1347 3884 viro
1374 3807 1485 3883 fratre
1513 3807 1558 3885 G.
1586 3807 1633 3883 de
1658 3809 1816 3885 Parisius

393 3937 561 4043 ejusdem
586 3936 743 4026 ordinis,
766 3937 987 4045 inquisitore
1010 3938 1173 4014 heretice
1186 3937 1373 4042 pravitatis
1391 3937 1428 4012 in
1449 3965 1565 4043 regno
1582 3939 1735 4015 Francie
1751 3969 1815 4014 au·

393 4069 562 4146 ctoritate
584 4067 784 4174 apostolica
807 4069 1002 4171 deputato,
1032 4085 1204 4146 nostrum
1224 4069 1455 4146 notariorum
1477 4086 1514 4144 et
1531 4070 1683 4146 testium
1707 4069 1816 4146 inlra-

393 4197 616 4304 scriptorum
632 4198 823 4304 presencia
834 4197 1079 4302 personaliter
1092 4201 1332 4290 constitutus,
1348 4198 1462 4276 frater
1474 4201 1636 4278 Poncius
1649 4201 1696 4278 de
1713 4202 1815 4278 Bono

393 4327 517 4432 Opere
543 4327 685 4405 ordinis
707 4327 844 4406 milicie
860 4329 1026 4435 Templi,
1051 4329 1158 4408 etatis
1179 4356 1288 4407 xxviii
1309 4357 1494 4406 annorum
1509 4330 1568 4406 vel
1586 4331 1698 4418 circa,
1716 4331 1815 4437 jura-

368 4525 373 4536 .
394 4475 454 4534 tus
468 4473 504 4534 et
518 4459 719 4564 requisitus
733 4487 801 4564 per
806 4459 1062 4566 juramentum
1078 4462 1126 4537 ab
1142 4489 1188 4538 eo
1202 4461 1400 4566 prestitum
1421 4460 1468 4536 ad
1482 4478 1605 4538 sancta
1619 4462 1692 4538 Dei
1705 4463 1815 4538 Evan-

392 4587 488 4695 gelia
508 4605 602 4666 tacta
617 4588 857 4693 corporaliter
878 4589 923 4668 ab
946 4591 1100 4681 eodem,
1124 4592 1170 4667 de
1193 4619 1233 4667 se
1261 4606 1299 4666 ct
1318 4589 1398 4666 aliis
1420 4589 1510 4667 dicti
1536 4592 1680 4669 ordinis
1703 4620 1815 4697 super

394 4720 494 4799 dicto
510 4720 666 4800 crimine
680 4718 824 4806 delatis,
844 4737 881 4796 et
895 4719 942 4796 de
957 4723 1072 4799 modo
1086 4751 1153 4799 sue
1170 4721 1534 4827 recepcionisdicere
1551 4723 1589 4798 in
1602 4751 1712 4800 causa
1725 4720 1813 4798 fidei

393 4852 598 4941 veritatem,
622 4850 714 4928 dirit
733 4877 799 4956 per
811 4849 1066 4968 juramentum
1083 4881 1192 4930 suum
1211 4853 1313 4959 quod
1332 4853 1426 4930 circa
1442 4853 1581 4932 instans
1596 4853 1733 4930 lestum
1748 4852 1814 4929 As-
