<?xml version="1.0" encoding="UTF-8"?>
<!DOCTYPE html PUBLIC "-//W3C//DTD XHTML 1.0 Transitional//EN"
    "http://www.w3.org/TR/xhtml1/DTD/xhtml1-transitional.dtd">
<html xmlns="http://www.w3.org/1999/xhtml" xml:lang="en" lang="en">
 <head>
  <title>
</title>
<meta http-equiv="Content-Type" content="text/html;charset=utf-8" />
  <meta name='ocr-system' content='tesseract 3.04.00' />
  <meta name='ocr-capabilities' content='ocr_page ocr_carea ocr_par ocr_line ocrx_word'/>
</head>
<body>
  <div class='ocr_page' id='page_1' title='image "./procsdestemplie03defegoog/procsdestemplie03defegoog_0018.png"; bbox 0 0 4320 5898; ppageno 0'>
   <div class='ocr_carea' id='block_1_1' title="bbox 389 482 1424 580">
    <p class='ocr_par' dir='ltr' id='par_1_1' title="bbox 389 482 1424 580">
     <span class='ocr_line' id='line_1_1' title="bbox 389 482 1424 580; baseline -0.004 0"><span class='ocrx_word' id='word_1_1' title='bbox 389 506 410 580; x_wconf 83' lang='lat' dir='ltr'>t</span> <span class='ocrx_word' id='word_1_2' title='bbox 776 482 977 576; x_wconf 79' lang='lat' dir='ltr'>rancus</span> <span class='ocrx_word' id='word_1_3' title='bbox 997 503 1093 574; x_wconf 87' lang='lat' dir='ltr'>ons</span> <span class='ocrx_word' id='word_1_4' title='bbox 1119 503 1424 578; x_wconf 78' lang='lat' dir='ltr'>rnurnrnns</span> 
     </span>
    </p>
   </div>
   <div class='ocr_carea' id='block_1_2' title="bbox 329 643 1819 4966">
    <p class='ocr_par' dir='ltr' id='par_1_2' title="bbox 385 643 1819 1674">
     <span class='ocr_line' id='line_1_2' title="bbox 385 643 1817 756; baseline -0.003 -32"><span class='ocrx_word' id='word_1_5' title='bbox 385 647 510 756; x_wconf 88' lang='lat' dir='ltr'>pnati;</span> <span class='ocrx_word' id='word_1_6' title='bbox 542 671 691 722; x_wconf 83' lang='lat' dir='ltr'>necnon</span> <span class='ocrx_word' id='word_1_7' title='bbox 716 643 942 751; x_wconf 86' lang='lat' dir='ltr'>Raynaudus</span> <span class='ocrx_word' id='word_1_8' title='bbox 968 644 1017 722; x_wconf 90' lang='lat' dir='ltr'>de</span> <span class='ocrx_word' id='word_1_9' title='bbox 1042 644 1245 724; x_wconf 89' lang='lat' dir='ltr'>Cunheriis</span> <span class='ocrx_word' id='word_1_10' title='bbox 1272 647 1383 725; x_wconf 89' lang='lat' dir='ltr'>miles</span> <span class='ocrx_word' id='word_1_11' title='bbox 1405 645 1657 732; x_wconf 89' lang='lat' dir='ltr'>Belvacensis,</span> <span class='ocrx_word' id='word_1_12' title='bbox 1684 645 1817 720; x_wconf 87' lang='lat' dir='ltr'>Petrus</span> 
     </span>
     <span class='ocr_line' id='line_1_3' title="bbox 388 774 1818 887; baseline -0.002 -30"><span class='ocrx_word' id='word_1_13' title='bbox 388 779 434 857; x_wconf 90' lang='lat' dir='ltr'>de</span> <span class='ocrx_word' id='word_1_14' title='bbox 449 778 693 861; x_wconf 88' lang='lat' dir='ltr'>Claromonte</span> <span class='ocrx_word' id='word_1_15' title='bbox 703 776 956 869; x_wconf 83' lang='lat' dir='ltr'>belvacensis,</span> <span class='ocrx_word' id='word_1_16' title='bbox 975 793 1013 854; x_wconf 89' lang='lat' dir='ltr'>et</span> <span class='ocrx_word' id='word_1_17' title='bbox 1026 777 1244 856; x_wconf 83' lang='lat' dir='ltr'>bernardus</span> <span class='ocrx_word' id='word_1_18' title='bbox 1260 777 1307 856; x_wconf 89' lang='lat' dir='ltr'>de</span> <span class='ocrx_word' id='word_1_19' title='bbox 1320 779 1485 887; x_wconf 85' lang='lat' dir='ltr'>Sarnayo</span> <span class='ocrx_word' id='word_1_20' title='bbox 1498 774 1717 854; x_wconf 87' lang='lat' dir='ltr'>Parisiensis</span> <span class='ocrx_word' id='word_1_21' title='bbox 1736 775 1818 854; x_wconf 92' lang='lat' dir='ltr'>dio-</span> 
     </span>
     <span class='ocr_line' id='line_1_4' title="bbox 387 905 1819 1016; baseline -0.003 -28"><span class='ocrx_word' id='word_1_22' title='bbox 387 937 554 998; x_wconf 86' lang='lat' dir='ltr'>cessum,</span> <span class='ocrx_word' id='word_1_23' title='bbox 572 906 793 998; x_wconf 83' lang='lat' dir='ltr'>servientes,</span> <span class='ocrx_word' id='word_1_24' title='bbox 814 935 882 1016; x_wconf 91' lang='lat' dir='ltr'>per</span> <span class='ocrx_word' id='word_1_25' title='bbox 903 907 1048 985; x_wconf 91' lang='lat' dir='ltr'>dictum</span> <span class='ocrx_word' id='word_1_26' title='bbox 1069 909 1274 987; x_wconf 90' lang='lat' dir='ltr'>concilium</span> <span class='ocrx_word' id='word_1_27' title='bbox 1290 911 1361 988; x_wconf 91' lang='lat' dir='ltr'>sub</span> <span class='ocrx_word' id='word_1_28' title='bbox 1377 926 1478 988; x_wconf 86' lang='lat' dir='ltr'>certa</span> <span class='ocrx_word' id='word_1_29' title='bbox 1497 907 1617 986; x_wconf 81' lang='lat' dir='ltr'>forma</span> <span class='ocrx_word' id='word_1_30' title='bbox 1638 905 1819 985; x_wconf 89' lang='lat' dir='ltr'>condem·-</span> 
     </span>
     <span class='ocr_line' id='line_1_5' title="bbox 386 1038 1817 1149; baseline -0.001 -29"><span class='ocrx_word' id='word_1_31' title='bbox 386 1041 490 1149; x_wconf 89' lang='lat' dir='ltr'>pnati</span> <span class='ocrx_word' id='word_1_32' title='bbox 510 1039 560 1117; x_wconf 91' lang='lat' dir='ltr'>ad</span> <span class='ocrx_word' id='word_1_33' title='bbox 579 1067 734 1117; x_wconf 89' lang='lat' dir='ltr'>murum</span> <span class='ocrx_word' id='word_1_34' title='bbox 753 1057 1001 1146; x_wconf 73' lang='lat' dir='ltr'>perpetuum,</span> <span class='ocrx_word' id='word_1_35' title='bbox 1029 1053 1067 1118; x_wconf 88' lang='lat' dir='ltr'>et</span> <span class='ocrx_word' id='word_1_36' title='bbox 1088 1041 1317 1121; x_wconf 88' lang='lat' dir='ltr'>Lambertus</span> <span class='ocrx_word' id='word_1_37' title='bbox 1341 1043 1390 1120; x_wconf 87' lang='lat' dir='ltr'>de</span> <span class='ocrx_word' id='word_1_38' title='bbox 1411 1039 1625 1122; x_wconf 89' lang='lat' dir='ltr'>Cormelles</span> <span class='ocrx_word' id='word_1_39' title='bbox 1647 1038 1817 1118; x_wconf 88' lang='lat' dir='ltr'>Suessio-</span> 
     </span>
     <span class='ocr_line' id='line_1_6' title="bbox 386 1145 1818 1281; baseline -0.002 -30"><span class='ocrx_word' id='word_1_40' title='bbox 386 1172 512 1251; x_wconf 89' lang='lat' dir='ltr'>nensis</span> <span class='ocrx_word' id='word_1_41' title='bbox 532 1171 726 1259; x_wconf 87' lang='lat' dir='ltr'>diocessis,</span> <span class='ocrx_word' id='word_1_42' title='bbox 747 1145 928 1264; x_wconf 74' lang='lat' dir='ltr'>serviens,</span> <span class='ocrx_word' id='word_1_43' title='bbox 943 1171 1027 1279; x_wconf 92' lang='lat' dir='ltr'>qui,</span> <span class='ocrx_word' id='word_1_44' title='bbox 1043 1165 1151 1250; x_wconf 86' lang='lat' dir='ltr'>tactis</span> <span class='ocrx_word' id='word_1_45' title='bbox 1164 1175 1406 1252; x_wconf 88' lang='lat' dir='ltr'>sacrosanctis</span> <span class='ocrx_word' id='word_1_46' title='bbox 1422 1172 1653 1281; x_wconf 86' lang='lat' dir='ltr'>Evangeliis‚</span> <span class='ocrx_word' id='word_1_47' title='bbox 1667 1171 1818 1280; x_wconf 87' lang='lat' dir='ltr'>jurave·</span> 
     </span>
     <span class='ocr_line' id='line_1_7' title="bbox 386 1303 1817 1413; baseline -0.002 -32"><span class='ocrx_word' id='word_1_48' title='bbox 386 1320 478 1381; x_wconf 85' lang='lat' dir='ltr'>runt</span> <span class='ocrx_word' id='word_1_49' title='bbox 495 1303 620 1381; x_wconf 87' lang='lat' dir='ltr'>dicere</span> <span class='ocrx_word' id='word_1_50' title='bbox 640 1303 793 1410; x_wconf 87' lang='lat' dir='ltr'>plenam</span> <span class='ocrx_word' id='word_1_51' title='bbox 814 1319 852 1380; x_wconf 91' lang='lat' dir='ltr'>et</span> <span class='ocrx_word' id='word_1_52' title='bbox 870 1330 1015 1380; x_wconf 89' lang='lat' dir='ltr'>meram</span> <span class='ocrx_word' id='word_1_53' title='bbox 1035 1304 1231 1383; x_wconf 85' lang='lat' dir='ltr'>veritatem</span> <span class='ocrx_word' id='word_1_54' title='bbox 1252 1305 1292 1382; x_wconf 93' lang='lat' dir='ltr'>in</span> <span class='ocrx_word' id='word_1_55' title='bbox 1314 1306 1387 1384; x_wconf 90' lang='lat' dir='ltr'>isto</span> <span class='ocrx_word' id='word_1_56' title='bbox 1403 1304 1584 1413; x_wconf 84' lang='lat' dir='ltr'>negocio,</span> <span class='ocrx_word' id='word_1_57' title='bbox 1606 1303 1817 1383; x_wconf 88' lang='lat' dir='ltr'>secundum</span> 
     </span>
     <span class='ocr_line' id='line_1_8' title="bbox 385 1432 1815 1546; baseline -0.001 -34"><span class='ocrx_word' id='word_1_58' title='bbox 385 1433 548 1513; x_wconf 83' lang='lat' dir='ltr'>formam</span> <span class='ocrx_word' id='word_1_59' title='bbox 563 1433 770 1542; x_wconf 86' lang='lat' dir='ltr'>juramenti</span> <span class='ocrx_word' id='word_1_60' title='bbox 789 1432 951 1512; x_wconf 89' lang='lat' dir='ltr'>aliorum</span> <span class='ocrx_word' id='word_1_61' title='bbox 967 1433 1122 1512; x_wconf 85' lang='lat' dir='ltr'>testium</span> <span class='ocrx_word' id='word_1_62' title='bbox 1144 1435 1318 1544; x_wconf 89' lang='lat' dir='ltr'>superius</span> <span class='ocrx_word' id='word_1_63' title='bbox 1337 1436 1587 1546; x_wconf 85' lang='lat' dir='ltr'>registratam,</span> <span class='ocrx_word' id='word_1_64' title='bbox 1609 1435 1815 1542; x_wconf 85' lang='lat' dir='ltr'>expositam</span> 
     </span>
     <span class='ocr_line' id='line_1_9' title="bbox 387 1565 879 1674; baseline 0 -31"><span class='ocrx_word' id='word_1_65' title='bbox 387 1582 425 1644; x_wconf 91' lang='lat' dir='ltr'>et</span> <span class='ocrx_word' id='word_1_66' title='bbox 437 1566 701 1674; x_wconf 71' lang='lat' dir='ltr'>vulgaritatem</span> <span class='ocrx_word' id='word_1_67' title='bbox 722 1565 879 1644; x_wconf 91' lang='lat' dir='ltr'>eisdem.</span> 
     </span>
    </p>

    <p class='ocr_par' dir='ltr' id='par_1_3' title="bbox 329 1696 1818 4966">
     <span class='ocr_line' id='line_1_10' title="bbox 442 1696 1816 1794; baseline 0.002 -19"><span class='ocrx_word' id='word_1_68' title='bbox 442 1699 530 1794; x_wconf 89' lang='lat' dir='ltr'>Quo</span> <span class='ocrx_word' id='word_1_69' title='bbox 548 1697 657 1790; x_wconf 86' lang='lat' dir='ltr'>facto,</span> <span class='ocrx_word' id='word_1_70' title='bbox 676 1699 800 1776; x_wconf 90' lang='lat' dir='ltr'>dictus</span> <span class='ocrx_word' id='word_1_71' title='bbox 814 1696 928 1776; x_wconf 86' lang='lat' dir='ltr'>frater</span> <span class='ocrx_word' id='word_1_72' title='bbox 940 1698 1183 1789; x_wconf 88' lang='lat' dir='ltr'>Larnbertus,</span> <span class='ocrx_word' id='word_1_73' title='bbox 1200 1701 1346 1780; x_wconf 89' lang='lat' dir='ltr'>habens</span> <span class='ocrx_word' id='word_1_74' title='bbox 1365 1701 1592 1779; x_wconf 89' lang='lat' dir='ltr'>mantellum</span> <span class='ocrx_word' id='word_1_75' title='bbox 1607 1717 1645 1778; x_wconf 90' lang='lat' dir='ltr'>et</span> <span class='ocrx_word' id='word_1_76' title='bbox 1659 1700 1816 1779; x_wconf 90' lang='lat' dir='ltr'>barbam</span> 
     </span>
     <span class='ocr_line' id='line_1_11' title="bbox 386 1811 1818 1938; baseline 0.001 -31"><span class='ocrx_word' id='word_1_77' title='bbox 386 1829 551 1919; x_wconf 89' lang='lat' dir='ltr'>ordinis,</span> <span class='ocrx_word' id='word_1_78' title='bbox 569 1811 1001 1938; x_wconf 84' lang='lat' dir='ltr'>quadragintaquinque</span> <span class='ocrx_word' id='word_1_79' title='bbox 1021 1859 1207 1910; x_wconf 90' lang='lat' dir='ltr'>annorum</span> <span class='ocrx_word' id='word_1_80' title='bbox 1223 1831 1283 1911; x_wconf 88' lang='lat' dir='ltr'>vel</span> <span class='ocrx_word' id='word_1_81' title='bbox 1302 1833 1416 1923; x_wconf 90' lang='lat' dir='ltr'>circa,</span> <span class='ocrx_word' id='word_1_82' title='bbox 1431 1833 1604 1911; x_wconf 91' lang='lat' dir='ltr'>nondum</span> <span class='ocrx_word' id='word_1_83' title='bbox 1621 1830 1818 1911; x_wconf 90' lang='lat' dir='ltr'>absolutus</span> 
     </span>
     <span class='ocr_line' id='line_1_12' title="bbox 386 1959 1818 2069; baseline 0.001 -32"><span class='ocrx_word' id='word_1_84' title='bbox 386 1987 456 2038; x_wconf 89' lang='lat' dir='ltr'>nec</span> <span class='ocrx_word' id='word_1_85' title='bbox 475 1959 756 2051; x_wconf 80' lang='lat' dir='ltr'>reconciliatus,</span> <span class='ocrx_word' id='word_1_86' title='bbox 779 1989 866 2037; x_wconf 91' lang='lat' dir='ltr'>cum</span> <span class='ocrx_word' id='word_1_87' title='bbox 887 1989 965 2066; x_wconf 92' lang='lat' dir='ltr'>quo</span> <span class='ocrx_word' id='word_1_88' title='bbox 987 1977 1134 2052; x_wconf 89' lang='lat' dir='ltr'>tamen,</span> <span class='ocrx_word' id='word_1_89' title='bbox 1156 1979 1201 2040; x_wconf 90' lang='lat' dir='ltr'>ut</span> <span class='ocrx_word' id='word_1_90' title='bbox 1226 1962 1336 2052; x_wconf 81' lang='lat' dir='ltr'>dixit,</span> <span class='ocrx_word' id='word_1_91' title='bbox 1357 1961 1481 2040; x_wconf 88' lang='lat' dir='ltr'>fuerat</span> <span class='ocrx_word' id='word_1_92' title='bbox 1502 1961 1728 2068; x_wconf 91' lang='lat' dir='ltr'>inquisitum</span> <span class='ocrx_word' id='word_1_93' title='bbox 1750 1989 1818 2069; x_wconf 86' lang='lat' dir='ltr'>per</span> 
     </span>
     <span class='ocr_line' id='line_1_13' title="bbox 329 2089 1817 2198; baseline 0.001 -30"><span class='ocrx_word' id='word_1_94' title='bbox 329 2181 333 2198; x_wconf 34' lang='grc' dir='ltr'><strong><em>ι</em></strong></span> <span class='ocrx_word' id='word_1_95' title='bbox 385 2091 553 2198; x_wconf 87' lang='lat' dir='ltr'>priorem</span> <span class='ocrx_word' id='word_1_96' title='bbox 575 2089 860 2170; x_wconf 88' lang='lat' dir='ltr'>Predioatorum</span> <span class='ocrx_word' id='word_1_97' title='bbox 886 2108 1091 2170; x_wconf 85' lang='lat' dir='ltr'>conventus</span> <span class='ocrx_word' id='word_1_98' title='bbox 1111 2094 1328 2184; x_wconf 89' lang='lat' dir='ltr'>Trecensis,</span> <span class='ocrx_word' id='word_1_99' title='bbox 1353 2092 1659 2172; x_wconf 86' lang='lat' dir='ltr'>commissarium</span> <span class='ocrx_word' id='word_1_100' title='bbox 1692 2090 1817 2171; x_wconf 84' lang='lat' dir='ltr'>fratris</span> 
     </span>
     <span class='ocr_line' id='line_1_14' title="bbox 385 2221 1817 2331; baseline 0 -29"><span class='ocrx_word' id='word_1_101' title='bbox 385 2221 584 2302; x_wconf 90' lang='lat' dir='ltr'>Guillelmi</span> <span class='ocrx_word' id='word_1_102' title='bbox 600 2223 648 2300; x_wconf 87' lang='lat' dir='ltr'>de</span> <span class='ocrx_word' id='word_1_103' title='bbox 661 2222 823 2301; x_wconf 89' lang='lat' dir='ltr'>Parisins</span> <span class='ocrx_word' id='word_1_104' title='bbox 835 2223 1169 2330; x_wconf 89' lang='lat' dir='ltr'>ordinispredicti,</span> <span class='ocrx_word' id='word_1_105' title='bbox 1186 2223 1421 2331; x_wconf 87' lang='lat' dir='ltr'>inquisitoris</span> <span class='ocrx_word' id='word_1_106' title='bbox 1441 2223 1607 2302; x_wconf 87' lang='lat' dir='ltr'>heretice</span> <span class='ocrx_word' id='word_1_107' title='bbox 1627 2224 1817 2330; x_wconf 88' lang='lat' dir='ltr'>pravitatis</span> 
     </span>
     <span class='ocr_line' id='line_1_15' title="bbox 385 2354 1814 2463; baseline 0.001 -31"><span class='ocrx_word' id='word_1_108' title='bbox 385 2355 424 2432; x_wconf 92' lang='lat' dir='ltr'>in</span> <span class='ocrx_word' id='word_1_109' title='bbox 442 2384 561 2463; x_wconf 86' lang='lat' dir='ltr'>regno</span> <span class='ocrx_word' id='word_1_110' title='bbox 580 2354 757 2446; x_wconf 82' lang='lat' dir='ltr'>Francie;</span> <span class='ocrx_word' id='word_1_111' title='bbox 779 2355 1054 2461; x_wconf 88' lang='lat' dir='ltr'>protestacione</span> <span class='ocrx_word' id='word_1_112' title='bbox 1071 2355 1253 2462; x_wconf 89' lang='lat' dir='ltr'>premissa</span> <span class='ocrx_word' id='word_1_113' title='bbox 1270 2354 1375 2462; x_wconf 92' lang='lat' dir='ltr'>quod</span> <span class='ocrx_word' id='word_1_114' title='bbox 1400 2383 1421 2432; x_wconf 87' lang='lat' dir='ltr'>a</span> <span class='ocrx_word' id='word_1_115' title='bbox 1440 2355 1682 2462; x_wconf 89' lang='lat' dir='ltr'>deposicione</span> <span class='ocrx_word' id='word_1_116' title='bbox 1700 2383 1814 2462; x_wconf 89' lang='lat' dir='ltr'>quam</span> 
     </span>
     <span class='ocr_line' id='line_1_16' title="bbox 384 2485 1818 2593; baseline 0.001 -30"><span class='ocrx_word' id='word_1_117' title='bbox 384 2487 522 2566; x_wconf 87' lang='lat' dir='ltr'>lecerat</span> <span class='ocrx_word' id='word_1_118' title='bbox 542 2515 668 2566; x_wconf 92' lang='lat' dir='ltr'>coram</span> <span class='ocrx_word' id='word_1_119' title='bbox 690 2485 791 2564; x_wconf 92' lang='lat' dir='ltr'>dicto</span> <span class='ocrx_word' id='word_1_120' title='bbox 806 2485 932 2593; x_wconf 91' lang='lat' dir='ltr'>priore</span> <span class='ocrx_word' id='word_1_121' title='bbox 954 2486 1133 2564; x_wconf 90' lang='lat' dir='ltr'>Trecensi</span> <span class='ocrx_word' id='word_1_122' title='bbox 1153 2514 1230 2564; x_wconf 93' lang='lat' dir='ltr'>non</span> <span class='ocrx_word' id='word_1_123' title='bbox 1252 2486 1418 2568; x_wconf 87' lang='lat' dir='ltr'>intendit</span> <span class='ocrx_word' id='word_1_124' title='bbox 1435 2487 1631 2577; x_wconf 90' lang='lat' dir='ltr'>recedere,</span> <span class='ocrx_word' id='word_1_125' title='bbox 1653 2486 1761 2566; x_wconf 91' lang='lat' dir='ltr'>lectis</span> <span class='ocrx_word' id='word_1_126' title='bbox 1779 2505 1818 2566; x_wconf 92' lang='lat' dir='ltr'>et</span> 
     </span>
     <span class='ocr_line' id='line_1_17' title="bbox 386 2616 1815 2727; baseline 0.001 -32"><span class='ocrx_word' id='word_1_127' title='bbox 386 2616 589 2726; x_wconf 87' lang='lat' dir='ltr'>diligenter</span> <span class='ocrx_word' id='word_1_128' title='bbox 609 2616 786 2725; x_wconf 84' lang='lat' dir='ltr'>expositis</span> <span class='ocrx_word' id='word_1_129' title='bbox 812 2617 884 2696; x_wconf 85' lang='lat' dir='ltr'>sibi</span> <span class='ocrx_word' id='word_1_130' title='bbox 911 2618 1090 2696; x_wconf 92' lang='lat' dir='ltr'>omnibus</span> <span class='ocrx_word' id='word_1_131' title='bbox 1107 2635 1146 2696; x_wconf 90' lang='lat' dir='ltr'>et</span> <span class='ocrx_word' id='word_1_132' title='bbox 1165 2618 1324 2727; x_wconf 85' lang='lat' dir='ltr'>singulis</span> <span class='ocrx_word' id='word_1_133' title='bbox 1344 2618 1529 2709; x_wconf 81' lang='lat' dir='ltr'>articulis,</span> <span class='ocrx_word' id='word_1_134' title='bbox 1554 2618 1753 2726; x_wconf 91' lang='lat' dir='ltr'>respondit</span> <span class='ocrx_word' id='word_1_135' title='bbox 1775 2648 1815 2696; x_wconf 90' lang='lat' dir='ltr'>se</span> 
     </span>
     <span class='ocr_line' id='line_1_18' title="bbox 384 2748 1815 2854; baseline 0 -28"><span class='ocrx_word' id='word_1_136' title='bbox 384 2751 551 2842; x_wconf 85' lang='lat' dir='ltr'>nescire,</span> <span class='ocrx_word' id='word_1_137' title='bbox 570 2779 639 2828; x_wconf 91' lang='lat' dir='ltr'>nec</span> <span class='ocrx_word' id='word_1_138' title='bbox 655 2748 828 2842; x_wconf 88' lang='lat' dir='ltr'>credere,</span> <span class='ocrx_word' id='word_1_139' title='bbox 844 2777 913 2827; x_wconf 89' lang='lat' dir='ltr'>nec</span> <span class='ocrx_word' id='word_1_140' title='bbox 927 2748 1114 2826; x_wconf 88' lang='lat' dir='ltr'>audivisse</span> <span class='ocrx_word' id='word_1_141' title='bbox 1136 2749 1211 2826; x_wconf 89' lang='lat' dir='ltr'>dici</span> <span class='ocrx_word' id='word_1_142' title='bbox 1230 2750 1277 2826; x_wconf 88' lang='lat' dir='ltr'>de</span> <span class='ocrx_word' id='word_1_143' title='bbox 1295 2749 1482 2844; x_wconf 88' lang='lat' dir='ltr'>contentis</span> <span class='ocrx_word' id='word_1_144' title='bbox 1495 2748 1534 2825; x_wconf 91' lang='lat' dir='ltr'>in</span> <span class='ocrx_word' id='word_1_145' title='bbox 1551 2748 1605 2826; x_wconf 90' lang='lat' dir='ltr'>eis</span> <span class='ocrx_word' id='word_1_146' title='bbox 1620 2748 1693 2826; x_wconf 91' lang='lat' dir='ltr'>nisi</span> <span class='ocrx_word' id='word_1_147' title='bbox 1709 2749 1815 2854; x_wconf 92' lang='lat' dir='ltr'>quod</span> 
     </span>
     <span class='ocr_line' id='line_1_19' title="bbox 385 2879 1814 2989; baseline -0.003 -29"><span class='ocrx_word' id='word_1_148' title='bbox 385 2881 568 2988; x_wconf 89' lang='lat' dir='ltr'>sequitur.</span> <span class='ocrx_word' id='word_1_149' title='bbox 593 2881 697 2960; x_wconf 83' lang='lat' dir='ltr'>Dixit</span> <span class='ocrx_word' id='word_1_150' title='bbox 722 2881 824 2958; x_wconf 89' lang='lat' dir='ltr'>enim</span> <span class='ocrx_word' id='word_1_151' title='bbox 854 2909 893 2958; x_wconf 88' lang='lat' dir='ltr'>se</span> <span class='ocrx_word' id='word_1_152' title='bbox 914 2879 1029 2958; x_wconf 86' lang='lat' dir='ltr'>fuisse</span> <span class='ocrx_word' id='word_1_153' title='bbox 1049 2896 1246 2987; x_wconf 88' lang='lat' dir='ltr'>receptum</span> <span class='ocrx_word' id='word_1_154' title='bbox 1272 2880 1312 2957; x_wconf 93' lang='lat' dir='ltr'>in</span> <span class='ocrx_word' id='word_1_155' title='bbox 1338 2879 1480 2989; x_wconf 88' lang='lat' dir='ltr'>capella</span> <span class='ocrx_word' id='word_1_156' title='bbox 1501 2879 1639 2957; x_wconf 91' lang='lat' dir='ltr'>domus</span> <span class='ocrx_word' id='word_1_157' title='bbox 1664 2879 1814 2987; x_wconf 89' lang='lat' dir='ltr'>Templi</span> 
     </span>
     <span class='ocr_line' id='line_1_20' title="bbox 386 3011 1815 3104; baseline -0.001 -14"><span class='ocrx_word' id='word_1_158' title='bbox 386 3013 433 3092; x_wconf 91' lang='lat' dir='ltr'>de</span> <span class='ocrx_word' id='word_1_159' title='bbox 453 3013 679 3093; x_wconf 88' lang='lat' dir='ltr'>Colomeriis</span> <span class='ocrx_word' id='word_1_160' title='bbox 698 3013 739 3089; x_wconf 92' lang='lat' dir='ltr'>in</span> <span class='ocrx_word' id='word_1_161' title='bbox 761 3012 866 3101; x_wconf 89' lang='lat' dir='ltr'>Bria,</span> <span class='ocrx_word' id='word_1_162' title='bbox 891 3012 1099 3091; x_wconf 90' lang='lat' dir='ltr'>Meldensis</span> <span class='ocrx_word' id='word_1_163' title='bbox 1120 3012 1299 3104; x_wconf 90' lang='lat' dir='ltr'>diocesis,</span> <span class='ocrx_word' id='word_1_164' title='bbox 1316 3012 1418 3090; x_wconf 88' lang='lat' dir='ltr'>circa</span> <span class='ocrx_word' id='word_1_165' title='bbox 1438 3013 1577 3090; x_wconf 85' lang='lat' dir='ltr'>festum</span> <span class='ocrx_word' id='word_1_166' title='bbox 1596 3011 1697 3089; x_wconf 92' lang='lat' dir='ltr'>beati</span> <span class='ocrx_word' id='word_1_167' title='bbox 1718 3013 1815 3092; x_wconf 88' lang='lat' dir='ltr'>Mar-</span> 
     </span>
     <span class='ocr_line' id='line_1_21' title="bbox 384 3142 1813 3251; baseline 0 -29"><span class='ocrx_word' id='word_1_168' title='bbox 384 3144 455 3222; x_wconf 88' lang='lat' dir='ltr'>tini</span> <span class='ocrx_word' id='word_1_169' title='bbox 472 3143 647 3223; x_wconf 88' lang='lat' dir='ltr'>hiemalis</span> <span class='ocrx_word' id='word_1_170' title='bbox 672 3142 843 3251; x_wconf 81' lang='lat' dir='ltr'>proximo</span> <span class='ocrx_word' id='word_1_171' title='bbox 863 3143 1088 3251; x_wconf 89' lang='lat' dir='ltr'>preteritum</span> <span class='ocrx_word' id='word_1_172' title='bbox 1109 3143 1264 3223; x_wconf 87' lang='lat' dir='ltr'>fuerunt</span> <span class='ocrx_word' id='word_1_173' title='bbox 1288 3171 1391 3223; x_wconf 76' lang='lat' dir='ltr'>suum</span> <span class='ocrx_word' id='word_1_174' title='bbox 1417 3143 1506 3220; x_wconf 89' lang='lat' dir='ltr'>anni</span> <span class='ocrx_word' id='word_1_175' title='bbox 1526 3142 1585 3221; x_wconf 84' lang='lat' dir='ltr'>vel</span> <span class='ocrx_word' id='word_1_176' title='bbox 1607 3143 1714 3233; x_wconf 88' lang='lat' dir='ltr'>circa,</span> <span class='ocrx_word' id='word_1_177' title='bbox 1744 3172 1813 3251; x_wconf 91' lang='lat' dir='ltr'>per</span> 
     </span>
     <span class='ocr_line' id='line_1_22' title="bbox 383 3273 1812 3385; baseline -0.002 -30"><span class='ocrx_word' id='word_1_178' title='bbox 383 3274 537 3355; x_wconf 84' lang='lat' dir='ltr'>fratrem</span> <span class='ocrx_word' id='word_1_179' title='bbox 563 3278 764 3385; x_wconf 88' lang='lat' dir='ltr'>Hugonem</span> <span class='ocrx_word' id='word_1_180' title='bbox 789 3274 936 3354; x_wconf 85' lang='lat' dir='ltr'>Picardi</span> <span class='ocrx_word' id='word_1_181' title='bbox 958 3277 1169 3383; x_wconf 89' lang='lat' dir='ltr'>quondam,</span> <span class='ocrx_word' id='word_1_182' title='bbox 1197 3277 1245 3354; x_wconf 90' lang='lat' dir='ltr'>de</span> <span class='ocrx_word' id='word_1_183' title='bbox 1275 3277 1452 3354; x_wconf 89' lang='lat' dir='ltr'>mandato</span> <span class='ocrx_word' id='word_1_184' title='bbox 1477 3273 1600 3354; x_wconf 86' lang='lat' dir='ltr'>fratris</span> <span class='ocrx_word' id='word_1_185' title='bbox 1624 3273 1812 3384; x_wconf 87' lang='lat' dir='ltr'>Arnulphi</span> 
     </span>
     <span class='ocr_line' id='line_1_23' title="bbox 386 3405 1814 3518; baseline -0.001 -32"><span class='ocrx_word' id='word_1_186' title='bbox 386 3409 434 3487; x_wconf 91' lang='lat' dir='ltr'>de</span> <span class='ocrx_word' id='word_1_187' title='bbox 450 3407 668 3518; x_wconf 85' lang='lat' dir='ltr'>Vysamale,</span> <span class='ocrx_word' id='word_1_188' title='bbox 690 3407 885 3514; x_wconf 88' lang='lat' dir='ltr'>quondam</span> <span class='ocrx_word' id='word_1_189' title='bbox 903 3423 993 3485; x_wconf 91' lang='lat' dir='ltr'>tunc</span> <span class='ocrx_word' id='word_1_190' title='bbox 1013 3408 1245 3516; x_wconf 89' lang='lat' dir='ltr'>preceptoris</span> <span class='ocrx_word' id='word_1_191' title='bbox 1262 3409 1364 3497; x_wconf 92' lang='lat' dir='ltr'>Brie,</span> <span class='ocrx_word' id='word_1_192' title='bbox 1380 3407 1620 3516; x_wconf 85' lang='lat' dir='ltr'>presentibus</span> <span class='ocrx_word' id='word_1_193' title='bbox 1635 3405 1814 3484; x_wconf 83' lang='lat' dir='ltr'>fratribus</span> 
     </span>
     <span class='ocr_line' id='line_1_24' title="bbox 383 3537 1813 3647; baseline -0.002 -28"><span class='ocrx_word' id='word_1_194' title='bbox 383 3538 552 3619; x_wconf 86' lang='lat' dir='ltr'>Gerardo</span> <span class='ocrx_word' id='word_1_195' title='bbox 574 3539 622 3618; x_wconf 89' lang='lat' dir='ltr'>de</span> <span class='ocrx_word' id='word_1_196' title='bbox 649 3539 791 3616; x_wconf 90' lang='lat' dir='ltr'>Pruino</span> <span class='ocrx_word' id='word_1_197' title='bbox 818 3539 1047 3646; x_wconf 84' lang='lat' dir='ltr'>presbitero,</span> <span class='ocrx_word' id='word_1_198' title='bbox 1075 3555 1167 3616; x_wconf 88' lang='lat' dir='ltr'>tunc</span> <span class='ocrx_word' id='word_1_199' title='bbox 1190 3556 1413 3647; x_wconf 88' lang='lat' dir='ltr'>preceptore</span> <span class='ocrx_word' id='word_1_200' title='bbox 1434 3539 1572 3616; x_wconf 90' lang='lat' dir='ltr'>domus</span> <span class='ocrx_word' id='word_1_201' title='bbox 1592 3537 1743 3645; x_wconf 91' lang='lat' dir='ltr'>Templi</span> <span class='ocrx_word' id='word_1_202' title='bbox 1765 3539 1813 3616; x_wconf 87' lang='lat' dir='ltr'>de</span> 
     </span>
     <span class='ocr_line' id='line_1_25' title="bbox 383 3668 1813 3780; baseline 0.001 -34"><span class='ocrx_word' id='word_1_203' title='bbox 383 3671 536 3759; x_wconf 93' lang='lat' dir='ltr'>Pruino,</span> <span class='ocrx_word' id='word_1_204' title='bbox 559 3670 730 3780; x_wconf 84' lang='lat' dir='ltr'>Remigio</span> <span class='ocrx_word' id='word_1_205' title='bbox 752 3671 800 3748; x_wconf 91' lang='lat' dir='ltr'>de</span> <span class='ocrx_word' id='word_1_206' title='bbox 815 3669 941 3778; x_wconf 83' lang='lat' dir='ltr'>Ploysi</span> <span class='ocrx_word' id='word_1_207' title='bbox 960 3669 1182 3762; x_wconf 81' lang='lat' dir='ltr'>deffunctis,</span> <span class='ocrx_word' id='word_1_208' title='bbox 1201 3687 1240 3749; x_wconf 88' lang='lat' dir='ltr'>et</span> <span class='ocrx_word' id='word_1_209' title='bbox 1253 3669 1485 3779; x_wconf 88' lang='lat' dir='ltr'>quibusdam</span> <span class='ocrx_word' id='word_1_210' title='bbox 1505 3668 1587 3746; x_wconf 89' lang='lat' dir='ltr'>aliis</span> <span class='ocrx_word' id='word_1_211' title='bbox 1607 3669 1655 3746; x_wconf 87' lang='lat' dir='ltr'>de</span> <span class='ocrx_word' id='word_1_212' title='bbox 1672 3669 1813 3775; x_wconf 91' lang='lat' dir='ltr'>quibus</span> 
     </span>
     <span class='ocr_line' id='line_1_26' title="bbox 383 3801 1813 3908; baseline 0 -29"><span class='ocrx_word' id='word_1_213' title='bbox 383 3829 460 3882; x_wconf 91' lang='lat' dir='ltr'>non</span> <span class='ocrx_word' id='word_1_214' title='bbox 471 3801 622 3890; x_wconf 87' lang='lat' dir='ltr'>recolit,</span> <span class='ocrx_word' id='word_1_215' title='bbox 640 3801 680 3878; x_wconf 92' lang='lat' dir='ltr'>in</span> <span class='ocrx_word' id='word_1_216' title='bbox 696 3801 799 3878; x_wconf 89' lang='lat' dir='ltr'>hunc</span> <span class='ocrx_word' id='word_1_217' title='bbox 813 3801 975 3878; x_wconf 89' lang='lat' dir='ltr'>modum</span> <span class='ocrx_word' id='word_1_218' title='bbox 993 3833 1001 3877; x_wconf 89' lang='lat'>:</span> <span class='ocrx_word' id='word_1_219' title='bbox 1018 3829 1106 3878; x_wconf 92' lang='lat' dir='ltr'>nam</span> <span class='ocrx_word' id='word_1_220' title='bbox 1126 3831 1213 3878; x_wconf 85' lang='lat' dir='ltr'>curn</span> <span class='ocrx_word' id='word_1_221' title='bbox 1229 3801 1404 3908; x_wconf 88' lang='lat' dir='ltr'>peciisset</span> <span class='ocrx_word' id='word_1_222' title='bbox 1417 3829 1554 3908; x_wconf 91' lang='lat' dir='ltr'>panem</span> <span class='ocrx_word' id='word_1_223' title='bbox 1567 3817 1606 3878; x_wconf 90' lang='lat' dir='ltr'>et</span> <span class='ocrx_word' id='word_1_224' title='bbox 1625 3829 1762 3907; x_wconf 90' lang='lat' dir='ltr'>aquam</span> <span class='ocrx_word' id='word_1_225' title='bbox 1775 3819 1813 3880; x_wconf 89' lang='lat' dir='ltr'>et</span> 
     </span>
     <span class='ocr_line' id='line_1_27' title="bbox 382 3930 1814 4021; baseline 0 -11"><span class='ocrx_word' id='word_1_226' title='bbox 382 3933 601 4011; x_wconf 88' lang='lat' dir='ltr'>societatem</span> <span class='ocrx_word' id='word_1_227' title='bbox 616 3930 777 4009; x_wconf 85' lang='lat' dir='ltr'>fratrum</span> <span class='ocrx_word' id='word_1_228' title='bbox 796 3931 942 4009; x_wconf 91' lang='lat' dir='ltr'>ordinis</span> <span class='ocrx_word' id='word_1_229' title='bbox 959 3930 1031 4010; x_wconf 91' lang='lat' dir='ltr'>sibi</span> <span class='ocrx_word' id='word_1_230' title='bbox 1050 3933 1206 4010; x_wconf 84' lang='lat' dir='ltr'>concedi</span> <span class='ocrx_word' id='word_1_231' title='bbox 1220 3959 1348 4013; x_wconf 88' lang='lat' dir='ltr'>amore</span> <span class='ocrx_word' id='word_1_232' title='bbox 1360 3931 1432 4011; x_wconf 92' lang='lat' dir='ltr'>Dei</span> <span class='ocrx_word' id='word_1_233' title='bbox 1450 3948 1489 4009; x_wconf 88' lang='lat' dir='ltr'>et</span> <span class='ocrx_word' id='word_1_234' title='bbox 1502 3931 1610 4010; x_wconf 89' lang='lat' dir='ltr'>beate</span> <span class='ocrx_word' id='word_1_235' title='bbox 1626 3933 1756 4021; x_wconf 84' lang='lat' dir='ltr'>Maria,</span> <span class='ocrx_word' id='word_1_236' title='bbox 1774 3948 1814 4010; x_wconf 89' lang='lat' dir='ltr'>et</span> 
     </span>
     <span class='ocr_line' id='line_1_28' title="bbox 381 4061 1810 4174; baseline -0.001 -32"><span class='ocrx_word' id='word_1_237' title='bbox 381 4092 606 4173; x_wconf 91' lang='lat' dir='ltr'>responsum</span> <span class='ocrx_word' id='word_1_238' title='bbox 626 4061 759 4141; x_wconf 86' lang='lat' dir='ltr'>fuisset</span> <span class='ocrx_word' id='word_1_239' title='bbox 779 4061 850 4174; x_wconf 73' lang='lat' dir='ltr'>sibi</span> <span class='ocrx_word' id='word_1_240' title='bbox 877 4065 985 4170; x_wconf 90' lang='lat' dir='ltr'>quod</span> <span class='ocrx_word' id='word_1_241' title='bbox 1004 4063 1103 4142; x_wconf 89' lang='lat' dir='ltr'>bene</span> <span class='ocrx_word' id='word_1_242' title='bbox 1126 4063 1372 4156; x_wconf 88' lang='lat' dir='ltr'>deliberaret,</span> <span class='ocrx_word' id='word_1_243' title='bbox 1394 4064 1483 4171; x_wconf 87' lang='lat' dir='ltr'>quia</span> <span class='ocrx_word' id='word_1_244' title='bbox 1507 4081 1700 4172; x_wconf 90' lang='lat' dir='ltr'>oporteret</span> <span class='ocrx_word' id='word_1_245' title='bbox 1722 4092 1810 4142; x_wconf 88' lang='lat' dir='ltr'>eum</span> 
     </span>
     <span class='ocr_line' id='line_1_29' title="bbox 382 4189 1810 4305; baseline -0.001 -31"><span class='ocrx_word' id='word_1_246' title='bbox 382 4195 502 4276; x_wconf 89' lang='lat' dir='ltr'>multa</span> <span class='ocrx_word' id='word_1_247' title='bbox 521 4223 652 4302; x_wconf 86' lang='lat' dir='ltr'>aspera</span> <span class='ocrx_word' id='word_1_248' title='bbox 666 4194 853 4273; x_wconf 89' lang='lat' dir='ltr'>sustinere</span> <span class='ocrx_word' id='word_1_249' title='bbox 873 4194 1084 4290; x_wconf 82' lang='lat' dir='ltr'>mondino,</span> <span class='ocrx_word' id='word_1_250' title='bbox 1103 4213 1141 4273; x_wconf 91' lang='lat' dir='ltr'>et</span> <span class='ocrx_word' id='word_1_251' title='bbox 1155 4196 1261 4303; x_wconf 89' lang='lat' dir='ltr'>quod</span> <span class='ocrx_word' id='word_1_252' title='bbox 1279 4189 1428 4305; x_wconf 81' lang='lat' dir='ltr'>rogaret</span> <span class='ocrx_word' id='word_1_253' title='bbox 1447 4196 1574 4274; x_wconf 91' lang='lat' dir='ltr'>Deum</span> <span class='ocrx_word' id='word_1_254' title='bbox 1595 4194 1700 4302; x_wconf 92' lang='lat' dir='ltr'>quod</span> <span class='ocrx_word' id='word_1_255' title='bbox 1721 4223 1810 4274; x_wconf 90' lang='lat' dir='ltr'>eum</span> 
     </span>
     <span class='ocr_line' id='line_1_30' title="bbox 382 4327 1810 4438; baseline 0 -33"><span class='ocrx_word' id='word_1_256' title='bbox 382 4327 580 4436; x_wconf 83' lang='lat' dir='ltr'>dirigeret,</span> <span class='ocrx_word' id='word_1_257' title='bbox 595 4327 750 4406; x_wconf 88' lang='lat' dir='ltr'>tandem</span> <span class='ocrx_word' id='word_1_258' title='bbox 766 4327 848 4434; x_wconf 92' lang='lat' dir='ltr'>ipso</span> <span class='ocrx_word' id='word_1_259' title='bbox 864 4327 1028 4406; x_wconf 84' lang='lat' dir='ltr'>instante</span> <span class='ocrx_word' id='word_1_260' title='bbox 1043 4345 1083 4405; x_wconf 92' lang='lat' dir='ltr'>et</span> <span class='ocrx_word' id='word_1_261' title='bbox 1091 4327 1325 4436; x_wconf 86' lang='lat' dir='ltr'>supplicante</span> <span class='ocrx_word' id='word_1_262' title='bbox 1341 4345 1385 4405; x_wconf 92' lang='lat' dir='ltr'>ut</span> <span class='ocrx_word' id='word_1_263' title='bbox 1398 4328 1516 4434; x_wconf 91' lang='lat' dir='ltr'>prins,</span> <span class='ocrx_word' id='word_1_264' title='bbox 1530 4328 1689 4438; x_wconf 91' lang='lat' dir='ltr'>prestito</span> <span class='ocrx_word' id='word_1_265' title='bbox 1704 4327 1751 4405; x_wconf 90' lang='lat' dir='ltr'>ab</span> <span class='ocrx_word' id='word_1_266' title='bbox 1765 4355 1810 4406; x_wconf 87' lang='lat' dir='ltr'>eo</span> 
     </span>
     <span class='ocr_line' id='line_1_31' title="bbox 379 4458 1812 4567; baseline 0.001 -31"><span class='ocrx_word' id='word_1_267' title='bbox 379 4487 448 4565; x_wconf 88' lang='lat' dir='ltr'>per</span> <span class='ocrx_word' id='word_1_268' title='bbox 459 4459 722 4566; x_wconf 86' lang='lat' dir='ltr'>juramentum</span> <span class='ocrx_word' id='word_1_269' title='bbox 742 4458 848 4567; x_wconf 92' lang='lat' dir='ltr'>quod</span> <span class='ocrx_word' id='word_1_270' title='bbox 868 4487 951 4558; x_wconf 26' lang='lat' dir='ltr'>non,</span> <span class='ocrx_word' id='word_1_271' title='bbox 966 4459 1131 4538; x_wconf 89' lang='lat' dir='ltr'>habebat</span> <span class='ocrx_word' id='word_1_272' title='bbox 1155 4459 1416 4538; x_wconf 84' lang='lat' dir='ltr'>infirmitatem</span> <span class='ocrx_word' id='word_1_273' title='bbox 1437 4460 1619 4538; x_wconf 84' lang='lat' dir='ltr'>latentem</span> <span class='ocrx_word' id='word_1_274' title='bbox 1638 4487 1709 4538; x_wconf 89' lang='lat' dir='ltr'>nec</span> <span class='ocrx_word' id='word_1_275' title='bbox 1733 4477 1812 4537; x_wconf 89' lang='lat' dir='ltr'>erat</span> 
     </span>
     <span class='ocr_line' id='line_1_32' title="bbox 380 4589 1810 4701; baseline 0 -33"><span class='ocrx_word' id='word_1_276' title='bbox 380 4590 743 4680; x_wconf 87' lang='lat' dir='ltr'>excommunicatus,</span> <span class='ocrx_word' id='word_1_277' title='bbox 765 4619 836 4668; x_wconf 90' lang='lat' dir='ltr'>nec</span> <span class='ocrx_word' id='word_1_278' title='bbox 855 4589 962 4668; x_wconf 91' lang='lat' dir='ltr'>alteri</span> <span class='ocrx_word' id='word_1_279' title='bbox 975 4591 1152 4701; x_wconf 85' lang='lat' dir='ltr'>religioni</span> <span class='ocrx_word' id='word_1_280' title='bbox 1173 4621 1242 4672; x_wconf 90' lang='lat' dir='ltr'>nec</span> <span class='ocrx_word' id='word_1_281' title='bbox 1260 4591 1502 4672; x_wconf 90' lang='lat' dir='ltr'>matrimonio</span> <span class='ocrx_word' id='word_1_282' title='bbox 1515 4591 1704 4701; x_wconf 86' lang='lat' dir='ltr'>alligatus,</span> <span class='ocrx_word' id='word_1_283' title='bbox 1721 4589 1810 4668; x_wconf 87' lang='lat' dir='ltr'>fecit</span> 
     </span>
     <span class='ocr_line' id='line_1_33' title="bbox 379 4721 1807 4832; baseline 0.002 -35"><span class='ocrx_word' id='word_1_284' title='bbox 379 4749 611 4801; x_wconf 87' lang='lat' dir='ltr'>eumvovere</span> <span class='ocrx_word' id='word_1_285' title='bbox 621 4739 659 4801; x_wconf 90' lang='lat' dir='ltr'>et</span> <span class='ocrx_word' id='word_1_286' title='bbox 663 4723 792 4832; x_wconf 89' lang='lat' dir='ltr'>jurare</span> <span class='ocrx_word' id='word_1_287' title='bbox 803 4722 927 4801; x_wconf 89' lang='lat' dir='ltr'>dictus</span> <span class='ocrx_word' id='word_1_288' title='bbox 936 4741 1110 4832; x_wconf 91' lang='lat' dir='ltr'>receptor</span> <span class='ocrx_word' id='word_1_289' title='bbox 1121 4724 1339 4816; x_wconf 85' lang='lat' dir='ltr'>castitatem,</span> <span class='ocrx_word' id='word_1_290' title='bbox 1352 4723 1628 4812; x_wconf 90' lang='lat' dir='ltr'>obedienciam,</span> <span class='ocrx_word' id='word_1_291' title='bbox 1636 4739 1674 4799; x_wconf 89' lang='lat' dir='ltr'>et</span> <span class='ocrx_word' id='word_1_292' title='bbox 1685 4721 1807 4800; x_wconf 84' lang='lat' dir='ltr'>vivere</span> 
     </span>
     <span class='ocr_line' id='line_1_34' title="bbox 377 4854 1807 4966; baseline 0.001 -36"><span class='ocrx_word' id='word_1_293' title='bbox 377 4854 458 4932; x_wconf 90' lang='lat' dir='ltr'>sine</span> <span class='ocrx_word' id='word_1_294' title='bbox 479 4854 654 4966; x_wconf 83' lang='lat' dir='ltr'>proprio,</span> <span class='ocrx_word' id='word_1_295' title='bbox 675 4874 806 4934; x_wconf 89' lang='lat' dir='ltr'>tenere</span> <span class='ocrx_word' id='word_1_296' title='bbox 826 4854 950 4936; x_wconf 93' lang='lat' dir='ltr'>bonos</span> <span class='ocrx_word' id='word_1_297' title='bbox 973 4885 1065 4936; x_wconf 88' lang='lat' dir='ltr'>usus</span> <span class='ocrx_word' id='word_1_298' title='bbox 1085 4874 1124 4936; x_wconf 92' lang='lat' dir='ltr'>et</span> <span class='ocrx_word' id='word_1_299' title='bbox 1142 4857 1263 4937; x_wconf 89' lang='lat' dir='ltr'>bonas</span> <span class='ocrx_word' id='word_1_300' title='bbox 1288 4857 1678 4964; x_wconf 88' lang='lat' dir='ltr'>consuetudinesque</span> <span class='ocrx_word' id='word_1_301' title='bbox 1700 4871 1807 4932; x_wconf 88' lang='lat' dir='ltr'>erant</span> 
     </span>
    </p>
   </div>
   <div class='ocr_carea' id='block_1_3' title="bbox 0 0 2164 5895">
    <p class='ocr_par' dir='ltr' id='par_1_4' title="bbox 0 0 2164 5895">
     <span class='ocr_line' id='line_1_35' title="bbox 0 0 2164 5895; baseline 0 0"><span class='ocrx_word' id='word_1_302' title='bbox 0 0 2164 5895; x_wconf 95' lang='lat' dir='ltr'> </span> 
     </span>
    </p>
   </div>
  </div>
 </body>
</html>
