4242 5890
672 502 878 599 'raeces
903 519 1001 598 ons
1026 509 1324 597 eburneas
1641 521 1714 592 aas

349 661 444 739 Item
462 659 556 740 dixit
573 689 642 769 per
660 664 921 772 juramentum
942 692 1054 742 suum
1076 664 1200 769 quod,
1222 679 1308 768 post
1322 663 1583 770 juramentum
1602 658 1649 736 ab
1671 686 1715 735 eo

294 793 492 898 prestitum
503 792 551 869 de
564 793 729 884 statutis,
745 792 1098 882 consuetudinibus,
1115 791 1335 869 obediencia
1352 808 1390 868 ct
1405 791 1557 870 secretis
1573 787 1718 866 ordinis

294 920 554 1012 observandis,
576 924 761 1030 recipiens
780 924 909 1030 posuit
923 923 994 1001 sibi
1015 939 1052 1000 et
1068 921 1230 1000 firmavit
1244 921 1469 999 mantellum
1486 921 1534 996 ad
1554 917 1715 1006 collum,

295 1069 334 1130 et
351 1051 456 1158 quod
475 1054 554 1159 ipse
580 1054 646 1161 qui
670 1053 842 1161 quuitur
861 1053 1051 1130 osculatus
1075 1051 1149 1129 fuit
1166 1053 1411 1158 recipientem
1439 1049 1654 1158 predictum
1680 1065 1718 1125 et

295 1181 389 1260 alios
401 1179 551 1274 fratres,
573 1182 621 1258 de
642 1183 820 1260 mandato
839 1182 1027 1290 ejusdem,
1048 1181 1088 1256 in
1108 1209 1186 1259 ore.
1208 1183 1255 1258 Et
1275 1198 1403 1288 postea
1423 1180 1614 1286 predictus
1633 1178 1719 1255 tbe-

296 1312 482 1390 saurariua
500 1312 567 1418 qui
582 1338 672 1389 eum
691 1312 848 1418 recepit,
862 1311 973 1389 traxit
988 1339 1077 1387 eum
1095 1310 1141 1387 ad
1162 1328 1327 1417 partem,
1346 1327 1384 1387 et
1396 1309 1487 1388 fecit
1502 1339 1542 1388 se
1558 1307 1718 1386 osculari
1799 1347 1802 1354 ·

296 1441 404 1520 abeo
421 1443 461 1518 in
481 1440 663 1520 umbilico
685 1458 723 1520 et
745 1442 785 1520 in
812 1442 889 1519 fine
908 1441 1014 1548 spine
1035 1438 1149 1516 dorsi.
1171 1441 1219 1518 Et
1242 1455 1372 1546 postea
1396 1436 1564 1517 ostendit
1581 1438 1654 1516 sibi
1679 1438 1719 1514 in

296 1573 461 1680 quodam
480 1571 581 1650 libro
601 1600 752 1651 erucem
775 1572 959 1678 depictam
974 1599 1062 1648 cum
1083 1567 1207 1678 effigie
1226 1569 1344 1646 Ibesu
1363 1569 1520 1660 Christi,
1542 1585 1721 1675 etpraec-

296 1703 353 1808 pit
371 1701 461 1791 sibi,
484 1701 521 1778 in
545 1702 683 1779 virtute
706 1701 940 1792 obediencie,
971 1704 1075 1808 quod
1102 1717 1256 1808 spueret
1280 1716 1340 1777 ter
1367 1725 1479 1806 supra
1506 1727 1657 1776 crucem
1679 1716 1721 1776 et

296 1833 506 1940 ymaginem
528 1831 732 1937 predictas,
754 1832 793 1910 in
819 1832 999 1937 despectu
1025 1833 1210 1938 prophete
1230 1830 1296 1936 qui
1322 1829 1395 1907 fuit
1423 1829 1463 1906 in
1490 1827 1588 1908 dicta
1609 1855 1718 1905 cruce

298 1959 515 2050 crucifixus,
537 1978 575 2038 et
591 1977 681 2037 tunc
695 1961 774 2067 ipse
794 1962 860 2067 qui
877 1961 1047 2068 quuitur
1059 1990 1173 2067 super
1183 1961 1280 2065 ipsas
1292 1987 1442 2036 crucem
1457 1976 1495 2036 et
1508 1960 1720 2068 ymaginem

297 2091 400 2196 spuit
412 2107 483 2181 ter,
502 2091 660 2169 credens
677 2091 750 2168 boc
765 2107 844 2168 esse
861 2089 909 2168 de
928 2090 1076 2169 statutis
1094 2090 1253 2179 ordinis,
1275 2117 1350 2195 que
1371 2088 1496 2165 adbuc
1513 2089 1717 2196 ignorabat.

353 2220 447 2297 Item
469 2220 562 2298 dixit
579 2218 685 2328 quod
709 2236 881 2325 receptor
900 2219 1091 2326 predictus
1110 2219 1182 2298 sibi
1201 2218 1371 2325 precepit
1390 2216 1495 2323 prod
1517 2215 1721 2294 abstineret

298 2375 319 2422 a
337 2348 579 2450 mulieribus,
602 2365 641 2424 et
659 2349 764 2454 quod
784 2350 815 2425 si
835 2349 936 2424 calor
954 2349 1132 2426 naturalis
1152 2351 1321 2424 moveret
1340 2373 1448 2435 eum,
1463 2345 1569 2452 quod
1585 2347 1664 2451 ipse
1685 2364 1722 2423 et

297 2474 429 2552 batres
448 2475 506 2552 sui
526 2503 566 2552 sc
586 2475 872 2554 commiscerent
891 2475 1098 2556 adinvicem
1117 2476 1324 2564 carnaliter,
1341 2475 1372 2552 si
1389 2489 1485 2552 esset
1500 2474 1635 2582 aliquis
1654 2476 1722 2583 qui

297 2601 371 2681 hoe
389 2603 502 2682 vellet
521 2603 658 2694 Iacere,
679 2605 785 2711 quod
795 2631 990 2711 nunquam
1004 2605 1108 2696 lecit,
1125 2631 1195 2684 nec
1208 2605 1281 2682 fuit
1295 2631 1409 2710 super
1418 2605 1492 2683 hoc
1505 2606 1720 2713 requisitus,
1827 2643 1829 2648 ¹

298 2749 343 2810 ut
362 2733 463 2810 dicit.
1119 2726 1124 2736 ’
1318 2765 1321 2772 ’

354 2864 450 2941 Item
476 2863 569 2942 dixit
592 2865 697 2970 quod
720 2863 837 2942 nichil
861 2865 929 2942 scit
948 2864 996 2941 de
1021 2864 1141 2970 capite
1167 2865 1272 2969 quod
1291 2865 1447 2944 adorare
1475 2864 1663 2954 dicuntur,
1686 2883 1724 2943 et

299 2993 420 3072 credit
435 2995 540 3100 quod
560 2993 622 3072 alii
644 2993 775 3074 iratres
792 2995 882 3071 dicti
903 2993 1047 3072 ordinis
1062 2993 1176 3072 simili
1197 2994 1314 3073 modo
1328 2993 1567 3101 recipiantur.

354 3125 449 3200 Item
465 3125 575 3214 dixit,
596 3153 666 3232 per
681 3125 942 3232 juramentum
965 3153 1078 3202 suum
1098 3153 1213 3230 super
1227 3127 1300 3204 hoc
1319 3126 1367 3204 ab
1383 3153 1429 3202 eo
1450 3125 1574 3203 adbuc
1590 3127 1724 3233 presti-

298 3271 397 3343 tum,
414 3255 521 3361 quod
533 3256 585 3348 vi,
602 3254 662 3332 vel
677 3273 781 3332 metu
803 3255 959 3332 carceris
977 3273 1042 3332 aut
1059 3256 1256 3342 tormenti,
1279 3283 1357 3334 non
1376 3254 1470 3332 dixit
1489 3255 1593 3333 eliud
1610 3285 1722 3363 quam

298 3385 507 3474 veritatem,
520 3413 590 3462 nec
600 3385 791 3491 premissis
801 3385 1006 3462 immiscuit
1013 3384 1176 3491 aliquam
1192 3382 1406 3474 falsitatem,
1422 3400 1461 3462 et
1473 3385 1579 3492 quod
1591 3413 1722 3494 puram

297 3515 490 3592 veritatem
509 3514 603 3592 dixit
620 3542 689 3623 pro
709 3515 829 3592 salute
850 3514 974 3608 anime
994 3541 1071 3591 sue.

353 3777 449 3853 Item
468 3775 580 3853 frater
598 3776 785 3854 liebertus
807 3776 854 3853 de
881 3777 1042 3855 Seruaeo
1072 3775 1302 3853 belvacensis
1325 3776 1502 3866 diocesis,
1526 3795 1724 3886 preceptor

299 3906 436 3983 domus
451 3905 499 3983 de
519 3905 774 3985 Mortuofoute
795 3904 1073 3984 suessionensis
1094 3904 1269 3995 diocesis,
1286 3907 1445 4012 predicti
1467 3907 1608 3984 ordinis
1627 3906 1725 3985 mili-

299 4036 355 4114 cie
367 4036 533 4141 Templi,
550 4037 864 4144 quadragenarius
880 4035 939 4114 vel
952 4037 1064 4126 circa,
1085 4038 1222 4116 eodem
1234 4037 1350 4114 modo
1364 4036 1604 4128 constitutus,
1620 4038 1725 4146 jura-

297 4183 358 4244 tus
378 4182 417 4243 et
435 4167 704 4273 interrogatus,
723 4167 817 4243 dixit
835 4195 904 4273 per
918 4168 1179 4273 jurameutum
1193 4195 1304 4244 suum
1320 4166 1425 4273 quod
1439 4168 1478 4244 in
1493 4165 1590 4245 sesto
1610 4170 1724 4245 sancti

298 4295 446 4373 Andree
471 4296 629 4374 instante
659 4313 769 4374 erunt
792 4323 926 4374 novem
955 4296 1042 4372 anni
1061 4294 1120 4373 vel
1138 4295 1250 4385 circa,
1277 4296 1382 4403 quod
1404 4296 1476 4373 fixit
1497 4314 1668 4404 receptus
1688 4297 1726 4374 in

300 4425 414 4504 domo
440 4427 488 4505 de
512 4407 690 4505 Berneval
719 4425 979 4504 Ambianensis
1004 4426 1180 4516 diocesis,
1207 4451 1276 4532 per
1294 4425 1446 4503 fratrem
1472 4425 1652 4504 Garinum
1678 4427 1726 4503 de

299 4557 435 4663 Magno
467 4556 593 4637 Villari
623 4558 839 4664 magistrum
875 4556 923 4634 de
951 4557 1125 4646 Pontivo,
1155 4555 1391 4662 presentibus
1416 4555 1603 4634 defunctis
1625 4559 1658 4636 J.
1681 4557 1727 4634 de

300 4686 455 4795 Cemay,
477 4685 587 4765 fratre
607 4685 813 4766 Laurencio
845 4685 1047 4765 senescallo
1063 4685 1159 4764 dicte
1177 4686 1330 4777 domus,
1352 4683 1463 4764 fratre
1481 4685 1591 4764 Petro
1606 4689 1655 4766 dc
1672 4688 1729 4763 Li·

301 4833 490 4905 mecourt,
513 4834 551 4896 et
570 4816 651 4895 aliis
666 4817 714 4894 de
725 4844 890 4924 quorum
910 4815 1127 4896 nominibus
1146 4842 1222 4893 non
1241 4815 1381 4894 recolit.

389 4977 496 5036 esocis
512 4995 565 5036 nes
580 4993 753 5036 reuertens.
769 5011 804 5022 -
821 4994 853 5034 ιι.
1517 4975 1555 5040 da
