4208 5886
692 503 885 597 procas
915 521 1011 594 nas
1043 523 1348 596 rnnrmuns.
1656 529 1731 606 aas

188 707 191 716 ¹
308 665 557 776 messagerius
578 662 739 754 ordinis,
766 680 966 772 postquam
987 661 1057 741 luit
1081 665 1120 741 in
1142 665 1294 754 ordine,
1316 664 1382 744 sed
1400 667 1594 746 modicum
1608 700 1733 750 mora·

305 797 419 876 betur
436 796 595 876 ibidem.
617 797 727 888 Item,
745 796 840 874 dixit
858 794 963 902 quod
978 795 1018 872 in
1036 796 1098 874 die
1118 795 1275 876 Veneris
1294 813 1436 886 saneta,
1458 797 1545 877 lotis
1563 818 1601 877 et
1618 805 1732 882 nudis

305 929 486 1034 pedibus,
508 943 722 1006 reverenter
739 943 777 1004 et
795 927 929 1005 devote
950 927 1128 1006 adorabat
1150 955 1319 1019 crucem,
1347 944 1385 1005 et
1403 929 1510 1034 quod
1527 928 1618 1036 ipse·
1631 932 1730 1012 bene

306 1059 485 1138 credebat
504 1056 761 1136 ecclesiasticis
777 1057 1035 1149 sacramentis,
1058 1058 1216 1136 credens
1234 1057 1340 1164 quod
1360 1056 1423 1134 alii
1439 1056 1570 1138 fratres
1589 1063 1732 1142 ordinis

307 1190 444 1272 eodem
463 1187 580 1266 modo
607 1187 821 1277 crederent,
850 1205 889 1264 et
905 1187 1011 1294 quod
1032 1216 1164 1266 eorum
1186 1189 1399 1266 sacerdotes
1422 1188 1549 1268 debite
1573 1193 1731 1272 celebra-

306 1337 403 1398 rent.
424 1317 606 1399 Jurabant
622 1317 797 1397 ordinem
817 1345 894 1396 non
909 1317 1029 1408 exire;
1051 1319 1177 1394 statim
1192 1346 1261 1425 pro
1283 1316 1460 1424 professis
1480 1319 1727 1403 habebantur.

307 1449 548 1530 Claudestine
564 1447 860 1554 recipiebantur,
886 1448 1002 1526 nullis
1020 1449 1260 1555 presentibus
1281 1448 1352 1526 nisi
1371 1447 1549 1531 fratribus
1568 1454 1728 1550 ordinis,

307 1611 351 1658 ex
370 1609 447 1687 quo
467 1579 589 1658 credit
608 1579 713 1686 quod
738 1596 837 1658 esset
857 1579 1019 1688 suspicio
1046 1597 1175 1658 contra
1195 1607 1271 1657 eos.
1299 1579 1477 1658 Cordulis
1504 1583 1607 1661 unde
1629 1587 1730 1664 vole-

305 1710 397 1788 bant
431 1710 632 1817 assumptis
660 1709 909 1818 cingebantur
935 1739 1050 1816 super
1075 1710 1244 1788 camisias
1271 1739 1359 1788 cunr
1379 1711 1519 1817 quibus
1538 1713 1725 1822 jacebant.

301 1842 482 1920 durabant
502 1869 580 1919 non
606 1840 769 1918 revelare
791 1857 932 1918 secreta
956 1841 1239 1949 capitoliorum,
1270 1841 1317 1919 de
1351 1841 1469 1920 modo
1498 1843 1729 1950 recepcionis

280 2067 282 2071 ι
303 1972 345 2050 in
364 1971 514 2078 speciali
539 1999 618 2049 non
648 1970 776 2048 habita
799 1971 1013 2060 mensione,
1031 1987 1069 2048 et
1088 1971 1155 2078 qui
1176 1969 1417 2061 revelassent,
1432 1973 1591 2080 graviter
1604 1978 1728 2082 puniti

303 2101 473 2182 luissent.
495 2101 689 2196 Quamdiu
708 2118 885 2207 poterant
907 2101 1080 2179 confiteri
1105 2101 1363 2180 sacerdotibus
1382 2103 1542 2196 ordinis,
1565 2135 1644 2184 non
1665 2109 1730 2188 da-

301 2233 443 2312 bebant
468 2233 639 2312 confiteri
666 2231 760 2310 aliis.
790 2232 938 2310 Fratres
963 2232 1107 2310 ordinis
1138 2231 1298 2310 scientes
1326 2232 1446 2312 dictos
1475 2262 1620 2314 errores
1645 2238 1728 2316 lue-

302 2381 394 2458 runt
412 2363 663 2472 negligentes,
685 2362 773 2468 quia
794 2389 872 2442 non
893 2378 1137 2441 correxerunt
1156 2389 1221 2440 eos
1237 2389 1308 2440 neo
1324 2363 1645 2444 denunciaverunt
1658 2370 1727 2446 Eo-

301 2493 425 2574 clesie.
462 2493 720 2571 Elemosinam
752 2508 790 2570 et
820 2492 1111 2598 hospitalitatem
1147 2492 1240 2569 vidit
1276 2492 1543 2572 convenienter
1576 2497 1658 2574 fieri
1690 2517 1728 2576 et

299 2624 436 2702 servari
457 2623 496 2702 in
518 2622 698 2703 domibus
722 2623 867 2700 ordinis
891 2622 930 2698 iu
954 2623 1095 2728 quibus
1120 2623 1259 2701 exstitit
1271 2642 1540 2716 commoratus,
1563 2644 1602 2704 et
1620 2630 1727 2708 audi-

298 2755 352 2831 vit
371 2754 445 2830 dici
466 2755 572 2861 quod
592 2781 726 2832 eorum
746 2751 922 2859 capitulis
938 2770 1079 2832 secrete
1099 2753 1340 2832 tenebantur.
1355 2752 1537 2832 Ordinato
1558 2785 1627 2862 per
1646 2760 1725 2836 Ma-

298 2885 456 2991 gistrum
489 2913 577 2962 cum
609 2901 795 2964 conventu
827 2902 1005 2964 servasset
1033 2902 1136 2962 totus
1168 2885 1278 2973 ordo,
1315 2900 1445 2964 contra
1476 2916 1589 2994 quem
1623 2919 1725 2970 nunc

299 3015 456 3121 grandia
482 3013 656 3092 scandala
679 3031 835 3121 propter
854 3015 1041 3121 predicta,
1058 3015 1220 3121 suspicio
1241 3031 1279 3094 et
1298 3015 1451 3093 infamia
1470 3035 1560 3096 sunt
1579 3041 1722 3114 exorta,
1847 3069 1853 3076 ·

300 3145 480 3252 adjiciens
506 3145 611 3251 quod
643 3142 777 3222 fratres
805 3145 1017 3252 superiores
1052 3144 1197 3224 ordinis
1228 3164 1335 3224 erant
1361 3146 1467 3224 valde
1501 3151 1655 3255 superbi
1687 3172 1750 3254 et,

298 3271 406 3366 eleti3
429 3291 467 3351 et
490 3272 611 3352 credit
630 3273 737 3379 quod
764 3273 968 3352 consessata
992 3303 1060 3382 per
1089 3304 1177 3354 eum
1211 3294 1335 3355 essent
1353 3295 1443 3355 nota
1469 3278 1646 3360 fratribus
1666 3311 1724 3360 or·

298 3403 416 3493 dinis,
448 3420 486 3480 et
514 3402 659 3480 audivit
683 3403 758 3480 dici
788 3404 892 3511 quod
920 3404 1097 3511 Magister
1125 3405 1252 3484 etalii
1282 3407 1407 3514 aliqua
1440 3409 1599 3488 confessi
1634 3432 1723 3491 sunt

296 3549 426 3610 contra
446 3531 638 3625 ordinem,
655 3534 703 3611 ed
720 3534 828 3642 cujus
842 3533 1118 3612 deffensionem
1138 3565 1177 3612 se
1199 3563 1276 3614 non
1292 3536 1492 3616 obtulerat.

351 3662 568 3769 Requisitus
596 3662 627 3740 si
656 3662 709 3740 sic
742 3664 969 3769 deposuerat
997 3693 1123 3769 prece,
1158 3684 1353 3772 precepto,
1384 3669 1538 3760 timore,
1573 3699 1718 3766 amore,

294 3792 401 3880 odio,
428 3792 487 3870 vel
512 3791 712 3899 temporali
739 3794 901 3872 comodo
931 3792 1061 3872 habito
1088 3794 1147 3872 vel
1174 3796 1368 3888 habendo,
1399 3799 1597 3905 respondit
1615 3804 1721 3909 quod

293 3951 390 4014 non,
413 3921 481 4002 sed
500 3950 569 4030 pro
589 3923 742 4000 veritate
774 3923 952 4014 dicenda;
973 3923 1034 4001 cui
1055 3922 1127 4001 luit
1145 3925 1360 4034 injunctum
1383 3929 1490 4032 quod
1510 3957 1588 4008 non
1615 3961 1721 4012 reve-

293 4052 388 4132 laret
414 4053 511 4130 hane
531 4082 637 4132 suam
658 4052 957 4160 deposicionem,
988 4081 1188 4162 quousque
1209 4057 1471 4136 attestaciones
1492 4057 1633 4140 luerint
1651 4093 1718 4170 pu·

289 4183 438 4262 blicate.

345 4445 474 4523 Frater
493 4447 626 4525 Petrus
644 4446 747 4524 Blavi
763 4446 942 4540 servieus,
959 4448 1282 4530 Claromontensis
1298 4449 1473 4545 diocesis,
1486 4455 1592 4534 testis
1604 4483 1716 4562 supra

282 4576 444 4682 juratus,
456 4576 523 4683 qui
541 4576 752 4656 voluntarie
763 4576 937 4656 habitum
957 4577 1149 4656 dimiserat
1162 4581 1290 4658 etradi
1310 4579 1450 4660 lecerat
1459 4584 1531 4664 sibi
1546 4585 1715 4678 barbam,

287 4703 606 4814 quadragenarius
628 4706 687 4784 vel
712 4706 824 4798 eirca,
846 4736 934 4786 cum
952 4735 1031 4814 quo
1050 4709 1274 4816 inquisitum
1293 4711 1433 4806 luerat,
1465 4715 1661 4796 absolutus
1677 4735 1716 4796 et

286 4811 550 4914 reconciliatus
581 4863 650 4944 per
675 4837 876 4916 dominmn
896 4838 1115 4948 episcopum
1141 4839 1517 4941 Cleromontensem,
1548 4847 1654 4926 lectis
1674 4867 1713 4926 et
