4486 5890
596 462 664 534 ror
970 439 1171 558 canons
1197 459 1293 532 uns
1320 460 1621 539 annumeras.

588 601 806 678 Nannatesis
828 601 1002 688 diocesis,
1025 601 1066 676 in
1088 599 1227 705 capella
1249 601 1348 680 dicte
1369 601 1524 692 domus,
1546 618 1636 680 sunt
1655 601 1800 680 circiter
1819 630 1881 682 sex
1902 605 2004 694 anni,

588 749 762 838 presente
775 730 887 806 fratre
896 728 1103 826 Guillelmo
1116 729 1164 806 de
1178 731 1295 808 bosco
1307 732 1336 808 F
1338 732 1462 818 errici,
1475 730 1722 819 commoranti
1731 731 1769 807 in
1782 731 1879 811 dicta
1893 732 2007 812 domo

590 861 639 936 de
660 861 823 947 Clisson‚
846 877 884 936 et
902 860 983 964 ipso
1001 876 1110 952 teste,
1141 860 1180 936 in
1206 859 1308 938 bunc
1334 862 1518 943 modum:
1546 889 1631 938 nam
1652 891 1738 940 crnn
1758 862 2009 968 requisivisset

591 1017 727 1095 panem
741 1007 778 1066 et
791 1018 922 1094 aquam
940 990 1095 1078 ordinis,
1105 1007 1143 1066 et
1159 989 1194 1067 ei
1206 1017 1380 1070 concessa
1392 991 1565 1080 luissent,
1579 1007 1618 1068 et
1630 991 1789 1068 vovisset
1804 1007 1843 1069 et
1848 991 2009 1098 jurasset

593 1147 738 1198 servare
762 1120 883 1196 bonos
907 1149 995 1198 usus
1019 1135 1056 1196 et
1081 1119 1199 1203 bonas
1228 1121 1531 1233 consuetudines¹
1545 1120 1704 1209 ordinis,
1726 1139 1764 1198 et
1784 1119 1890 1228 quod
1914 1139 2009 1198 esset

594 1277 720 1326 servus
747 1248 910 1329 esclavus
936 1250 1023 1328 dicti
1051 1252 1212 1345 ordinis,
1244 1253 1450 1334 castitatem
1470 1269 1508 1330 et
1526 1249 1802 1340 obedienciam,
1831 1267 1869 1328 et
1888 1252 2008 1327 vivere

594 1381 675 1458 sine
689 1381 856 1484 proprio,
874 1397 912 1460 et
927 1381 1166 1488 imposuisset
1180 1385 1214 1461 ei
1230 1381 1467 1471 mantellum,
1483 1397 1520 1458 et
1532 1380 1836 1462 omnesosculati
1852 1379 2009 1458 fuissent

594 1537 683 1586 eum
702 1511 742 1585 in
754 1538 842 1596 ore,
864 1510 950 1592 feeit
969 1540 1057 1588 eum
1076 1527 1135 1588 ter
1153 1514 1337 1619 abnegare
1354 1512 1527 1600 lhesum,
1543 1510 1595 1595 ‚de
1606 1509 1755 1590 Christo
1767 1509 1872 1594 nulla
1885 1508 2008 1587 habita

595 1640 808 1729 mensione,
827 1657 864 1715 et
876 1641 1043 1747 precepit
1059 1644 1160 1746 quod
1178 1659 1331 1748 spueret
1343 1669 1455 1746 super
1469 1640 1670 1747 quamdam
1685 1666 1835 1742 crucem
1848 1641 2009 1747 ligneam

595 1766 635 1842 in
649 1797 721 1874 qua
737 1797 814 1846 non
833 1787 911 1846 erat
928 1799 1061 1878 ymago
1081 1771 1273 1862 crucifixi,
1296 1773 1414 1850 nescit
1432 1797 1626 1876 perquem
1643 1767 1809 1859 allatam,
1835 1785 1874 1845 et
1890 1767 2010 1850 dictus

595 1897 767 1980 Nicolaus
781 1903 883 2006 spuit
897 1903 1116 2008 justarum,
1138 1921 1177 1981 et
1192 1920 1364 2010 receptor
1377 1902 1449 1982 suit
1468 1900 1656 1982 osculatus
1670 1900 1795 2006 ipsum
1815 1899 2007 1980 Nicolaum

595 2028 635 2102 in
655 2029 816 2109 humero
838 2061 882 2110 ex
894 2033 1198 2138 partesanteriori
1211 2051 1250 2112 et
1263 2032 1462 2140 posteriori
1482 2059 1595 2136 snper
1614 2047 1751 2118 vestem
1771 2046 1891 2136 etper
1907 2057 2011 2108 eum·

595 2156 681 2234 dem
711 2159 866 2270 modum
888 2161 981 2240 dixit
1003 2163 1127 2240 eidem
1152 2163 1236 2241 testi
1249 2191 1304 2242 ,se
1323 2161 1435 2240 luisse
1452 2177 1647 2266 receptum
1673 2159 1713 2236 in
1733 2158 1832 2238 dicta
1851 2157 2007 2263 capella,

595 2287 688 2366 circa
703 2289 839 2368 festum
853 2289 1036 2368 Omnium
1051 2291 1272 2372 Sanctorum
1288 2292 1454 2397 proxime
1468 2289 1689 2398 preteritum
1702 2287 1857 2369 luerunt
1867 2289 2010 2366 circiter

595 2416 726 2495 decem
747 2436 784 2496 et
804 2435 887 2497 octo
908 2421 1015 2510 anni,
1039 2451 1107 2524 per
1126 2421 1278 2498 fratrem
1296 2421 1502 2498 Oliverium
1519 2418 1692 2524 :Flameni
1712 2417 1873 2496 militem
1891 2443 2009 2520 qrton-

597 2545 699 2630 dam,
721 2565 980 2652 preceptorem
1003 2566 1094 2625 tunc
1116 2549 1164 2625 de
1184 2547 1283 2626 Malo
1304 2550 1450 2638 Leone,
1478 2543 1717 2651 presentibus
1735 2543 1912 2626 fratribus
1929 2545 2010 2624 Ste-

595 2676 721 2778 phano
740 2676 862 2752 Enrici
885 2679 1053 2784 predicto
1076 2699 1113 2758 et
1131 2680 1303 2758 Jobanne
1320 2678 1367 2756 de
1385 2678 1522 2756 Sancto
1537 2673 1729 2756 Maxencio
1749 2675 2008 2760 servientibus,

523 2837 528 2844 ·
597 2803 815 2898 deffunctis,
835 2826 872 2883 et
892 2807 1011 2886 credit
1035 2811 1139 2914 quod
1165 2839 1233 2916 per
1253 2809 1430 2905 eumdem
1453 2806 1609 2886 modum
1635 2804 1893 2912 reciperentur
1911 2833 2011 2884 com-

597 2935 765 3012 muniter
777 2964 908 3016 omnes
924 2938 985 3014 alii
1002 2941 1040 3016 in
1057 2937 1209 3030 ordine,
1231 2958 1269 3018 et
1280 2940 1385 3047 quod
1396 2937 1502 3016 nulla
1514 2936 1592 3014 alia.
1599 2935 1730 3021 illicita
1746 2935 2012 3014 intervenirent

484 3171 487 3178 .
596 3064 636 3138 in
659 3066 952 3170 recepcionibus,
969 3068 1129 3146 aliorum
1153 3070 1210 3146 vel
1235 3088 1335 3177 post,
1364 3067 1471 3173 plura
1498 3067 1670 3146 nesciens
1697 3065 1745 3141 de
1765 3065 1950 3144 contentis
1975 3066 2011 3140 in

597 3193 708 3270 dictis
720 3195 902 3286 articulis,
921 3225 990 3274 nec
1004 3197 1075 3274 alia
1091 3199 1249 3276 ,eredens
1269 3227 1349 3276 esse
1367 3227 1453 3274 vera
1470 3197 1517 3275 de
1529 3195 1717 3276 contentis
1734 3195 1774 3272 in
1791 3197 1843 3272 eis
1858 3196 1929 3274 nisi
1943 3197 2013 3272 boc

596 3324 702 3429 quod
728 3327 912 3431 sequitur.
939 3329 1031 3403 Nam
1056 3327 1149 3405 dixit
1176 3357 1215 3405 se
1236 3329 1390 3406 credere
1417 3325 1671 3404 ecclesiasticis
1697 3325 1952 3418 sacramentis,
1979 3344 2013 3404 et

595 3452 701 3558 quod
721 3454 783 3530 alii
799 3453 931 3532 fratres
945 3457 1089 3534 ordinis
1106 3459 1241 3536 eodem
1261 3460 1376 3537 modo
1398 3457 1609 3546 crederent,
1631 3472 1670 3532 et
1688 3453 1793 3562 quod
1810 3482 1944 3532 eorum
1960 3485 2013 3532 sa-

596 3575 770 3663 cerdotes
786 3583 911 3662 debite
929 3586 1172 3668 celebrarent.
1197 3589 1338 3666 duravit
1356 3589 1434 3693 ipse
1451 3602 1489 3664 et
1504 3585 1627 3665 dictus
1645 3583 1818 3664 Nicolaus
1839 3585 2011 3662 ordinem

595 3738 673 3790 non
692 3713 806 3800 exire,
829 3714 985 3792 credens
1003 3717 1108 3822 quod
1123 3718 1186 3796 alii
1201 3718 1309 3796 idem¹
1321 3719 1508 3825 jurarent,
1530 3732 1568 3793 et
1585 3715 1730 3798 dictum
1748 3713 1820 3794 luit
1838 3717 1892 3794 eis
1908 3716 2012 3824 quod

596 3842 721 3918 statim
742 3869 810 3947 pro
829 3843 1004 3952 professis
1024 3845 1272 3924 habebantur.
1301 3844 1544 3924 Clandestine
1572 3845 1867 3952 recipiebantur,
1899 3845 2011 3926 nullis

594 3969 832 4074 presentibus
853 3973 924 4050 nisi
942 3971 1119 4051 fratribus
1143 3975 1305 4084 ordinis,
1333 4005 1378 4053 ex
1390 4003 1468 4082 quo
1484 3974 1603 4055 credit
1620 3975 1727 4080 quod
1741 3991 1839 4054 esset
1852 3975 2010 4079 suspicio

596 4115 723 4176 contra
744 4127 819 4178 eos.
841 4101 1017 4183 Cordulis
1033 4106 1134 4182 unde
1155 4105 1329 4185 volebant
1349 4105 1547 4212 assumptis
1564 4104 1810 4212 cingebantur
1825 4133 1939 4211 super
1958 4134 2015 4180 ca-

594 4227 721 4307 misias
745 4257 831 4306 cum
858 4231 997 4338 quibus
1012 4235 1198 4340 jacebant.
1223 4236 1492 4344 Injungebatur
1511 4236 1565 4312 eis
1584 4263 1651 4341 per
1671 4251 1944 4315 sacramentum
1968 4263 2011 4310 ne

594 4360 802 4440 revelarent
824 4381 966 4442 secreta
986 4365 1253 4471 capitulorum,
1276 4367 1393 4444 eciam
1414 4365 1591 4444 fratribus
1607 4366 1681 4472 qui
1706 4392 1782 4445 non
1802 4363 2008 4450 adfuerant,

595 4492 643 4568 de
659 4492 774 4570 modo
790 4494 1018 4599 recepcionis
1039 4496 1190 4600 speciali
1213 4524 1290 4574 non
1311 4495 1438 4574 habita
1459 4496 1678 4583 mencione3
1707 4494 1773 4601 qui
1791 4493 2011 4574 revelassent

593 4621 752 4729 graviter
770 4624 890 4728 puniti
909 4624 1082 4712 luissent,
1109 4626 1176 4702 sed
1197 4626 1316 4704 nescit
1335 4625 1507 4732 qualiter.
1531 4624 1725 4719 Quamdiu
1747 4623 1886 4702 babere
1907 4641 2010 4732 pote-

592 4769 676 4830 rant
690 4755 900 4832 sacerdotes
914 4756 1074 4844 ordinis,
1091 4781 1166 4832 non
1190 4755 1380 4835 debebant
1399 4756 1480 4834 aliis
1501 4754 1686 4834 confiteri.
1706 4756 1851 4832 Fratres
1870 4754 2011 4864 ordinis
2079 4844 2083 4852 ¹
