4242 5890
419 531 493 608 am
805 511 1001 604 raoons
1027 529 1123 604 nns
1149 527 1451 602 rnmrmnns
1556 521 1570 546 ‘

418 673 550 750 dixerit
569 671 767 748 falsitatem
783 688 846 748 aut
862 670 1105 748 immiscuerit
1124 671 1164 747 in
1186 670 1424 777 deposicione
1440 698 1522 757 sua,
1545 668 1637 746 dixit
1657 697 1724 776 per
1737 671 1839 777 jura-

415 821 587 881 mentum
609 832 719 880 suum
740 801 843 908 quod
863 829 956 890 non;
973 802 1090 879 immo
1110 793 1201 878 dixit
1215 829 1346 909 puram
1369 803 1571 880 veritatem.

472 1069 565 1143 ltem
595 1065 706 1142 frater
729 1063 900 1142 Galterus
926 1063 972 1138 de
1000 1065 1119 1140 Bures
1151 1063 1309 1139 diocesis
1341 1062 1607 1168 Lingonensis,
1639 1064 1745 1140 etatis
1770 1091 1837 1142 xxu

416 1224 614 1285 annorum,
636 1195 784 1302 juretus
806 1194 941 1272 eodem
962 1193 1077 1270 modo
1107 1211 1145 1270 et
1164 1191 1370 1299 requisitus
1397 1193 1444 1268 de
1457 1201 1641 1298 'tempore
1663 1210 1701 1271 et
1724 1194 1836 1271 modo

415 1357 481 1406 sue
506 1328 749 1434 recepcionis‚
776 1328 868 1405 dixit
896 1355 964 1432 per
977 1329 1233 1434 juramentum
1255 1357 1366 1406 suum
1392 1328 1496 1434 quod
1516 1328 1588 1406 fuit
1606 1348 1775 1436 receptus
1800 1331 1835 1406 in

417 1460 530 1538 domo
552 1461 599 1539 de
619 1459 819 1554 Aurelaves
846 1457 1006 1535 diocesis
1024 1459 1237 1546 Trecensis,
1257 1487 1324 1564 per
1344 1456 1499 1536 fratrem
1514 1459 1559 1536 H.
1582 1461 1629 1536 de
1650 1462 1832 1548 Paraudo,

415 1607 556 1696 septem
591 1590 675 1666 anni
708 1605 812 1675 sunt,
840 1588 1074 1692 presentibus
1099 1588 1208 1666 fratre
1235 1586 1403 1668 Gerardo
1436 1589 1483 1665 de
1514 1589 1637 1668 Saires
1662 1607 1699 1667 et
1727 1590 1834 1668 fratre

412 1723 583 1798 lohanne
605 1717 835 1824 Laugembe‚
862 1735 898 1794 et
918 1716 1143 1824 quibusdam
1164 1717 1243 1796 aliis
1268 1719 1315 1796 de
1336 1745 1500 1824 quorum
1525 1719 1742 1798 nominibus
1761 1750 1835 1799 non

413 1849 557 1928 recolit.
577 1849 679 1927 Dixit
699 1847 815 1926 eciam
829 1876 896 1953 per
904 1849 1159 1955 juramentum
1175 1877 1287 1926 suum
1301 1847 1423 1955 quod,
1440 1866 1527 1956 post
1540 1848 1673 1929 multas
1685 1853 1835 1956 pmmis·

414 1987 538 2058 siones
553 1978 664 2056 lactas
682 1977 728 2054 ab
749 2005 795 2054 eo
811 1976 859 2054 de
875 1977 1019 2055 statutis
1040 1994 1077 2054 et
1091 1980 1242 2056 secretis
1263 1976 1353 2055 dicti
1370 1979 1513 2056 ordinis
1527 1978 1784 2068 observandis,
1801 2001 1835 2060 et

413 2111 589 2190 mantello
603 2109 672 2186 sibi
689 2110 737 2190 ad
747 2108 884 2187 collum
900 2109 1039 2214 posito,
1060 2126 1223 2214 aportata
1238 2109 1309 2188 fuit
1324 2111 1394 2188 sibi
1406 2111 1570 2218 quedam
1581 2141 1684 2202 crux,
1698 2131 1734 2190 et
1748 2113 1835 2190 dixit

413 2243 484 2322 sibi
507 2241 628 2318 dictus
653 2239 838 2346 recipiens
862 2239 891 2316 si
916 2237 1090 2316 credebat
1114 2239 1153 2315 in
1175 2267 1261 2317 eum
1281 2242 1346 2347 qui
1366 2269 1495 2348 passus
1513 2240 1636 2320 fixerat
1653 2243 1691 2320 in
1710 2272 1831 2332 cruce,

414 2389 453 2449 et
478 2373 556 2478 ipse
584 2370 676 2448 dixit
699 2359 813 2475 quod
829 2369 900 2455 sic;
926 2384 965 2446 et
986 2386 1078 2446 tunc
1103 2367 1224 2446 dictus
1243 2370 1428 2475 recipiens
1452 2371 1620 2476 precepit
1637 2372 1708 2449 sibi
1734 2373 1834 2479 quod

413 2503 612 2609 abnegaret
624 2500 778 2577 Jbesum
797 2498 1006 2588 Christum,
1024 2517 1061 2576 et
1075 2517 1227 2606 spueret
1242 2527 1351 2605 supra
1371 2528 1530 2577 crucem.
1546 2501 1647 2578 Dixit
1660 2527 1727 2606 per
1735 2502 1834 2608 jura-

412 2649 582 2710 mentum
597 2658 708 2708 suum
721 2629 827 2736 quod
842 2628 1052 2735 abnegavit,
1065 2646 1104 2705 et
1117 2629 1218 2736 spuit
1230 2629 1346 2707 semel
1356 2623 1466 2736 snpra
1481 2657 1647 2718 crucem,
1660 2648 1699 2708 et
1709 2649 1833 2736 postea

412 2762 600 2840 osculatus
614 2759 686 2839 luit
706 2759 849 2837 dictum
870 2757 1113 2866 recipientem
1133 2759 1173 2834 in
1189 2759 1370 2837 umbilico
1388 2760 1479 2837 etin
1493 2787 1570 2836 ore.
1587 2762 1834 2866 Interrogatus

411 2895 566 2970 devoto
589 2891 778 2978 castitatis,
801 2889 895 2967 dixit
915 2917 984 2995 per
1000 2890 1258 2998 juramentum
1278 2918 1390 2967 suum
1411 2890 1515 2996 quod
1540 2889 1746 2997 injunctum
1765 2891 1834 2970 luit

412 3023 484 3100 sibi
503 3038 546 3099 ut
566 3022 721 3101 omnino
742 3020 977 3098 abstinereta
997 3019 1237 3110 mulieribus,
1259 3019 1339 3098 etsi
1361 3019 1463 3098 calor
1477 3020 1654 3098 naturalis
1673 3039 1833 3100 moveret

413 3181 517 3241 eum.
539 3151 644 3258 quod
663 3151 923 3229 commisceret
942 3178 981 3227 se
1003 3149 1196 3228 carnaliter
1212 3177 1297 3228 cum
1322 3150 1496 3228 fratribus
1511 3151 1604 3239 suis,
1632 3167 1670 3228 et
1688 3150 1760 3229 boc
1773 3180 1833 3258 pe·

410 3301 554 3363 teretur
579 3282 626 3360 de
653 3279 750 3372 eliis,
774 3280 841 3358 sed
863 3308 1069 3388 numquam
1090 3279 1194 3369 fecit,
1216 3309 1286 3358 nec
1307 3281 1353 3358 ab
1379 3280 1506 3386 aliquo
1528 3279 1600 3358 suit
1617 3282 1829 3388 requisitus,

412 3433 455 3492 nt
479 3414 583 3492 dixit.
599 3403 848 3520 Interrogatus
868 3427 996 3489 utrum
1014 3411 1067 3499 vi,
1085 3410 1144 3489 vel
1162 3427 1266 3489 metu
1289 3393 1446 3489 carceris
1467 3428 1530 3488 aut
1542 3427 1829 3501 tormentorum,

412 3543 575 3652 aliquam
605 3543 740 3622 dixerit
758 3541 952 3620 falsitatem
973 3540 1029 3618 vel
1054 3541 1299 3619 immiscuerit
1322 3541 1360 3618 in
1382 3541 1621 3646 deposicionc
1640 3569 1723 3632 sua,
1745 3542 1832 3620 dixit

410 3703 479 3782 per
492 3674 752 3782 jummentpm
773 3700 884 3750 suum
906 3669 1010 3778 quod
1027 3698 1123 3761 nom
1144 3670 1261 3748 immo
1278 3670 1370 3747 dixit
1381 3698 1513 3777 puram
1532 3688 1571 3749 et
1584 3699 1725 3749 meram
1741 3673 1831 3749 veri-

413 3821 538 3886 tatem.

467 4071 562 4146 ltem
582 4066 694 4145 frater
708 4069 837 4144 Petrus
856 4065 904 4144 de
925 4067 1053 4144 Monte
1064 4066 1198 4156 Seudi,
1220 4066 1325 4144 etatis
1344 4065 1497 4173 triginta
1512 4089 1713 4158 annorum,
1727 4065 1828 4174 jure-

412 4214 474 4276 tus
489 4198 624 4276 eodem
642 4197 758 4276 modo
778 4194 878 4275 dese
893 4214 931 4274 et
945 4195 1026 4274 aliis
1049 4196 1089 4274 in
1111 4223 1217 4274 causa
1236 4195 1327 4274 fidei
1349 4197 1472 4276 dicere
1497 4198 1707 4286 veritatem,
1730 4213 1767 4273 et
1781 4197 1830 4272 in·

412 4345 619 4436 terrogatus
633 4327 680 4406 de
698 4345 867 4433 tempore
884 4343 921 4404 et
939 4327 1053 4404 modo
1063 4355 1130 4405 sue
1141 4327 1385 4434 recepcionis‚
1401 4326 1492 4403 dixit
1500 4355 1570 4433 per
1576 4326 1831 4433 juramentum

413 4485 521 4538 suum
536 4455 640 4565 quod
650 4456 723 4535 luit
734 4475 904 4564 receptus
916 4456 1016 4563 apud
1031 4457 1302 4566 savigniacum,
1316 4483 1385 4563 per
1401 4455 1552 4534 lratrem
1568 4455 1778 4535 Jobannem
1789 4454 1833 4531 de

411 4591 543 4668 Turno
566 4589 839 4668 thesaurarium
858 4587 1006 4694 Templi
1026 4587 1256 4676 parisiensis,
1279 4587 1340 4666 die
1360 4587 1490 4666 Martis
1509 4587 1659 4665 instanti
1681 4602 1767 4694 post
1784 4585 1802 4662 l
1818 4629 1835 4642 -

412 4737 512 4799 stum
520 4720 619 4798 beati
635 4718 783 4800 Martini
799 4719 869 4795 erit
887 4745 1023 4808 annus,
1035 4716 1273 4824 presentibus
1287 4715 1397 4796 fratre
1409 4718 1518 4796 Petro
1530 4716 1578 4795 de
1589 4715 1787 4795 Cormeliis
1798 4728 1835 4790 et

412 4852 523 4931 fratre
542 4853 712 4934 Johaune
733 4824 952 4958 preceptora
969 4848 1106 4929 domus
1128 4849 1174 4926 de
1194 4846 1339 4926 Chalou
1350 4849 1502 4956 Regino.
1523 4847 1623 4926 Dixit
1638 4847 1755 4926 eciam
1772 4871 1836 4952 per
