4486 5890
597 519 670 590 rso
984 496 1180 588 rnooss
1206 513 1302 586 nss
1328 511 1629 584 reuertens

595 673 738 738 exorta:
754 653 859 763 cujus
878 653 1057 732 fratribus
1082 653 1202 732 credit
1221 670 1309 730 nota
1326 651 1440 731 luisse
1459 651 1663 730 conlessata
1682 677 1751 757 per
1765 678 1871 739 eum,
1887 667 1925 728 et
1941 679 2020 728 ma-

592 815 711 894 gnum
729 785 952 893 Magistrum
968 801 1006 862 et
1020 785 1114 863 alios
1131 785 1263 862 eadem
1278 783 1393 862 luisse
1410 781 1611 860 confessos.

649 915 867 1024 Requisitus
882 915 911 991 si
926 916 979 993 sic
994 915 1221 1022 deposuerat
1236 943 1363 1022 prece,
1380 931 1572 1020 precepto,
1589 912 1739 1000 timore,
1757 939 1896 1002 amore,
1914 911 2016 998 odio,

592 1044 651 1123 vel
666 1045 866 1151 temporali
886 1045 1046 1124 comodo
1062 1046 1192 1124 habito
1209 1045 1266 1122 vel
1288 1043 1481 1134 habendo,
1503 1043 1699 1150 respondit
1713 1043 1818 1149 quod
1833 1071 1929 1131 non,
1951 1043 2018 1120 sed

591 1175 833 1282 proteritate
855 1174 1035 1266 dicenda;
1064 1176 1124 1252 cui
1151 1175 1224 1252 fuit
1249 1174 1462 1281 injunctum
1491 1173 1597 1280 quod
1616 1201 1693 1252 non
1719 1172 1903 1252 revelaret
1923 1175 2018 1252 hauc

592 1333 699 1382 suam
725 1303 1021 1410 deposicionem,
1055 1333 1253 1412 quousque
1281 1303 1539 1382 attestaciones
1565 1303 1706 1382 luerint
1738 1303 1948 1410 publicete3
1980 1319 2016 1382 et

592 1463 669 1512 uon
690 1435 879 1512 obtulerat
895 1462 934 1510 se
951 1435 999 1510 ad
1015 1434 1289 1513 deffensionem
1311 1433 1454 1512 ordinis
1474 1435 1692 1540 supradicti.

647 1565 737 1642 Acta
771 1565 928 1643 luerunt
959 1567 1029 1643 hcc
1060 1567 1238 1672 predictis
1271 1565 1333 1643 die
1359 1583 1397 1643 et
1424 1565 1532 1654 loco,
1568 1564 1806 1672 presentibus
1840 1566 2015 1672 magistro

590 1693 754 1784 Amisio,
786 1724 847 1773 me
872 1694 1130 1774 Floriamonte
1155 1695 1355 1782 Dondedei
1384 1713 1421 1774 et
1449 1695 1532 1774 aliis
1560 1697 1714 1776 notariis
1742 1695 2014 1803 supraaeultimo

592 1841 806 1902 nominatis.

646 2089 735 2164 Post
754 2087 839 2177 hec,
863 2086 923 2166 die
937 2089 1113 2164 Mercurii
1129 2088 1318 2196 sequenti,
1338 2115 1413 2195 que
1435 2087 1505 2166 luit
1521 2087 1655 2166 ultima
1673 2087 1753 2166 dies
1770 2087 1860 2168 dicti
1875 2089 2012 2167 mensis

589 2215 735 2307 Marcii,
752 2213 825 2292 suit
838 2217 1024 2295 adductus
1049 2219 1098 2296 ad
1117 2221 1352 2325 presenciam
1372 2219 1561 2298 dictorum
1583 2220 1826 2297 dominorum
1843 2219 2012 2296 commis·

589 2346 774 2422 sariorum
795 2364 833 2422 et
858 2346 1002 2423 domini
1029 2348 1186 2438 Mathei,
1213 2349 1251 2424 in
1276 2349 1392 2427 domo
1411 2349 1579 2455 predicta
1598 2349 1744 2427 domini
1764 2349 1862 2426 Petri
1885 2349 1934 2428 de
1951 2352 2013 2427 Sn—

589 2473 746 2564 baudia,
764 2475 877 2554 frater
891 2477 1080 2556 lohannes
1096 2479 1261 2556 Senandi
1283 2479 1462 2568 serviens,
1488 2497 1687 2585 preceptor
1705 2479 1843 2556 domus
1864 2478 2011 2584 Templi

589 2604 637 2681 de
646 2605 808 2684 Folbosa
816 2607 1134 2685 Claramontensis
1148 2607 1319 2696 diocesis,
1330 2608 1437 2685 testis
1448 2637 1560 2714 supra
1571 2609 1732 2716 juratus,
1748 2624 1791 2684 ut
1806 2606 2012 2714 deponeret

589 2732 732 2812 dictum
744 2763 867 2828 suum,
879 2735 1223 2842 quinquagenarius
1233 2735 1290 2813 vel
1303 2736 1410 2825 circa,
1420 2737 1644 2814 mantellum
1655 2737 1800 2813 ordinis
1810 2755 1849 2814 et
1858 2737 2011 2816 barbam

589 2862 792 2955 defferens,
813 2893 900 2942 cum
921 2893 997 2972 quo
1016 2865 1237 2974 inquisitum
1253 2864 1390 2958 luerat,
1407 2865 1603 2944 absolutus
1617 2883 1655 2952 et
1667 2865 1929 2943 reconciliatus
1948 2895 2012 2972 per

589 2992 791 3071 dominum
811 2994 1028 3100 episcopum
1045 2993 1403 3073 Claramontensem.
1427 2996 1520 3090 Qui,
1540 2995 1815 3100 protestacione
1834 2996 2011 3101 premissa

588 3125 694 3230 quod
713 3152 790 3202 non
806 3123 970 3201 intendit
990 3123 1167 3200 recedere
1188 3152 1208 3200 a
1228 3124 1469 3230 deposicione
1490 3153 1664 3230 pereum
1684 3123 1779 3201 lacta
1798 3152 1925 3202 coram
1946 3125 2011 3203 do-

587 3253 693 3330 mino
705 3252 1004 3332 Claramontensi
1020 3253 1195 3358 episcopo
1211 3272 1432 3343 memorato,
1446 3253 1552 3332 lectis
1567 3272 1604 3330 et
1622 3254 1823 3362 diiigenter
1838 3254 2010 3360 expositis

587 3383 658 3459 sibi
677 3383 856 3462 omnibus
877 3397 915 3460 et
929 3383 1086 3491 singulis
1102 3382 1284 3474 articulis,
1306 3384 1502 3491 respondit
1516 3413 1555 3462 se
1569 3385 1731 3472 nescire,
1754 3413 1824 3462 nec
1839 3385 2007 3474 credere,

586 3542 657 3591 nec
670 3514 854 3592 audivisse
875 3509 948 3592 dici
969 3514 1016 3591 de
1032 3513 1218 3592 contentis
1238 3513 1278 3588 in
1296 3514 1349 3590 eis
1370 3513 1442 3590 nisi
1460 3514 1564 3619 quod
1581 3515 1761 3620 sequitur.
1786 3513 1888 3593 Dixit
1910 3513 2008 3592 enim

585 3673 625 3722 se
645 3643 760 3724 luisse
781 3662 975 3751 receptum
1002 3645 1043 3721 in
1065 3644 1228 3752 quadem
1260 3671 1404 3722 camera
1427 3643 1564 3727 domus
1590 3643 1739 3750 Templi
1764 3643 1905 3722 Montis
1925 3645 2010 3720 Fer·

584 3775 692 3852 randi
713 3775 1029 3855 claramontensis
1048 3774 1225 3864 diocesis,
1247 3775 1367 3882 prima
1390 3775 1579 3852 dominica
1600 3791 1685 3882 post
1709 3773 1849 3852 instans
1872 3773 2008 3852 festum

585 3906 823 3983 Pentecostes
843 3920 955 3982 erunt
973 3904 1126 4010 triginta
1146 3904 1224 3981 duo
1247 3905 1333 3980 anni
1354 3903 1413 3982 vel
1435 3905 1544 3992 circa,
1572 3931 1640 4009 per
1658 3902 1810 3982 fratrem
1830 3905 2008 4012 Raymon·

586 4035 679 4112 dum
695 4033 742 4110 de
755 4035 881 4112 Dumo
896 4033 1057 4110 militem
1070 4035 1280 4140 quondam,
1295 4035 1531 4141 presentibus
1543 4033 1722 4112 iratribus
1734 4035 1844 4114 Petro
1856 4033 2004 4123 Nicolai,

584 4163 696 4242 Petro
712 4163 835 4241 Vinha
860 4162 1126 4254 servientibus,
1150 4180 1188 4244 et
1210 4165 1380 4242 Johanne
1405 4162 1519 4242 Blenc
1541 4165 1767 4270 presbitero,
1791 4165 2003 4251 deffunctis,

583 4294 624 4372 in
646 4295 748 4379 hunc
763 4295 943 4372 modum:
966 4324 1054 4372 nam
1070 4323 1158 4372 cum
1177 4295 1351 4402 peciisset
1370 4325 1507 4403 panem
1524 4313 1560 4374 et
1580 4324 1715 4403 aquam
1736 4311 1775 4374 et
1793 4297 2006 4374 sociotatem

584 4425 745 4513 ordinis,
763 4443 801 4504 et
824 4426 1022 4505 obtulisset
1049 4454 1088 4504 se
1107 4425 1203 4502 velle
1227 4424 1309 4504 lieri
1335 4455 1485 4508 servum
1510 4425 1697 4505 esclavum
1717 4429 1835 4504 Terre
1857 4427 2003 4512 Sancte,

583 4549 747 4633 finaliter
773 4555 860 4633 lecit
887 4535 975 4634 euin
1001 4584 1133 4634 vovere
1158 4573 1196 4632 et
1217 4555 1345 4663 jurare
1371 4557 1476 4664 quod
1502 4573 1597 4634 esset
1621 4555 1804 4635 obediens
1830 4556 2005 4637 omnibus

582 4686 865 4792 preceptoribus
879 4686 946 4795 qui
959 4703 1263 4793 proponerentur
1275 4687 1418 4776 eidem,
1438 4704 1476 4764 et
1489 4687 1594 4793 quod
1608 4701 1770 4766 servaret
1785 4687 2001 4775 castitatem,

582 4813 857 4908 obedienciam,
876 4834 914 4895 et
931 4817 1069 4902 viveret
1084 4817 1163 4900 sine
1179 4818 1348 4926 proprio,
1367 4834 1405 4900 et
1421 4819 1527 4924 qqod
1541 4834 1704 4902 servaret
1717 4817 1843 4920 ,bonos
1863 4847 1954 4898 usus
1967 4830 2005 4894 et
