4208 5886
636 573 641 586 ·
674 515 868 608 raeces
899 534 995 607 nas
1026 531 1330 608 rnurmass
1636 539 1706 606 111

289 675 405 752 eciam
427 674 533 781 quod
550 674 723 782 generale
744 675 947 754 concilium
965 673 1144 763 instabat,
1168 692 1208 752 et
1236 676 1340 781 quod
1365 675 1536 752 voluntas
1562 676 1707 754 domini

287 807 409 911 Pappe
426 821 465 880 ct
485 804 573 882 dicti
595 803 741 882 domini
764 805 862 914 regis
881 805 999 882 eciam
1020 804 1267 882 concurrebat
1281 803 1330 882 ad
1349 803 1467 882 finem
1489 805 1710 912 hujusmodi

288 934 580 1040 imponendum,
603 932 849 1012 decreverunt
868 933 1066 1040 imponere
1092 931 1209 1012 finem
1235 933 1393 1043 negocio
1415 933 1649 1040 supradicto,
1676 951 1714 1011 ct

288 1065 327 1140 in
352 1064 597 1170 quantumin
622 1063 712 1168 ipsis
735 1063 807 1140 luit
838 1064 1119 1168 imposuerunt,
1149 1064 1344 1169 potissime
1379 1092 1466 1140 cum
1492 1092 1563 1140 nec
1593 1064 1710 1140 eciam

287 1193 416 1299 plures
433 1210 547 1271 testes
565 1192 929 1290 administrarentur·
946 1192 1109 1282 eisdem,
1132 1193 1351 1270 ordinantes
1374 1193 1566 1270 remittere
1587 1193 1711 1297 ipsum

288 1323 487 1432 negcdnm
512 1338 552 1398 et
576 1349 796 1427 processum
828 1320 986 1398 domino
1012 1322 1156 1425 Pappe,
1189 1349 1258 1426 per
1286 1321 1383 1400 viros
1413 1319 1646 1398 venerabiles
1677 1337 1716 1398 et

289 1451 469 1530 discretos
494 1451 691 1560 magistros
725 1449 955 1530 Chatardnm
982 1450 1032 1526 de
1055 1453 1184 1528 Penna
1202 1451 1312 1532 Varia
1343 1451 1562 1528 canonicum
1589 1451 1713 1529 Sancti

288 1582 450 1674 luniani,
463 1597 501 1660 et
520 1583 673 1660 Petrum
691 1582 738 1659 de
758 1579 954 1658 Aureliaco
978 1580 1194 1658 licenciates
1212 1581 1252 1657 in
1271 1579 1431 1688 legibus,
1455 1609 1542 1658 cum
1554 1582 1716 1685 patenti-

288 1713 359 1790 bns
380 1741 512 1790 eorum
540 1711 676 1790 litteris
702 1709 833 1820 siff'llis
861 1712 939 1790 suis
967 1711 1155 1819 sigillatis,
1183 1711 1420 1788 continencia
1448 1710 1713 1817 infrascripte:

346 1973 614 2050 «sanctissimo
651 1972 749 2078 patri
786 1972 1018 2078 dominoque
1057 2001 1127 2050 suo
1163 1953 1324 2050 domino
1353 1972 1556 2064 Clementi,
1590 1973 1714 2050 divina

288 2103 507 2210 providente
540 2103 744 2180 clemencia
776 2119 1006 2181 samosancte
1040 2131 1082 2180 ac
1115 2103 1334 2180 universalis
1369 2103 1533 2182 Ecclesia
1563 2128 1714 2180 summo

289 2231 477 2339 pontifici,
493 2232 618 2310 devoti
638 2232 748 2310 vestri
770 2231 970 2336 capellani,
991 2231 1243 2310 Narbonensis
1260 2229 1582 2336 archiepiscopus,
1604 2230 1714 2335 Bajo·

291 2363 427 2454 censis,
452 2361 684 2440 Mimatensis
708 2380 746 2439 11
773 2362 1051 2440 Lemovicensis
1074 2361 1258 2467 episcopi,
1286 2360 1459 2440 Mothous
1483 2359 1531 2434 de
1555 2358 1713 2463 Neapoli

290 2490 457 2570 notarius
478 2491 629 2598 Majoris
653 2491 772 2569 Caleti
798 2491 1127 2598 Rothomagensis,
1154 2508 1192 2568 et
1216 2491 1408 2570 lohannes
1427 2490 1475 2570 de
1494 2492 1635 2568 Nantua
1661 2517 1713 2566 ca-

291 2621 463 2726 pellanus
481 2619 620 2712 Vestri,
641 2622 865 2698 Tridentino
886 2620 1132 2699 ecclesiarum
1156 2620 1426 2711 archidiaconi,
1451 2619 1499 2696 ad
1518 2619 1714 2724 inquiren-

293 2751 383 2826 dum
413 2767 542 2827 contra
561 2750 866 2855 Tensplariorum
898 2751 1072 2828 ordinem
1100 2751 1140 2824 in
1172 2776 1288 2856 regno
1314 2749 1490 2839 Frende,
1521 2775 1596 2824 una
1626 2776 1714 2825 cum

289 2877 566 2956 venerabilibus
589 2875 677 2954 viris
710 2877 875 2957 dominis
905 2875 1112 2956 Guillelmo
1137 2877 1275 2984 Agarni
1302 2877 1467 2984 Aquensi
1499 2877 1711 2983 preposito,

291 3026 329 3086 et
353 3010 523 3086 lohanne
557 3009 603 3086 de
630 3009 758 3086 Monte
794 3011 915 3086 Lauro
945 3007 1200 3114 Magalonensi
1226 3006 1508 3096 archidiacono,
1537 3034 1623 3082 cum
1649 3005 1714 3082 illa

290 3137 455 3218 clausula
471 3141 595 3244 quod,
611 3138 642 3216 si
662 3139 841 3243 predictis
860 3139 1090 3242 exequendis
1101 3165 1234 3215 omnes
1247 3139 1494 3244 nequiremus
1511 3136 1710 3227 interesse,

290 3279 449 3367 septem,
472 3291 551 3352 sex,
573 3263 760 3368 quinque,
781 3280 944 3368 quatuor
962 3265 1021 3344 vel
1046 3282 1124 3344 tres
1147 3293 1191 3342 ex
1210 3267 1339 3356 nobis,
1366 3265 1460 3342 <lum
1478 3283 1606 3342 tamen
1633 3267 1711 3343 duc
1753 3319 1757 3330 ·

290 3390 462 3468 adessent
480 3391 629 3497 prelati,
652 3419 923 3499 exequercmur
938 3394 1125 3499 predicta,
1140 3423 1160 3470 a
1176 3396 1369 3472 sanctitate
1389 3413 1507 3473 vestra
1523 3395 1710 3502 deputati,

287 3520 431 3624 pedum
452 3521 579 3598 oscula
594 3520 805 3600 beatorum.
827 3524 958 3600 Noscat
972 3523 1171 3602 beatitudo
1187 3541 1324 3626 vestra,
1342 3542 1448 3631 pater
1459 3525 1708 3612 sanctissime,

288 3678 356 3754 per
375 3678 443 3728 nos
463 3679 617 3740 omncs,
646 3652 756 3729 dictis
781 3654 976 3758 Proposito
993 3653 1040 3732 al>
1063 3653 1177 3732 inicio
1203 3655 1368 3760 negocii,
1399 3672 1437 3732 et
1456 3653 1710 3764 Magalonensi

288 3779 552 3858 archidiacono
579 3800 666 3888 post
697 3779 1015 3861 examinacionem
1045 3777 1177 3862 decern
1205 3803 1242 3862 et
1269 3802 1412 3891 septem
1435 3782 1590 3861 testium
1620 3782 1713 3886 legi-

287 3911 379 3988 time
398 3913 600 4002 excusatis,
612 3914 651 3991 in
670 3915 769 4008 dicta
788 3915 1054 4023 inquisicione,
1076 3944 1164 3994 cum
1183 3932 1322 4021 quanta
1340 3915 1436 4002 fide,
1457 3912 1654 4018 diligencia
1675 3930 1711 3988 et

289 4041 577 4130 acceleracione,
605 4061 746 4121 servata
772 4047 1048 4124 commissionis
1077 4044 1215 4132 forma,
1245 4044 1458 4151 potuimus,
1485 4042 1597 4121 fuisse
1625 4069 1712 4146 pro-

289 4197 445 4248 cessum.
477 4171 519 4246 ln
548 4200 621 4278 qua
650 4174 808 4280 quidem
842 4173 1091 4280 inquisicione
1127 4174 1310 4252 ducentos
1338 4173 1491 4283 triginta
1524 4189 1561 4250 et
1590 4199 1710 4248 unum

287 4315 400 4377 testes
427 4329 447 4376 a
463 4301 667 4378 venerabili
686 4303 765 4380 viro
787 4306 831 4382 N.
846 4305 1041 4412 Proposito
1057 4303 1262 4382 Pictavensi
1278 4301 1472 4380 reverendi
1498 4303 1538 4378 in
1558 4301 1710 4380 Christo

286 4431 401 4533 patris
422 4431 566 4508 domini
586 4433 686 4511 Petri
705 4433 776 4511 Dei
796 4435 918 4542 gracia
940 4435 1176 4522 Penestrini,
1203 4451 1241 4510 et
1260 4434 1419 4540 provido
1442 4432 1521 4510 viro
1540 4431 1710 4508 lohanne

290 4559 335 4634 de
355 4558 525 4638 Jemvilla
544 4563 726 4640 serviente
749 4593 942 4643 armorum
962 4565 1110 4644 domini
1129 4565 1228 4672 regis
1245 4564 1401 4648 Francia
1423 4560 1595 4650 illustris,
1620 4561 1710 4638 dicti

287 4689 432 4766 domini
469 4691 564 4798 regis
594 4695 837 4782 auctoritate,
870 4696 917 4772 ad
952 4695 1161 4774 custodiam
1194 4693 1499 4800 Templariorum
1532 4693 1572 4768 in
1605 4692 1706 4769 dicto

285 4845 402 4930 regno
423 4819 627 4926 deputatis,
645 4823 756 4902 nobis
767 4824 814 4900 de
835 4825 990 4904 diversis
1004 4826 1204 4932 provinciis
1225 4825 1519 4915 administratas,
1536 4823 1602 4928 qui
1615 4821 1706 4898 alias
