4486 5890
757 501 957 596 raooss
983 519 1078 593 ons
1103 515 1404 592 rnurnrnas.
1721 511 1787 586 181

369 667 429 746 vel
443 661 643 772 temporali
657 661 822 741 comodo
842 659 972 740 habito
986 657 1046 738 vel
1060 657 1250 750 habendo,
1269 655 1468 765 respondit
1486 657 1592 765 quod
1611 685 1707 744 non,
1728 657 1796 735 sad

369 826 440 907 pro
459 795 613 876 veritate
633 791 812 883 dicenda3
844 791 907 870 cui
930 789 1002 868 fuit
1024 789 1237 897 injunctum
1264 787 1370 896 quod
1392 815 1471 867 non
1496 787 1678 866 revelaret
1701 789 1797 866 hanc
1878 831 1882 845 =

371 956 478 1008 suam
500 923 807 1034 deposicionem,
828 947 1029 1030 quousque
1048 919 1310 1000 attemaciones
1328 918 1471 998 luerint
1488 917 1690 1027 publicata.

430 1193 558 1270 Frater
581 1184 796 1269 Gauiredus
824 1184 872 1264 de
893 1181 1146 1263 Montcbausit
1165 1180 1347 1271 serviens,
1376 1180 1692 1262 Claramontensis
1718 1181 1799 1259 dio-

374 1323 482 1409 cesis,
504 1319 609 1402 testis
632 1345 741 1424 supra
759 1316 926 1425 juratam,
946 1312 1172 1393 mantellum
1192 1327 1230 1390 et
1247 1309 1405 1390 barbam
1425 1311 1631 1405 defferens,
1647 1310 1797 1420 triginta

373 1452 544 1558 quinque
561 1475 749 1528 annorum
768 1445 828 1524 vel
847 1445 964 1534 circa,
986 1473 1074 1523 cum
1093 1468 1171 1550 quo
1192 1441 1418 1550 inquisitum
1443 1440 1581 1534 suerat,
1603 1440 1799 1520 absolutus

373 1597 412 1660 et
433 1577 693 1660 reconciliatus
716 1603 785 1683 per
806 1575 1008 1654 dominum
1034 1572 1357 1678 archiepiscopum
1383 1573 1664 1661 Turonorum,
1694 1571 1799 1650 lectis

375 1727 414 1790 et
427 1709 630 1818 diligenter
648 1706 721 1785 sibi
743 1702 922 1784 omnibus
942 1721 981 1782 et
999 1701 1156 1810 singulis
1176 1699 1358 1790 articulis,
1379 1701 1576 1808 respondit
1588 1701 1693 1809 quod
1712 1701 1799 1778 nul·-

373 1838 457 1918 lum
477 1839 596 1918 elium
614 1835 757 1914 viderat
781 1833 896 1941 recipi
922 1833 961 1911 in
985 1831 1140 1921 ordine,
1165 1830 1268 1909 unde
1290 1829 1495 1923 nesciebat,
1518 1859 1587 1909 nec
1606 1831 1798 1922 credebat,

372 1995 444 2048 nec
459 1968 653 2048 audiverat
669 1965 743 2044 dici
758 1964 807 2044 de
824 1961 1010 2044 contentis
1025 1962 1065 2040 in
1081 1961 1192 2040 dietis
1211 1960 1376 2040 articulis
1395 1962 1468 2040 nisi
1488 1961 1594 2068 quod
1608 1962 1798 2070 sequitur:

372 2098 476 2176 Dixit
498 2096 601 2176 enim
624 2123 665 2174 se
690 2093 804 2172 luisse
827 2099 1043 2201 receptum,
1069 2092 1109 2169 in
1132 2089 1228 2168 festo
1253 2090 1531 2170 Purificaoionis
1553 2090 1663 2170 beate
1683 2092 1799 2170 Maria

375 2227 547 2336 proximo
570 2225 750 2334 preterito
775 2223 930 2302 fatorum
952 2221 1098 2300 circiter
1117 2247 1196 2299 suu
1218 2221 1325 2309 anni,
1349 2221 1389 2298 in
1410 2221 1562 2328 grangia
1580 2221 1732 2328 Templi
1752 2221 1800 2299 de

375 2355 548 2438 Montilio
570 2354 887 2436 Claramontensis
905 2351 1079 2442 diocesis,
1096 2379 1165 2459 per
1185 2349 1338 2430 fratrem
1355 2351 1590 2432 Dalmacium
1606 2350 1682 2431 Gili
1702 2351 1800 2430 mili-

375 2503 454 2568 tem
469 2485 680 2593 quondam,
696 2482 936 2591 presentibus
949 2480 1129 2560 fratribus
1143 2479 1297 2560 Gollero
1314 2479 1442 2560 Garini
1457 2481 1678 2588 presbitero,
1690 2481 1801 2560 Petro

375 2617 494 2696 Vinee
510 2633 549 2694 et
567 2614 716 2694 Andrea
733 2613 861 2692 Jacobi
877 2612 1138 2701 servientibus,
1152 2638 1250 2719 quos
1268 2612 1388 2690 credit
1401 2613 1536 2702 vivere,
1555 2612 1594 2690 in
1610 2613 1712 2691 hunc
1726 2642 1802 2691 mo

378 2745 472 2824 dum
488 2776 497 2822 ε
514 2772 602 2822 nam
617 2771 702 2822 cum
719 2742 972 2850 requisivisset
981 2767 1118 2848 panem
1131 2758 1169 2820 et
1187 2769 1321 2848 aquom
1342 2740 1505 2832 ordinis,
1527 2757 1565 2820 et
1583 2742 1619 2820 ei
1639 2745 1801 2822 concessi

376 2874 550 2967 lmssent,
571 2872 660 2952 fecit
681 2872 803 2952 dictus
822 2887 994 2980 receptor
1010 2898 1099 2950 eum
1113 2897 1245 2948 vovere
1266 2887 1304 2948 et
1316 2869 1445 2978 jurare
1464 2897 1579 2978 super
1597 2873 1802 2979 quemdam

378 3003 523 3081 librum
543 3018 716 3108 apertum
739 3001 965 3090 castitatem,
988 2999 1266 3100 obedienciam,
1287 3000 1408 3078 vivere
1429 3001 1511 3079 sine
1532 3001 1704 3108 proprio,
1727 3030 1803 3080 non

378 3133 543 3213 revelare
572 3148 713 3210 secreta
737 3131 1006 3239 capitulorum,
1033 3158 1178 3210 servare
1202 3128 1426 3210 elemosinas
1445 3147 1484 3210 et
1510 3131 1611 3209 bona
1639 3131 1801 3226 ordinis,

380 3279 419 3340 et
436 3263 564 3341 debite
584 3261 778 3368 acquirere
798 3260 922 3338 ordini
942 3288 1012 3340 suo
1031 3286 1160 3368 posse;
1180 3277 1218 3338 et
1233 3260 1410 3366 imposito
1434 3259 1506 3340 sibi
1533 3260 1728 3351 mantello,
1749 3263 1805 3340 di-

380 3409 463 3470 ctus
481 3407 652 3497 receptor
676 3406 715 3468 et
729 3407 889 3468 astante
908 3389 1063 3468 luerunt
1082 3418 1172 3467 eum
1196 3389 1351 3468 osculati
1378 3391 1418 3468 in
1440 3419 1517 3469 ore.
1538 3393 1586 3470 Et
1604 3390 1727 3470 dictus
1744 3422 1805 3472 re·

380 3537 520 3628 ceptor,
542 3537 627 3628 post
644 3519 858 3626 predictum
878 3519 1049 3624 osculum
1066 3519 1158 3607 oris,
1179 3517 1252 3596 luit
1270 3519 1459 3602 osculatus
1475 3521 1599 3628 ipsum
1612 3539 1748 3600 testem
1766 3525 1805 3599 in

380 3649 564 3729 umbilico
585 3650 626 3726 in
644 3675 754 3726 carne
778 3647 880 3728 nuda
900 3666 939 3728 et
959 3649 999 3727 in
1019 3675 1109 3726 anca
1126 3649 1261 3756 pannis
1275 3648 1528 3737 intermediis,
1550 3667 1589 3727 et
1606 3649 1714 3729 allata
1734 3652 1806 3730 ibi-

382 3782 471 3859 dem
484 3779 649 3888 quadam
664 3807 774 3858 cruce
792 3778 938 3886 lignea,
957 3780 1076 3858 nescit
1088 3807 1158 3887 per
1176 3805 1306 3886 quem,
1327 3779 1366 3857 in
1384 3808 1460 3887 qua
1478 3807 1555 3858 non
1576 3797 1655 3858 erat
1672 3809 1805 3890 ymago
1840 3759 1843 3770 Ι

382 3909 577 4001 crucifixi,
594 3909 714 4017 posita
728 3937 843 4015 super
856 3926 1013 4002 terrm,
1030 3909 1198 4017 precepit
1211 3911 1246 3987 ei
1262 3908 1384 3988 dictus
1395 3927 1568 4018 receptor
1581 3910 1686 4019 quod
1701 3941 1809 4019 spue-

382 4058 441 4122 ret
459 4069 574 4150 super
593 4069 696 4130 οπως
719 4057 757 4118 et
779 4039 859 4147 ipse
878 4039 985 4118 testis
1004 4065 1082 4118 non
1101 4039 1203 4146 spuit
1222 4067 1334 4146 supra
1352 4040 1421 4119 sed
1439 4041 1556 4149 juxta.
1578 4039 1660 4120 Alia
1675 4025 1808 4122 ¹illicita

383 4199 461 4250 non
481 4171 764 4250 intervenerunt
787 4169 827 4247 in
853 4169 951 4248 dicta
973 4183 1040 4247 soa
1063 4169 1283 4276 recepcione
1307 4169 1364 4248 vel
1384 4187 1487 4278 post,
1512 4170 1618 4278 quod
1636 4175 1810 4252 recorde-

384 4319 459 4392 tur,
481 4319 519 4380 et
532 4303 653 4382 credit
670 4301 776 4408 quod
795 4300 928 4380 eadem
947 4299 1046 4378 licita
1066 4317 1104 4378 et
1122 4298 1249 4378 illicita
1267 4301 1539 4380 intervenirent
1557 4305 1809 4381 communiter

375 4417 425 4510 'et
448 4432 591 4540 ubique
617 4433 655 4510 in
683 4429 968 4539 recepcionibus
991 4429 1152 4508 aliorum
1176 4429 1233 4508 vel
1257 4446 1361 4538 post,
1374 4449 1412 4510 et
1421 4431 1564 4512 audivit
1575 4432 1648 4510 dici
1663 4433 1808 4512 afratre

388 4559 596 4642 Guillelmo
617 4561 652 4642 la
671 4560 789 4669 Gayta
816 4561 865 4639 de
884 4559 1119 4668 Burgondia,
1145 4561 1183 4635 in
1204 4559 1369 4667 prisione
1396 4561 1675 4653 Matisconensi,
1705 4567 1809 4670 quod

388 4689 486 4767 dicta
508 4690 636 4770 illicita
657 4692 932 4770 intervenerant
953 4691 992 4768 in
1011 4689 1231 4797 recepcione
1250 4719 1328 4770 sua.
1349 4690 1462 4783 ltem,
1485 4691 1578 4768 dixit
1596 4719 1636 4771 se
1656 4693 1809 4770 credere

388 4821 494 4928 quod
514 4820 645 4900 fratres
664 4819 808 4898 ordinis
823 4819 1020 4899 crederent
1034 4818 1287 4900 ecclesiasticis
1302 4821 1558 4912 sacramentis,
1575 4822 1716 4928 quibus
1731 4823 1810 4928 ipse
