4302 5886
734 541 931 633 anonas
958 557 1054 630 ons
1079 559 1377 634 rennuens.
1700 566 1772 636 397

347 700 462 778 nimia
478 717 674 791 vetustate,
697 719 734 780 et
753 703 921 810 precepit
940 701 1012 779 sibi
1032 701 1136 807 quod
1157 721 1309 809 spueret
1328 732 1439 810 supra
1461 731 1559 793 eam,
1585 705 1775 810 quietalis

346 850 425 909 erat
443 831 581 910 modus
596 832 755 924 ordinis,
776 852 820 911 ut
836 832 1001 923 dicebat,
1021 850 1059 910 et
1077 833 1157 939 ipse
1174 850 1267 912 tunc
1284 834 1430 942 fingens
1444 852 1512 924 ter,
1529 835 1578 912 de
1596 855 1791 943 precepto

346 963 436 1040 dicti
454 963 684 1070 recipientis,
702 993 837 1072 spuere
853 993 964 1072 supra
981 992 1147 1054 crucem,
1170 967 1271 1072 spuit
1285 967 1333 1044 ad
1352 984 1503 1043 terram.
1515 967 1563 1042 Et
1575 983 1702 1073 postea
1720 970 1775 1045 di-

345 1112 427 1173 ctus
440 1095 626 1203 recipiens
643 1096 746 1175 duxit
762 1125 851 1175 eum
870 1098 910 1174 in
928 1095 1091 1203 quadam
1103 1124 1249 1174 camera
1261 1098 1366 1204 juxta
1382 1097 1576 1203 capellam,
1594 1117 1632 1176 et
1643 1099 1775 1176 ablatis

345 1226 511 1304 vestibus
537 1228 630 1316 suis,
656 1226 743 1304 fecit
762 1256 801 1306 se
822 1227 979 1306 osculari
999 1227 1045 1304 ab
1072 1255 1118 1304 eo
1139 1229 1177 1305 in
1197 1227 1393 1306 umbilico.
1415 1229 1463 1306 Et
1479 1228 1572 1305 dixit
1592 1257 1659 1335 per
1673 1231 1777 1337 jura-

346 1375 514 1435 mentum
541 1387 654 1436 ouum
683 1359 887 1466 requisitus
916 1360 1020 1466 quod
1049 1358 1255 1466 injunctum
1286 1359 1358 1436 luit
1385 1359 1455 1436 sibi
1480 1360 1521 1434 in
1546 1359 1644 1437 dicta
1674 1390 1776 1438 rece-

344 1490 483 1594 pcione'
499 1518 566 1568 sua
586 1489 691 1598 quod
709 1491 866 1568 omnino
887 1490 1092 1568 abstineret
1113 1490 1394 1580 mulieribus,
1426 1507 1464 1566 et
1484 1492 1588 1596 quod
1615 1492 1646 1568 si
1673 1493 1776 1569 inve-

345 1620 489 1698 niretur
508 1649 595 1698 cum
615 1620 805 1728 aliquibus
822 1621 1064 1712 mulieribus,
1085 1621 1262 1727 perderet
1282 1619 1503 1698 mantellum
1521 1619 1611 1696 dicti
1632 1622 1774 1700 ordinis

345 1769 383 1828 et
405 1751 635 1856 hospicium
659 1769 697 1829 et
722 1754 815 1830 dixit
839 1753 912 1830 sibi
938 1753 1060 1832 dictus
1080 1753 1267 1859 recipiens
1293 1752 1400 1859 quod
1422 1752 1508 1828 lecti
1530 1751 1686 1828 fratnrrn
1708 1752 1775 1828 de-

343 1880 484 1961 bebam
501 1909 581 1960 esse
597 1910 829 1962 communes.
845 1881 1061 1990 Requisitus
1078 1883 1172 1960 dixit
1189 1913 1258 1990 per
1268 1884 1527 1990 juramentum
1544 1911 1656 1960 suum
1671 1885 1775 1988 quod

345 2011 465 2090 credit
489 2013 593 2120 quod
619 2039 751 2090 omnes
777 2012 840 2089 alii
861 2012 993 2091 fratros
1014 2011 1102 2090 dicti
1129 2013 1272 2090 ordinis
1298 2041 1367 2119 per
1392 2012 1501 2088 illum
1521 2013 1680 2090 modum
1699 2015 1776 2090 sint

344 2143 498 2249 recepti.

400 2275 654 2381 Interrogatus
668 2291 797 2352 utrum
806 2274 857 2366 vi,
873 2291 938 2350 aut
950 2289 1054 2350 metu
1070 2274 1244 2361 carceris,
1265 2290 1557 2360 tormentorum,
1576 2289 1639 2350 aut
1651 2272 1774 2380 aliqua

344 2403 413 2482 alia
431 2404 480 2481 de
495 2433 623 2493 causa,
644 2403 807 2511 aliquam
822 2403 1019 2481 falsitatem
1034 2403 1279 2482 immiscuerit
1293 2404 1332 2481 in
1349 2403 1590 2509 deposicione
1611 2431 1693 2492 sua,
1710 2422 1774 2481 aut

343 2536 536 2612 veritatem
550 2535 724 2627 tacuerit,
747 2534 840 2611 dixit
852 2562 920 2640 per
931 2534 1186 2642 juramentum
1202 2563 1314 2614 suum
1334 2533 1439 2641 quod
1456 2560 1552 2624 uon3
1570 2532 1686 2610 immo
1701 2562 1773 2638 pu-

343 2690 423 2742 ram
446 2665 587 2746 dixerat
607 2683 645 2742 et
664 2665 849 2772 integram
868 2663 1072 2741 veritatem.

400 2926 494 3002 Item
507 2922 620 3036 frater
630 2925 790 3004 lacobus
810 2926 846 3003 le
866 2925 998 3031 Verjus
1020 2924 1067 3001 de
1084 2923 1206 3004 Bebes
1221 2926 1261 3001 in
1277 2926 1377 3014 Bria,
1393 2953 1543 3003 morans
1558 2925 1659 3032 apud
1673 2927 1773 3003 Fres

205 3087 212 3096 ’
343 3083 500 3164 neyum,
523 3055 658 3134 eodem
678 3056 795 3133 modo
816 3055 1057 3144 constitutus,
1075 3053 1225 3160 juratus
1246 3071 1284 3132 et
1303 3055 1571 3162 interrogatus,
1595 3054 1687 3134 dixit
1705 3085 1773 3161 per

338 3188 598 3294 juramentum
614 3213 725 3264 suum
739 3184 846 3293 quod
859 3183 931 3261 fuit
944 3200 1119 3290 recaptus
1134 3184 1236 3292 apud
1251 3185 1527 3264 Goulommiers
1542 3187 1582 3262 in
1597 3187 1693 3277 Bria,
1705 3215 1774 3292 per

342 3315 723 3394 fratremtohannem
743 3316 790 3393 de
811 3313 1009 3394 Moncellis
1028 3331 1289 3421 preceptorem
1310 3316 1474 3393 baillivie
1493 3317 1540 3393 de
1558 3317 1659 3404 Bria,
1682 3345 1773 3422 qua·

345 3448 512 3554 draginta
539 3445 624 3524 anni
654 3445 713 3524 vel
737 3448 831 3523 circa
856 3461 944 3524 sunt
971 3443 1106 3550 elapsi,
1137 3445 1376 3550 presentibus
1404 3445 1517 3522 fratre
1546 3445 1711 3522 Roberto
1736 3447 1771 3522 le

342 3577 490 3656 Fouion
510 3594 730 3683 preceptore
746 3577 843 3654 dicte
866 3577 1019 3669 domus,
1043 3593 1081 3653 et
1099 3573 1326 3682 quibusdam
1348 3575 1430 3654 aliis
1451 3576 1498 3654 de
1520 3605 1683 3682 quorum
1703 3605 1771 3652 no-

342 3707 511 3784 minibus
530 3733 607 3784 non
625 3705 769 3784 recolit.
791 3707 894 3787 Dixit
914 3707 1031 3785 eciam
1055 3735 1124 3813 per
1134 3705 1392 3813 juramentum
1408 3735 1520 3784 suum
1540 3706 1659 3813 quod,
1686 3725 1772 3813 post

341 3837 480 3916 multas
498 3836 765 3943 promissiones
777 3835 824 3914 ab
840 3864 889 3914 eo
903 3834 1017 3914 lactas
1033 3835 1079 3912 de
1100 3836 1245 3913 statutis
1264 3853 1301 3912 et
1314 3837 1467 3914 secretis
1483 3835 1626 3914 ordinis
1643 3837 1771 3915 obser-

341 3968 487 4060 vandis,
511 3969 635 4048 dictus
653 3967 837 4074 recipiens
862 3967 1028 4045 ostendit
1052 3966 1123 4044 sibi
1144 3967 1347 4073 quamdam
1368 3997 1517 4046 crucem
1536 3983 1702 4044 veterem
1723 3967 1769 4044 da
1878 3947 1884 3959 ¹

342 4099 460 4206 ligno,
481 4117 521 4176 et
540 4098 633 4177 dixit
647 4099 718 4177 sibi
736 4097 838 4205 quod
854 4096 1053 4206 oportebat
1068 4097 1173 4204 quod
1189 4115 1343 4203 spueret
1354 4115 1414 4175 ter
1427 4126 1538 4204 supra
1552 4125 1718 4188 crucem,
1734 4117 1770 4175 et
1833 4197 1836 4203 Ι

213 4322 216 4327 ¹
342 4229 416 4308 boc
434 4230 515 4334 ipse
534 4228 634 4306 lecit.
651 4231 901 4338 Interrogatus
922 4229 1075 4306 devoto
1095 4228 1287 4318 castitatis,
1317 4229 1409 4306 dixit
1428 4256 1495 4335 per
1513 4229 1767 4336 juramentum

343 4387 455 4438 suum
475 4361 578 4466 quod
595 4360 802 4466 injunctum
823 4357 895 4436 luit
913 4359 984 4436 sibi
1004 4359 1108 4466 quod
1126 4359 1206 4464 ipse
1226 4360 1344 4437 etalii
1364 4359 1494 4438 iratres
1511 4360 1653 4438 ordinis
1670 4360 1771 4465 jace·

342 4509 427 4571 rent
446 4520 547 4570 unus
564 4489 758 4584 eumalio,
779 4491 810 4568 si
829 4490 1059 4598 indigerent,
1080 4490 1148 4568 sed
1166 4518 1242 4568 noo
1260 4492 1393 4579 credit,
1419 4510 1462 4568 ut
1481 4492 1574 4570 dixit
1588 4519 1656 4598 per
1670 4491 1793 4598 jura·

341 4639 510 4701 mentum
531 4649 659 4710 suum,
687 4622 792 4729 quod
812 4620 884 4700 suit
902 4621 1001 4700 mala
1021 4622 1247 4700 intencione.
1269 4623 1518 4731 Interrogatus
1544 4623 1592 4699 de
1618 4621 1763 4708 osculo,

343 4755 435 4832 dixit
448 4781 517 4861 per
525 4754 780 4861 juramentum
795 4782 906 4830 snum
925 4753 1031 4861 quod
1047 4753 1168 4830 dictus
1186 4753 1370 4858 recipiens
1389 4753 1478 4830 lecit
1492 4781 1531 4830 se
1547 4749 1705 4830 osculari
1721 4751 1768 4827 ab

343 4885 441 4962 eoin
456 4871 653 4976 umbili003
668 4902 704 4963 et
717 4883 809 4962 dixit
823 4911 891 4990 per
905 4883 1162 4991 juramentum
1178 4911 1288 4962 suum
1307 4883 1509 4990 requisitus
1523 4881 1628 4988 quod
1640 4879 1768 4986 plures
1799 4892 1805 4904 “
