4486 5890
752 527 950 621 anocts
976 546 1074 619 ons
1099 535 1401 618 rsurmsns.
1719 550 1786 622 aaa

364 687 476 777 circa,
498 685 721 764 mantellum
737 706 776 764 et
793 685 950 766 barbam
972 687 1178 776 defferens,
1191 710 1283 764 'cum
1310 695 1396 794 quo'*
1408 685 1634 792 inquisitum
1649 685 1788 778 fuerat,

364 816 561 896 absolutus
581 833 619 894 et
644 796 907 896 reconciliatus
932 846 1000 924 per
1018 817 1218 895 dominum
1239 816 1457 924 episcopum
1487 815 1789 905 Ruthenensem‚

364 947 471 1026 lectis
495 968 534 1026 et
556 947 758 1056 diligenter
778 949 953 1056 expositis
978 949 1049 1026 sibi
1068 947 1247 1026 omnibus
1272 965 1310 1026 et
1333 947 1491 1057 singulis
1521 945 1709 1041 articulis,
1731 975 1792 1026 re-

366 1078 519 1187 spondit
535 1079 747 1171 secessim,
775 1107 846 1156 nec
867 1081 1038 1170 credere,
1061 1107 1131 1156 nec
1150 1077 1334 1156 audivisse
1365 1077 1439 1155 dici
1466 1077 1513 1154 de
1541 1077 1728 1156 contentis
1753 1079 1791 1154 in

366 1211 420 1287 eis
452 1210 521 1287 nisi
555 1209 658 1316 quod
691 1211 874 1318 sequitur.
909 1210 1011 1289 Dixit
1042 1238 1204 1317 namque
1234 1238 1273 1287 se
1306 1209 1420 1287 luisse
1447 1226 1661 1317 receptum,
1696 1210 1792 1287 circa

368 1341 508 1417 instans
536 1340 674 1418 lestum
705 1341 845 1418 Pasobe
877 1355 989 1418 erunt
1023 1339 1170 1417 circiter
1194 1337 1250 1418 aai
1279 1341 1385 1430 anni,
1413 1340 1452 1416 in
1484 1339 1625 1446 capella
1655 1340 1792 1417 domus

367 1472 516 1577 Templi
531 1474 666 1549 Sancte
686 1470 834 1546 Eulalie
854 1469 1108 1546 Ruthenensis
1125 1449 1301 1558 diocesis,
1328 1498 1397 1575 per
1416 1469 1569 1546 fratrem
1590 1471 1791 1577 Hugonem

369 1603 414 1678 de
446 1602 585 1677 Sances
623 1599 782 1676 militem
823 1599 1033 1705 quondam,
1077 1615 1338 1704 preceptorem
1374 1616 1461 1675 tunc
1498 1598 1597 1675 dicte
1635 1598 1789 1688 domus,

367 1730 605 1837 presentibus
621 1729 797 1806 fratribus
822 1727 1046 1835 Raymundo
1067 1729 1266 1835 Peyroneti
1287 1729 1509 1818 camerario,
1531 1729 1723 1807 Bernardo
1744 1729 1791 1808 de

369 1864 505 1940 Sancto
522 1863 688 1953 Verano,
718 1877 755 1936 et
774 1859 947 1938 Deodato
967 1857 1078 1937 Corvi
1101 1859 1368 1951 servientibus,
1396 1859 1615 1948 deffimctis,
1635 1860 1675 1936 in
1688 1838 1792 1939 bunc

370 1993 528 2071 modum
548 2023 556 2067 ε
579 2021 665 2069 nam
685 2019 771 2068 cum
797 1989 1051 2098 requisivisset
1065 1989 1336 2068 fraternitatem
1354 1990 1518 2081 ordinis,
1537 2007 1575 2066 et
1587 1987 1793 2070 'obtulisset

369 2153 408 2202 se
431 2123 527 2199 velle
552 2121 633 2199 fieri
649 2149 797 2198 servum
819 2118 1004 2198 esclavum
1029 2118 1218 2227 ejusdem,
1241 2137 1280 2196 et
1308 2118 1586 2197 deliberacione
1605 2119 1733 2198 habita
1758 2122 1792 2197 ei

371 2281 543 2332 concessa
583 2251 728 2341 luisset,
766 2269 804 2327 et
834 2250 882 2327 de
915 2249 1092 2327 mandato
1126 2249 1331 2355 receptoris
1365 2266 1403 2325 et
1441 2247 1603 2327 aliorum
1630 2269 1795 2360 rogasset

369 2387 494 2464 Deum
516 2400 561 2459 ut
575 2383 756 2488 dirigeret
776 2409 883 2468 eum,
902 2378 992 2456 lecit
1006 2407 1095 2456 eum
1115 2407 1246 2457 vovere
1267 2393 1306 2456 et
1315 2380 1443 2488 jurare
1461 2407 1575 2486 super
1589 2380 1793 2487 quemdam

370 2516 511 2593 librum
535 2519 760 2600 castitatem,
785 2509 1064 2598 obedienciam,
1089 2526 1127 2587 et
1148 2511 1268 2588 vivere
1289 2510 1369 2588 sine
1391 2510 1563 2617 proprio,
1587 2527 1625 2587 et
1649 2537 1793 2589 servare

369 2648 492 2725 bonos
508 2671 599 2721 usus
622 2659 659 2730 et
678 2644 797 2721 bonas
817 2637 1113 2717 consuetudines
1135 2639 1297 2730 ordinis3
1321 2657 1359 2718 et
1387 2629 1565 2747 imposito
1591 2641 1662 2720 sibi
1691 2670 1797 2719 man-

370 2774 481 2865 tello,
515 2774 554 2848 in
582 2771 737 2849 nomine
767 2771 884 2849 Patris
906 2787 944 2848 et
965 2769 1050 2848 Filii
1082 2787 1120 2847 et
1145 2769 1306 2876 Spiritus
1325 2771 1468 2864 Sancti,
1492 2789 1531 2848 et
1556 2770 1658 2850 dicto
1683 2773 1796 2850 versi·

372 2904 458 2982 culo
483 2881 590 2980 'Ecce
625 2929 728 3004 quam
758 2901 900 2988 bonam,
935 2917 975 2977 et
1007 2927 1102 3007 aqua
1133 2899 1332 2980 benedicta
1361 2929 1509 3008 aspersa
1539 2929 1654 3008 super
1685 2931 1792 2994 eum,

373 3035 494 3112 dictus
522 3048 695 3138 receptor
727 3049 764 3107 et
795 3047 956 3110 astantes
982 3029 1139 3108 fuerunt
1158 3059 1248 3109 eum
1282 3031 1438 3110 osculati
1468 3033 1507 3108 in
1535 3059 1613 3110 ore.
1644 3033 1795 3112 Deinde

374 3166 502 3254 allata,
531 3165 651 3242 nescit
675 3191 895 3269 perquem,
919 3161 1081 3268 quadarn
1106 3190 1215 3239 cruce
1240 3161 1436 3239 metallina
1457 3162 1497 3237 in
1519 3191 1593 3270 qua
1614 3191 1692 3240 non
1717 3182 1796 3243 crat

372 3325 507 3405 ymago
536 3292 712 3372 Crucifixi
745 3310 785 3369 et
815 3294 1013 3369 interram
1040 3292 1177 3397 posita,
1209 3293 1379 3400 precepit
1412 3293 1445 3370 ei
1476 3293 1598 3372 dictus
1623 3311 1796 3401 receptor

374 3426 479 3534 quod
514 3441 666 3530 spueret
696 3451 810 3528 super
845 3448 950 3510 eam;
981 3437 1018 3498 at
1053 3421 1133 3529 ipse
1161 3423 1284 3512 testis,
1315 3422 1475 3498 nimium
1509 3427 1731 3529 perterritus
1758 3441 1795 3502 et

375 3555 620 3662 stupefactus,
647 3552 748 3659 spuit
777 3579 855 3628 non
886 3580 1001 3658 super
1026 3552 1093 3628 sed
1112 3552 1219 3658 juxta
1244 3581 1343 3642 eam,
1373 3569 1410 3629 ct
1429 3552 1478 3629 de
1498 3545 1675 3632 mandato
1696 3555 1796 3662 ejus-

377 3691 464 3767 dem
493 3686 712 3792 receptoria,
735 3683 807 3761 fuit
829 3712 924 3760 eum
950 3681 1138 3760 oscalatus
1169 3709 1284 3789 super
1307 3711 1457 3760 carnem
1488 3685 1631 3762 nudam
1651 3685 1690 3761 in
1711 3713 1797 3762 um-

373 3819 488 3897 bilico
509 3835 555 3918 et!
571 3817 609 3893 in
642 3815 771 3892 ancha.
800 3817 888 3892 Post
910 3842 985 3922 que
1008 3812 1102 3890 dixit
1119 3814 1153 3891 ei
1181 3814 1283 3892 idam
1312 3831 1484 3920 receptor
1512 3814 1618 3922 quod
1648 3831 1797 3920 poterat

276 3949 282 3962 ’
376 3950 457 4028 aliis
484 3947 661 4026 fratribus
687 3947 831 4024 ordinis
861 3944 1056 4022 carnaliter
1084 3945 1319 4022 commisceri
1345 3963 1384 4024 et
1411 3945 1481 4052 ipsi
1509 3975 1597 4023 cum
1624 3973 1691 4036 eoa
1721 3947 1796 4026 hoc

375 4100 501 4158 umen
521 4105 598 4156 non
620 4077 723 4167 lecit,
749 4105 818 4154 nec
837 4076 960 4156 credit
977 4075 1082 4182 quod
1101 4075 1140 4151 in
1161 4075 1294 4153 ordina
1313 4075 1437 4165 fieret,
1459 4076 1527 4154 sed
1543 4075 1664 4153 credit
1691 4077 1796 4184 quod

377 4210 474 4287 dicta
499 4209 627 4285 illicita
653 4205 922 4284 intervenirent
941 4205 1193 4282 communiter
1217 4222 1255 4282 et
1283 4203 1426 4312 ubique
1451 4205 1492 4282 in
1512 4205 1795 4312 reccpcionibus

376 4339 536 4426 aliorum
558 4338 715 4415 fratrum
735 4337 878 4415 ordinis
906 4336 965 4413 vel
995 4355 1096 4443 post,
1117 4336 1206 4444 quia
1232 4337 1324 4414 vidit
1349 4368 1418 4446 per
1438 4339 1618 4417 eumdem
1639 4342 1800 4421 modum

377 4470 491 4575 recipi
510 4468 662 4546 fratrem
684 4467 933 4547 Guillelmum
960 4465 1129 4544 Alamani
1156 4466 1203 4543 de
1231 4466 1373 4574 Spelbo
1397 4469 1639 4562 servientem,
1671 4472 1801 4550 deten-

376 4615 459 4676 tum
474 4601 513 4675 in
533 4599 766 4690 Rutbioinio,
789 4583 857 4704 per
883 4596 1036 4674 fratrem
1061 4595 1275 4704 Guigoncm
1295 4595 1470 4676 Ademari
1493 4598 1654 4678 militem
1677 4628 1802 4708 quon-

379 4729 485 4818 dam,
502 4729 657 4806 indicta
677 4728 833 4834 capella,
853 4727 946 4804 circa
962 4728 1103 4804 instans
1116 4726 1254 4804 festum
1269 4728 1508 4808 Pentecosten
1526 4747 1639 4809 crunt
1657 4730 1803 4808 circitor

378 4859 547 4968 quinque
579 4859 686 4950 anni,
723 4853 961 4964 presentibus
992 4853 1169 4934 fratribus
1210 4854 1384 4966 Guigone
1412 4859 1461 4938 de
1492 4861 1599 4968 Rupe
1634 4861 1803 4940 Talbada

465 4993 570 5058 esocis
594 5015 645 5056 oss
666 5013 837 5056 rrurmsns.
850 5029 892 5042 -
906 5014 938 5054 11.
1633 5019 1670 5060 at
