4320 5898
740 496 934 590 raochs
960 515 1055 588 nus
1081 515 1382 594 reveniens.
1728 510 1776 595 ‘27

346 652 497 761 injuste.
515 655 603 733 Post
618 683 693 764 que
708 656 891 767 imposuit
906 661 941 737 ei
957 649 1200 749 mantellum,
1217 660 1319 741 dicto
1332 661 1544 769 presbitero
1557 681 1776 773 aspergente

345 812 482 892 aquam
511 786 751 867 benedictam
776 819 888 899 supra
909 819 998 868 eum
1024 808 1062 869 et
1086 765 1442 900 aliquaioraciones
1469 792 1639 886 dicente,
1662 811 1699 872 et
1715 823 1777 874 re·

346 932 477 1024 ceptor
492 935 533 996 'et
552 913 714 1001 astantes
733 920 888 1000 fuerunt
904 951 994 1001 enm
1013 923 1170 1002 osculati
1191 924 1230 1001 in
1252 953 1330 1004 ore.
1353 925 1441 1020 Quo
1461 923 1578 1016 facto,
1601 925 1776 1004 instruxit

317 1100 323 1109 -
345 1074 434 1126 eum
455 1067 550 1158 quot
568 1053 682 1131 Pater
699 1069 813 1133 noster
833 1054 976 1132 diceret
994 1083 1065 1164 pro
1084 1054 1190 1134 horis
1209 1056 1304 1145 suis,
1324 1056 1430 1166 quod
1445 1057 1588 1166 jaceret
1607 1045 1696 1134 cuni
1716 1087 1775 1136 ca-

344 1180 429 1287 ligis
449 1197 487 1258 et
506 1179 753 1264 femoralibus
778 1202 817 1263 et
843 1186 995 1266 camisia
1019 1187 1146 1280 lineis,
1173 1215 1253 1266 una
1274 1188 1431 1267 cordula
1453 1187 1557 1267 unde
1581 1189 1695 1268 vellet
1720 1219 1776 1269 as-

344 1326 494 1419 sumpta
513 1315 673 1410 cinctus,
687 1335 725 1396 et
735 1318 898 1427 qualiter
909 1336 1059 1429 regeret
1071 1347 1113 1397 se
1126 1320 1166 1396 in
1176 1320 1324 1400 ordine.
1338 1322 1427 1400 Post
1440 1345 1516 1429 que
1531 1320 1571 1396 in
1581 1322 1775 1429 presencia

343 1444 603 1552 predictorum
622 1451 791 1557 precepit
811 1451 846 1528 ei
866 1451 973 1559 quod
999 1453 1202 1561 abnegaret
1221 1453 1365 1544 Deum,
1386 1469 1424 1530 et
1448 1480 1494 1532 eo
1514 1443 1774 1559 vrespondente

343 1576 449 1684 quod
466 1577 541 1656 hoc
564 1605 644 1656 non
668 1575 824 1676 faceret,
846 1583 941 1661 dixit
966 1585 1071 1692 quod
1088 1585 1161 1664 hoc
1187 1585 1386 1693 oportebat
1409 1611 1497 1662 eum
1517 1582 1655 1675 facere,
1685 1585 1774 1690 quia

342 1707 428 1786 talis
453 1725 532 1788 erat
556 1713 793 1793 consuetudo
822 1715 982 1810 ordinis,
1009 1734 1047 1796 ct
1069 1734 1162 1795 tunc
1188 1717 1269 1825 ipse
1293 1717 1400 1796 testis
1427 1714 1623 1826 abnegavit
1647 1703 1774 1794 Deum

343 1869 409 1920 ore
442 1870 520 1922 non
553 1843 684 1936 corde,
720 1862 765 1924 ut
793 1845 896 1925 dixit.
927 1849 1076 1926 Deinde
1101 1849 1269 1958 precepit
1292 1849 1327 1928 ei
1355 1847 1461 1957 quod
1480 1864 1635 1954 spueret
1660 1875 1774 1955 super

342 1974 548 2083 quamdam
574 2005 722 2056 crucem
753 1978 917 2088 ligneam
942 1981 1105 2088 ibidem,
1134 1982 1261 2060 nescit'
1277 2009 1346 2089 per
1373 2007 1509 2088 quem,
1538 1967 1707 2068 allatam,
1733 1980 1772 2055 in

343 2135 416 2213 qua
436 2107 542 2184 nulla
563 2125 643 2186 erat
667 2139 802 2221 ymago
829 2111 1028 2202 Crucifixi,
1052 2114 1186 2221 etipse
1206 2113 1312 2192 testis
1336 2112 1437 2219 spuit
1460 2138 1537 2190 non
1565 2099 1678 2218 supra
1705 2111 1773 2190 sed

338 2233 443 2344 juxta
463 2267 558 2318 eam.
579 2243 827 2322 Postmodum
849 2245 1017 2352 precepit
1035 2244 1069 2323 ei
1090 2244 1195 2354 quod
1215 2243 1447 2322 oscularetur
1466 2271 1554 2320 eum
1581 2242 1621 2318 in
1645 2231 1774 2320 umbi-

342 2367 432 2458 lico,
450 2369 490 2449 in
510 2400 590 2480 quo
608 2372 680 2452 fuit
700 2403 789 2452 eum
806 2361 997 2455 osculatus
1017 2404 1131 2484 super
1152 2359 1359 2468 camisiam
1382 2374 1452 2452 alia
1469 2359 1599 2453 illicita
1616 2400 1695 2451 non
1715 2374 1774 2450 in-

339 2517 584 2582 tervenerunt
602 2505 642 2583 in
663 2505 762 2585 dicta
782 2535 849 2586 sua
868 2508 1088 2616 recepcione
1111 2507 1171 2586 vel
1191 2525 1287 2616 post.
1314 2507 1531 2615 Requisitus
1555 2505 1585 2584 si
1604 2504 1772 2613 predicta

341 2631 471 2712 illicita
501 2635 802 2716 interveniebant
831 2640 871 2717 in
900 2640 1189 2747 recepcionibus
1217 2638 1379 2719 aliorum
1414 2635 1573 2718 fratrum
1604 2636 1770 2732 ordinis,

341 2765 538 2873 respondit
551 2753 658 2876 quod
670 2770 878 2861 nesciebat,
897 2799 968 2848 nec
986 2771 1133 2851 viderat
1151 2769 1252 2864 fieri,
1274 2797 1345 2848 nec
1364 2768 1556 2848 audiverat
1573 2757 1773 2876 dici'quod

341 2897 493 2987 fierent,
514 2927 585 2976 nec
604 2900 745 2978 sciebat
769 2900 874 3009 quod
900 2901 1088 2990 crederet,
1114 2919 1152 2979 et
1176 2902 1207 2978 si
1231 2899 1387 2980 forsitan
1408 2900 1708 2979 interveniebant
1732 2901 1771 2976 in

340 3029 628 3137 recepcionibns
641 3030 875 3140 aliquorum,
894 3059 972 3112 non
989 3032 1112 3110 credit
1123 3032 1230 3141 quod
1243 3031 1516 3111 intervenirent
1530 3033 1569 3108 in
1584 3030 1773 3139 recepcio-

341 3159 456 3239 nibus
481 3161 673 3254 omninm;
695 3190 784 3240 nam
813 3161 957 3240 viderat
980 3161 1020 3239 in
1045 3163 1142 3240 dicta
1167 3162 1326 3270 capella,
1351 3191 1421 3270 per
1449 3160 1594 3241 dictum
1618 3159 1771 3240 fratrem

340 3292 581 3401 Philippum,
608 3293 724 3401 recipi
750 3291 904 3371 fratrem
930 3295 1085 3372 Petrum
1105 3291 1222 3403 Agate
1244 3293 1454 3402 quondam,
1479 3282 1659 3402 nepotem
1679 3293 1771 3370 dicti

340 3422 523 3534 Philippi,
550 3426 591 3502 in
610 3423 750 3535 vigillia
778 3425 955 3534 Symonis
980 3442 1019 3503 et
1041 3425 1140 3505 lude
1165 3424 1426 3535 apostolorum
1453 3420 1611 3504 fuerunt
1640 3426 1772 3505 decem

340 3557 428 3638 anni
462 3555 522 3636 vel
551 3555 663 3644 circa,
697 3556 937 3663 presentibus
965 3557 1069 3635 dicto
1096 3574 1227 3636 curato
1253 3573 1292 3636 et
1314 3556 1494 3636 fratribus
1514 3556 1704 3638 Richardo
1723 3557 1771 3635 de

340 3687 822 3797 Sanquenvillaquondem,
833 3685 961 3766 etaliis
973 3715 1139 3797 quorum
1151 3689 1307 3768 nomina
1319 3703 1357 3766 et
1370 3688 1594 3795 cognomina
1604 3688 1769 3797 ignorat,

339 3821 379 3900 in
400 3819 508 3930 cujus
521 3821 744 3928 recepcione
758 3819 876 3898 nichil
891 3820 986 3898 vidit
1001 3820 1084 3898 fieri
1105 3819 1302 3910 illicitum,
1319 3847 1390 3899 nec
1406 3818 1550 3897 'audivit
1567 3819 1673 3926 quod
1684 3835 1772 3926 post

339 3951 595 4032 interveniret.
612 3953 719 4042 Item,
738 3949 831 4030 dixit
842 3951 949 4059 quod
965 3951 1045 4062 ipse
1063 3950 1162 4030 bene
1180 3951 1360 4031 credebat
1378 3936 1637 4030 ecclesiasticis
1651 3977 1772 4030 sacra-

340 4085 495 4177 mentis,
511 4099 552 4162 et
565 4084 687 4163 credit
701 4083 809 4195 quod
822 4084 885 4162 alii
899 4084 1031 4163 fratres
1045 4083 1145 4164 bene
1161 4086 1377 4173 crederent,
1397 4099 1435 4162 et
1449 4083 1554 4191 quod
1569 4109 1703 4160 eorum
1716 4111 1772 4160 sa-

340 4217 511 4296 cerdotes
528 4215 656 4294 debite
675 4215 920 4296 celebrarent.
935 4217 1142 4297 Dicebatur
1160 4217 1213 4296 eis
1232 4216 1338 4325 quod
1358 4215 1485 4295 statim
1504 4243 1574 4322 pro
1594 4211 1772 4321 professis

340 4348 591 4427 habebantur.
609 4348 853 4428 Clandestine
869 4348 1161 4457 recipiebantur,
1172 4347 1291 4428 nullis
1303 4346 1545 4456 presentibus
1560 4333 1629 4424 nisi
1647 4343 1773 4423 fratri·

339 4482 413 4562 bus
422 4479 583 4573 ordinis,
601 4509 645 4558 ex
659 4509 736 4589 quo
753 4481 966 4562 habebatur
976 4481 1139 4590 suspicio
1152 4497 1368 4560 contraeas.
1384 4479 1461 4575 Qui
1472 4477 1699 4557 revelassent
1713 4507 1773 4556 se-

340 4629 439 4692 creta
459 4611 710 4720 capitulorum
737 4614 861 4721 puniti
888 4615 1063 4704 fixissent,
1097 4613 1215 4693 nescit
1242 4612 1415 4722 qualiter.
1436 4610 1590 4719 Absque
1615 4609 1771 4688 licencia

340 4773 419 4825 non
437 4759 613 4853 poterant
630 4745 801 4824 confiteri
825 4747 898 4828 nisi
919 4746 1178 4827 sacerdotibus
1192 4745 1354 4837 ordinis,
1376 4745 1406 4824 si
1428 4772 1562 4824 eorum
1581 4739 1773 4822 habebant

342 4878 501 4987 copiam.
520 4878 691 4958 Scientes
712 4903 857 4959 errores
881 4880 1038 4958 fuerunt
1055 4880 1291 4988 negligentes
1313 4879 1403 4986 quia
1431 4906 1509 4958 non
1530 4889 1773 4957 correxerunt

1634 5015 1663 5080 lv.
