4208 5886
402 511 472 582 rsa
775 485 972 578 rnoons
1002 503 1099 576 nas
1130 502 1440 578 inuramus.

396 647 576 726 revelaret
594 646 691 723 banc
713 672 819 722 suam
841 643 1140 750 deposicionem,
1168 671 1367 751 quousque
1394 627 1653 721 attestaciones
1679 642 1824 722 fuerint

397 780 597 884 publicate.

452 911 563 997 Item,
593 907 687 985 dixit
711 906 835 1015 quod,
863 933 950 984 cnm
975 923 1072 984 esset
1095 923 1265 1012 gravatus
1291 905 1448 996 debitis,
1477 905 1585 984 dedit
1606 933 1646 982 se
1667 922 1706 982 et
1723 905 1825 985 bona

396 1067 483 1126 sua,
505 1067 580 1145 que
601 1055 707 1116 erant
724 1037 823 1114 bene
842 1035 976 1112 valoris
994 1035 1100 1113 mille
1119 1035 1304 1114 librarum
1317 1037 1617 1126 Turonensium,
1638 1035 1742 1115 dicto
1766 1065 1827 1115 or·

397 1169 495 1258 dini,
519 1186 703 1246 ettamen
730 1169 824 1247 ordo
853 1183 982 1272 postea
1008 1195 1085 1246 non
1112 1166 1290 1244 satisfecit
1316 1167 1566 1245 creditoribus
1591 1166 1688 1259 suis,
1716 1166 1825 1274 quod

396 1302 477 1407 ipse
497 1301 616 1390 scivit,
638 1300 766 1376 dicens
786 1327 825 1375 se
846 1297 999 1374 credere
1025 1297 1129 1404 quod
1156 1326 1234 1376 non
1259 1297 1491 1402 recepissent
1512 1325 1599 1376 eum
1623 1298 1663 1374 in
1689 1296 1824 1375 ordine

398 1431 469 1510 nisi
491 1431 655 1508 dedisset
673 1430 773 1508 bona
794 1456 873 1506 sua.

453 1695 581 1771 Frater
606 1695 737 1771 Petrus
762 1694 810 1771 de
837 1695 983 1802 Lanoys
1006 1696 1187 1784 serviens,
1216 1695 1473 1774 Maeloviensis
1505 1694 1687 1783 diocesis,
1719 1695 1824 1772 testis

397 1851 510 1930 supra
529 1825 696 1932 juratus,
722 1824 1039 1934 quadragenarius
1056 1825 1115 1902 vel
1135 1826 1246 1915 circa,
1274 1825 1495 1903 mantellum
1522 1823 1666 1901 ordinis
1687 1841 1724 1900 et
1741 1823 1825 1902 bar-

397 1954 485 2032 bam
506 1953 714 2041 defferens,
736 1982 823 2031 cum
843 1981 920 2061 quo
940 1954 1163 2060 inquisitum
1183 1953 1324 2045 fuerat,
1348 1953 1543 2034 absolutus
1559 1970 1598 2031 et
1612 1953 1826 2032 reconcilia·

396 2103 458 2161 tus
483 2113 550 2190 per
578 2082 777 2160 officialem
803 2083 1074 2177 Pictavensem,
1104 2089 1379 2190 protestacione
1407 2085 1587 2190 premissa
1612 2084 1719 2192 quod
1749 2113 1825 2163 non

396 2212 560 2290 intendit
579 2214 755 2291 recedere
777 2242 797 2290 a
816 2212 1058 2319 deposicione
1077 2242 1147 2320 per
1167 2242 1256 2291 eum
1275 2213 1369 2291 facta
1389 2242 1515 2291 coram
1535 2213 1635 2292 dicto
1657 2213 1823 2302 officiali,

397 2344 501 2422 lectis
535 2359 572 2420 et
600 2342 800 2450 diligenter
820 2343 996 2449 expositis
1022 2343 1094 2422 sibi
1122 2343 1300 2422 omnibus
1325 2361 1363 2420 et
1382 2344 1539 2452 singulis
1558 2344 1743 2433 articulis,
1768 2373 1825 2420 re·

398 2475 552 2582 spondit
573 2473 680 2580 quod
702 2475 853 2550 nullum
882 2473 1000 2550 alium
1025 2474 1169 2552 viderat
1187 2475 1302 2580 recipi
1332 2474 1373 2550 in
1384 2473 1541 2560 ordine,
1568 2501 1637 2550 nec
1656 2473 1826 2552 adfuerat

397 2605 634 2713 generalibus
653 2603 823 2710 capitulis
845 2605 1085 2694 eorumdem,
1109 2605 1213 2681 unde
1230 2604 1437 2692 nesciebat,
1457 2631 1527 2680 nec
1541 2605 1734 2693 credebat,
1757 2633 1826 2683 nec

398 2737 588 2814 audiverat
607 2733 681 2810 dici
698 2734 745 2810 de
761 2734 947 2812 contentis
962 2735 1002 2810 in
1019 2735 1072 2811 eis
1088 2735 1160 2812 nisi
1181 2733 1286 2841 quod
1305 2735 1497 2841 sequitur:
1512 2736 1615 2813 Dixit
1628 2765 1765 2843 nempe
1786 2765 1824 2814 se

399 2865 513 2943 luisse
533 2882 726 2971 receptum
746 2866 786 2940 in
808 2864 948 2972 capella
967 2863 1103 2942 domus
1118 2864 1269 2971 Templi
1290 2864 1338 2944 de
1359 2865 1555 2972 Lannoys,
1575 2867 1670 2943 circa
1689 2865 1825 2944 festum

399 2993 583 3072 Omnium
609 2995 832 3072 Sanctorum
859 2994 1030 3100 proximo
1056 2995 1277 3101 preteritum
1301 2995 1455 3072 fuemnt
1481 2995 1631 3074 circiter
1648 3023 1711 3074 sut
1737 2998 1824 3074 anni

399 3151 466 3230 per
492 3123 644 3201 fratrem
680 3126 834 3202 Petrum
860 3124 907 3201 de
927 3124 1130 3203 Villaribus
1160 3125 1321 3203 militem
1350 3125 1559 3232 quondam,
1586 3125 1824 3231 presentibus

397 3253 576 3332 fratribus
596 3257 755 3362 Hugone
771 3255 917 3332 Ponhet
929 3254 977 3331 de
990 3253 1180 3346 Alvemia,
1197 3283 1314 3362 quem
1330 3255 1450 3332 credit
1463 3255 1597 3344 vivere,
1620 3255 1826 3334 Guillelmo

399 3382 528 3461 Battan
543 3401 582 3460 et
597 3385 767 3462 lohanne
785 3384 833 3461 de
850 3385 1041 3492 Fangeriis
1054 3385 1319 3474 servientibus,
1340 3383 1557 3474 deffunctis,
1573 3385 1613 3462 in
1629 3386 1732 3462 bunc
1748 3415 1827 3465 mo-

401 3513 520 3591 dum:
541 3543 629 3592 nam
648 3545 734 3592 cum
760 3516 941 3593 instanter
965 3516 1219 3622 requisivisset
1243 3545 1263 3592 a
1286 3515 1388 3592 dioto
1412 3532 1605 3622 receptore
1628 3545 1767 3622 ‘panem
1791 3534 1829 3594 et

399 3673 533 3752 aquam
545 3645 704 3735 ordinis,
728 3664 764 3723 et
784 3647 818 3723 ei
839 3647 1099 3734 concessisset,
1123 3663 1161 3723 et
1181 3646 1414 3753 prescivisset
1428 3644 1475 3722 ab
1495 3675 1541 3723 eo
1560 3675 1629 3753 per
1639 3647 1826 3756 juramen-

397 3793 480 3852 tum
501 3778 606 3883 quod
621 3805 699 3855 non
717 3795 796 3854 erat
805 3777 1068 3865 matrimonio,
1086 3777 1191 3854 alteri
1209 3776 1401 3884 religioni,
1423 3777 1478 3855 vel
1497 3776 1635 3854 debitis
1655 3805 1730 3883 que
1750 3803 1826 3854 non

398 3923 525 4011 posset
547 3906 691 3984 solvere
716 3906 922 4012 obligatus,
950 3935 1021 3983 nec
1043 3907 1207 3985 habebat
1227 3907 1484 3985 infirmitatem
1510 3906 1712 3995 latentem,
1740 3904 1826 3984 secit

399 4063 489 4113 eum
508 4063 640 4113 vovere
661 4053 699 4113 et
717 4035 844 4143 jurare
865 4037 1088 4125 castitatem,
1111 4037 1390 4129 obedienciam,
1414 4037 1537 4114 vivere
1557 4037 1640 4114 sine
1659 4037 1834 4143 proprio,

398 4191 544 4242 servare
561 4166 683 4245 bonos
702 4194 793 4243 usus
811 4183 851 4243 et
868 4167 989 4244 bonas
1013 4167 1307 4246 consuetudines
1335 4166 1500 4260 ordinis,
1530 4185 1569 4245 et
1586 4167 1735 4275 juvaret
1755 4195 1823 4273 pro

401 4323 509 4403 posse
536 4323 605 4373 suo
628 4295 676 4372 ad
695 4296 970 4403 acquirendum
988 4299 1146 4374 Terram
1169 4316 1352 4388 sanctam,
1376 4315 1414 4375 et
1432 4298 1610 4406 imposito
1631 4297 1703 4376 sibi
1723 4325 1824 4374 man-

382 4426 511 4536 tello,
538 4443 710 4533 receptor
736 4444 774 4504 et
800 4445 961 4506 astantes
985 4429 1142 4508 osculati
1167 4429 1322 4508 suerunt
1346 4457 1434 4506 eum
1458 4429 1499 4506 in
1528 4457 1604 4506 ore.
1635 4429 1723 4506 Post
1752 4457 1824 4534 quc

352 4571 356 4582 '
400 4556 504 4634 idem
523 4577 694 4666 receptor
711 4559 880 4667 precepit
899 4561 1024 4638 eidem
1042 4561 1149 4654 testi,
1171 4561 1211 4639 in
1228 4561 1421 4667 presencia
1439 4560 1620 4652 aliorum,
1642 4559 1749 4667 quod
1764 4557 1825 4636 ab·

399 4706 553 4795 negaret
577 4706 635 4767 ter
662 4689 836 4784 lhesum,
866 4708 904 4768 et
929 4691 1008 4798 ipse
1034 4692 1140 4783 testis
1165 4693 1360 4798 abnegavit
1386 4709 1445 4769 ter
1472 4692 1628 4769 lhesum
1656 4718 1722 4768 ore
1749 4717 1824 4768 non

400 4818 533 4908 corde,
564 4838 608 4898 ut
636 4821 740 4900 dixit.
771 4822 1027 4900 Postmodun‘
1048 4822 1216 4928 precepit
1245 4821 1279 4900 ei
1311 4823 1416 4929 quod
1446 4839 1600 4930 spueret
1626 4837 1686 4900 ter
1714 4847 1824 4926 super
