4202 5876
574 524 579 532 ’
696 543 892 633 ruccas
918 559 1015 632 uss
1040 531 1361 632 raurtraas.'
1655 560 1724 633 an

301 716 470 806 rogatus,
491 701 723 806 respondens
743 701 889 807 negavit
909 701 1011 807 ipsos
1030 701 1207 780 articulos
1228 717 1265 778 et
1285 702 1408 777 omnia
1430 719 1468 776 et
1487 701 1630 808 singula
1652 733 1734 778 cou-

300 848 401 909 tenta
428 832 466 909 in
492 833 562 922 eis,
591 833 689 910 salvo
715 834 820 940 quod
844 832 976 910 lratres
994 832 1060 939 qui
1081 832 1316 938 recipiuntur
1335 831 1383 908 ad
1401 831 1542 911 dictum
1563 835 1733 912 ordinem

302 964 468 1070 Templi,
503 991 653 1070 semper
682 964 916 1070 recipiuntur
949 965 987 1040 in
1013 963 1182 1070 capitulis
1215 981 1254 1041 ct
1280 991 1356 1040 non
1381 963 1497 1053 aliter,
1530 979 1566 1040 et
1590 993 1632 1041 ea
1657 995 1733 1072 que

303 1095 399 1172 liunt
420 1094 478 1172 vel
494 1095 670 1172 dicuntur
685 1096 724 1171 in
744 1095 913 1202 capitulis
928 1095 1068 1173 hebent
1082 1094 1163 1172 lieri
1181 1096 1218 1170 in
1235 1113 1394 1184 secreto,
1413 1123 1482 1172 nec
1495 1096 1578 1172 sciri
1596 1096 1733 1174 debent

301 1225 347 1301 ab
367 1224 462 1314 aliis,
484 1243 723 1332 preterquam
742 1227 788 1305 ab
813 1227 886 1304 illis
905 1228 970 1334 qui
991 1228 1132 1304 suntin
1153 1227 1242 1333 ipsis
1256 1226 1426 1333 capitulis
1441 1245 1478 1304 ct
1500 1227 1548 1302 de
1570 1229 1732 1332 capitulo

301 1357 524 1464 congregati.
542 1355 633 1434 ldeo
648 1355 779 1434 lratres
793 1358 858 1463 qui
872 1357 1104 1463 recipiuntur
1122 1357 1160 1432 in
1181 1357 1342 1435 conclavi
1361 1374 1399 1434 et
1418 1357 1455 1432 in
1475 1373 1619 1434 secreto
1640 1360 1733 1461 repi-

301 1473 469 1592 piuntur,
486 1487 581 1564 sicut
598 1504 636 1564 et
650 1487 874 1596 generaliter
885 1488 1051 1595 religiosi
1068 1488 1227 1594 quilibet
1245 1489 1320 1569 hoc
1335 1487 1436 1565 idem
1457 1487 1597 1565 faciunt
1614 1506 1651 1566 et
1669 1488 1733 1566 ob-

302 1635 462 1706 servant,
480 1618 653 1695 uidelicet
676 1635 719 1696 ut
737 1637 877 1696 secrete
898 1635 1142 1726 teneantque
1163 1621 1202 1696 in
1222 1621 1311 1726 ipsis
1328 1619 1500 1725 capitulis
1521 1637 1683 1726 aguntur
1696 1639 1733 1696 et

301 1747 405 1824 liunt.

357 1879 459 1955 Dixit
474 1880 591 1955 eciam
614 1880 718 1986 quod
732 1879 824 1956 facta
847 1881 1065 1986 recepcione
1085 1879 1203 1957 decis
1228 1879 1275 1957 ad
1298 1881 1440 1957 dictum
1456 1879 1643 1970 ordinem,
1663 1909 1732 1985 pro

301 2007 476 2114 professis
492 2009 681 2087 habentur
693 2011 796 2118 juxta
806 1987 939 2088 s'tatuta
952 2012 1096 2090 ordinis
1109 2011 1329 2117 supradicti,
1348 2027 1386 2087 et
1398 2010 1502 2116 quod
1510 2011 1640 2116 jurant
1653 2038 1730 2088 non

237 2243 242 2252 Ι
301 2138 510 2245 relinquere
530 2140 673 2217 dictum
690 2158 923 2246 assumptum
945 2141 1117 2219 ordinem
1131 2169 1200 2248 pro
1214 2140 1345 2247 majori
1368 2139 1443 2217 alio
1463 2139 1521 2216 vel
1543 2141 1660 2216 eciam
1682 2141 1731 2216 le-

301 2269 409 2361 viori,
426 2270 495 2346 nisi
510 2270 584 2348 hoc
596 2269 704 2347 fieret
720 2270 767 2366 de
786 2270 978 2348 voluntate
994 2271 1075 2378 ejus
1092 2271 1156 2377 qui
1178 2271 1371 2348 licenciam
1386 2272 1504 2375 possit
1519 2269 1619 2346 dare.

267 2503 272 2514 ¹
358 2399 515 2477 Addidit
532 2427 684 2507 quoquc
698 2399 818 2506 quod,
839 2415 908 2506 p'ro
926 2429 972 2478 eo
984 2401 1088 2507 quod
1105 2400 1144 2477 in
1158 2418 1302 2481 secreto
1315 2398 1479 2506 capitulo
1494 2399 1584 2476 dicti
1599 2399 1730 2476 fratres

300 2531 532 2635 recipiuntur
550 2533 597 2608 ad
616 2532 806 2622 ordinem,
821 2533 982 2639 suspicio
999 2533 1201 2610 vehemens
1216 2533 1264 2609 sit
1279 2531 1405 2608 habita
1425 2532 1522 2606 inter
1540 2557 1678 2635 paucos
1695 2549 1732 2608 et

301 2660 418 2738 malos
436 2660 608 2738 homines
628 2661 786 2768 quinon
805 2663 1003 2740 attendunt
1025 2663 1072 2740 ad
1086 2665 1278 2740 veritatem
1304 2690 1417 2768 quam
1443 2662 1531 2738 dicti
1547 2660 1678 2738 fratres
1693 2665 1731 2738 in

301 2793 434 2870 ordine
453 2809 491 2868 et
509 2821 574 2870 sua
595 2793 815 2899 recepcione
834 2793 1049 2882 observant,
1070 2795 1111 2869 in
1129 2821 1205 2900 qua
1226 2792 1343 2869 nichil
1363 2793 1485 2898 agitur
1506 2793 1575 2868 nisi
1598 2819 1731 2869 secun-

303 2923 395 3000 dum
415 2923 486 3001 Dei
503 2921 750 3028 beneplacita,
772 2941 886 3028 prout
904 2923 1034 3001 credit.
1156 2954 1158 2960 ·

356 3052 415 3128 Ad
434 3051 587 3130 xl-xlv
601 3051 775 3131 articulos
790 3053 984 3143 inclusive,
1002 3052 1203 3160 diligenter
1214 3069 1253 3129 et
1264 3051 1451 3160 sigillatim
1465 3053 1728 3160 interrogatus,

300 3184 447 3289 negavit
465 3183 566 3288 ipsos
586 3183 761 3260 articulos
781 3201 819 3260 et
839 3185 966 3262 omnia
987 3199 1025 3260 ct
1044 3181 1188 3288 singula
1214 3199 1388 3260 contenta
1411 3184 1451 3259 in
1472 3184 1541 3273 eis,
1569 3210 1638 3260 nec
1663 3185 1731 3261 scit

300 3313 357 3390 vel
379 3313 497 3390 credit
514 3341 584 3419 per
598 3313 761 3419 aliquem
778 3313 835 3390 vel
853 3313 997 3420 aliquos
1017 3313 1057 3389 iu
1083 3313 1183 3389 dicto
1203 3313 1336 3390 ordine
1354 3341 1521 3420 unquam
1540 3312 1655 3392 luisse
1673 3344 1730 3392 co·

266 3467 267 3470 ’
300 3445 426 3534 missa,
450 3471 535 3521 cum
554 3444 628 3520 sint
647 3441 840 3521 horribilia
855 3460 893 3520 et
909 3442 1068 3520 nefanda
1085 3459 1123 3520 et
1146 3459 1274 3520 contra
1293 3459 1462 3518 naturam
1483 3441 1698 3521 humanam.

357 3574 415 3652 Ad
426 3573 655 3653 altr-lxxta!
670 3573 844 3651 articulos
859 3573 1048 3662 inclusive,
1061 3572 1260 3679 diligenter
1273 3588 1312 3649 et
1327 3571 1513 3678 sigillatim
1529 3574 1730 3680 interroga·

300 3723 378 3793 tus,
401 3706 548 3811 negavit
567 3705 668 3810 ipsos
692 3704 870 3782 articulos
889 3722 926 3782 et
945 3703 1071 3782 omnia
1099 3721 1138 3782 et
1156 3701 1300 3810 singule
1321 3721 1491 3780 contenta
1516 3704 1553 3784 in
1583 3704 1654 3791 eis,
1682 3733 1728 3780 eo

259 3881 264 3888 ·
301 3833 401 3910 salvo
416 3834 536 3938 quod,
558 3851 727 3940 tempore
743 3863 809 3910 sue
821 3835 1068 3940 reccpciouis,
1091 3833 1163 3910 luit
1178 3831 1249 3910 sihi
1263 3833 1508 3941 injuncttnna
1525 3834 1727 3940 recipiente

302 3989 390 4039 eum
408 3980 450 4039 ut
470 3963 661 4040 cordulam
681 3964 872 4070 quandam
887 3964 1025 4042 lineam
1044 3963 1102 4041 vel
1116 3963 1276 4053 laneam,
1295 3965 1498 4070 insignum
1516 3965 1728 4042 castitatisa

302 4123 340 4171 se
355 4095 553 4198 promisse,
568 4112 731 4200 portaret
745 4095 919 4172 continue
938 4095 1000 4172 die
1016 4111 1203 4201 nocteque
1221 4123 1331 4201 supra
1347 4095 1546 4172 camisiam.
1561 4095 1728 4202 Quaqui-

302 4222 389 4301 dem
409 4222 563 4300 cordula
577 4251 655 4302 non
671 4223 743 4301 luit
758 4241 899 4302 tactum
918 4226 1075 4332 ydolum
1095 4254 1219 4332 neque
1242 4226 1365 4332 capud
1385 4225 1590 4330 dequibus
1609 4226 1729 4332 agitur

301 4353 339 4428 in
358 4353 522 4431 articulis
536 4353 745 4460 prelibatis;
764 4381 834 4432 nec
854 4355 922 4432 scit
945 4355 1041 4462 quid
1057 4357 1106 4433 sit
1127 4353 1300 4462 ydolum,
1318 4355 1405 4462 quia
1428 4381 1615 4460 nusquam
1634 4354 1728 4432 illud

300 4483 408 4574 vidit,
430 4511 500 4560 uec
520 4485 568 4562 de
584 4511 630 4562 eo
644 4486 684 4562 in
699 4485 781 4591 ipso
796 4486 931 4564 ordine
949 4513 1116 4593 unquam
1134 4485 1274 4562 audivit
1293 4483 1375 4562 lieri
1396 4487 1644 4574 mentionem
1662 4485 1728 4562 sed

299 4631 407 4718 putat
419 4614 526 4721 quod
545 4615 594 4692 sit
612 4645 671 4694 res
691 4616 850 4724 maligna
868 4634 905 4693 et
917 4617 1006 4695 mali
1025 4617 1166 4724 operis,
1188 4643 1264 4693 non
1283 4615 1423 4692 salutis.
1567 4599 1570 4608 ‚

356 4743 541 4823 Adlatum
555 4744 751 4823 articulum
767 4745 966 4852 diligenter
981 4748 1240 4856 interrogatus,
1255 4745 1348 4823 dixit
1358 4747 1463 4852 quod
1473 4748 1510 4824 in
1523 4745 1726 4823 dellcctum

302 4874 504 4950 sacerdotis
523 4873 644 4952 fratris
666 4875 840 4952 videlicet
858 4875 1034 4982 capellani
1059 4876 1225 4983 ejusdem
1246 4876 1405 4966 ordinis,
1432 4876 1575 4954 licitum
1598 4885 1654 4952 est
1675 4875 1728 4952 eis
