4486 5890
581 415 650 490 ror
962 397 1159 490 naocns
1184 417 1280 490 nas
1305 418 1607 492 raurtrnns.

576 559 761 636 esclavum
775 560 894 635 Terre
914 559 1063 649 Sancte,
1087 576 1124 635 et
1144 557 1285 666 pluries
1306 559 1339 636 ei
1366 587 1585 666 responsum
1612 559 1743 638 fuisset
1767 561 1872 668 quod
1895 563 1993 642 bene

574 689 816 779 deliberaret,
841 690 926 796 quia
949 707 1140 797 oporteret
1160 718 1247 768 eum
1269 690 1476 769 abdicarea
1498 719 1537 770 sc
1556 693 1746 798 propriam
1764 693 1994 771 voluntatem

575 837 612 898 ct
642 819 762 896 subici
789 820 931 907 aliene,
962 837 999 898 et
1023 820 1141 896 multa
1164 821 1259 896 dura
1283 838 1321 898 et
1341 849 1467 927 aspera
1493 821 1694 911 sustinere,
1721 821 1886 901 finaliter
1915 823 1995 930 ipso

575 957 670 1028 t'este
708 953 869 1028 instante
908 969 945 1028 et
984 952 1132 1027 dicente
1171 950 1273 1057 quod
1320 953 1449 1028 omnia
1492 952 1714 1044 sustineret,
1756 953 1849 1030 dixit
1889 956 1993 1061 quod

576 1079 779 1186 recipiebat
811 1109 897 1156 eum
932 1080 979 1157 ad
1010 1080 1195 1157 honorem
1228 1081 1299 1158 Dei
1328 1099 1368 1158 et
1400 1080 1509 1158 beate
1543 1082 1679 1170 Mario,
1717 1098 1755 1158 et
1786 1082 1874 1160 secit
1907 1111 1992 1162 eum

577 1238 708 1288 vovere
743 1227 781 1286 et
805 1211 932 1318 jurare
964 1239 1076 1316 supra
1108 1210 1313 1317 quemdam
1337 1211 1478 1288 librum
1508 1229 1680 1319 apertum
1705 1213 1811 1318 quod
1835 1233 1995 1292 servaret

577 1340 699 1418 bonos
718 1369 807 1418 usus
833 1358 871 1416 et
898 1340 1017 1418 bonas
1042 1340 1335 1450 consuetudines
1361 1341 1521 1430 ordinis,
1555 1359 1592 1418 et
1618 1343 1723 1448 quod
1744 1361 1842 1420 esset
1870 1371 1995 1421 servus

579 1471 742 1549 esclavus
767 1471 930 1559 ordinis,
963 1471 1185 1564 castitatem,
1213 1471 1489 1560 obedienciam,
1520 1489 1558 1548 et
1576 1473 1697 1550 vivere
1723 1475 1803 1551 sine
1826 1477 1995 1581 proprio;

579 1620 617 1678 et
633 1601 808 1709 imposito
830 1603 862 1679 ei
885 1602 1083 1690 mantello,
1111 1618 1294 1707 receptor,
1321 1603 1388 1680 sed
1414 1631 1490 1680 non
1512 1620 1687 1692 astantes,
1718 1603 1789 1681 luit
1814 1605 1998 1682 osculatus

579 1761 666 1808 eurn
689 1733 729 1808 in
750 1760 826 1808 ore.
853 1733 1002 1810 Deinde
1029 1732 1121 1807 dixit
1148 1748 1185 1808 et
1211 1733 1380 1838 precepit
1406 1733 1439 1808 ei
1461 1734 1498 1808 in
1521 1734 1712 1838 presencia
1741 1735 1996 1839 predictorum

580 1861 682 1968 quod
704 1862 905 1970 abnegaret
928 1862 1083 1938 lhesum
1108 1879 1177 1949 ter,
1206 1861 1253 1936 de
1274 1861 1425 1939 Christo
1442 1889 1519 1939 non
1540 1861 1667 1938 habita
1694 1863 1910 1951 moncione,
1930 1893 1998 1941 nec

579 1992 684 2098 quod
706 2008 803 2068 esset
827 1992 875 2068 de
894 1991 1044 2097 punctis
1068 1990 1236 2080 ordinis,
1254 1990 1321 2067 sed
1334 2019 1335 2024 ¹
1347 1990 1440 2066 dixit
1458 1991 1563 2098 quod
1583 1992 1655 2068 boc
1677 1991 1840 2070 debebat
1858 1993 1994 2084 facere,

580 2137 618 2198 et
637 2122 715 2229 ipse
733 2121 839 2198 testis
853 2137 945 2198 tunc
964 2121 1159 2227 abnegavit
1177 2138 1235 2195 ter
1250 2120 1406 2196 Jhesum
1427 2147 1492 2196 ore
1512 2149 1591 2198 non
1612 2122 1741 2209 corde,
1761 2123 1848 2227 quia
1864 2123 2000 2230 cogita-

579 2252 644 2329 bat
666 2255 769 2360 quod
788 2252 1008 2360 loqueretur
1028 2249 1075 2326 de
1097 2250 1214 2326 lhesu
1232 2250 1400 2337 Christo,
1429 2267 1473 2326 ut
1492 2249 1596 2326 dixit.
1619 2252 1750 2328 Postea
1771 2253 1939 2357 precepit
1964 2255 1996 2331 ei

580 2382 684 2490 quod
703 2399 854 2490 spueret
869 2410 982 2488 super
996 2379 1197 2488 quamdam
1218 2409 1366 2456 crucem
1385 2380 1546 2490 ligneam
1567 2398 1732 2459 veterem
1753 2381 1792 2458 in
1807 2412 1882 2489 qua
1897 2382 2000 2460 nulla

581 2531 659 2590 erat
684 2541 817 2620 ymago
849 2511 1045 2601 Crucifixi,
1076 2511 1195 2588 nescit
1224 2539 1292 2616 per
1321 2540 1434 2616 quem
1462 2511 1514 2588 ibi
1536 2511 1706 2601 allatam,
1741 2529 1779 2588 et
1803 2513 1882 2618 ipso
1903 2514 2002 2618 spuit

577 2642 683 2751 juxta
703 2671 780 2720 non
801 2672 912 2748 supra
934 2671 1027 2720 cam.
1050 2643 1107 2719 De
1129 2640 1211 2718 aliis
1230 2641 1371 2719 illicitis
1390 2643 1575 2718 contentis
1594 2642 1633 2718 in
1654 2641 1818 2720 articulis
1837 2671 1913 2721 non
1934 2643 2004 2721 fuit

583 2774 795 2864 ei-locutus,
818 2801 886 2853 nec
901 2773 1022 2852 credit
1038 2772 1143 2879 quod
1160 2772 1202 2848 in
1219 2773 1354 2851 ordine
1374 2772 1482 2862 liant,
1500 2772 1568 2850 sed
1588 2773 1708 2850 credit
1724 2773 1828 2879 quod
1843 2772 2002 2880 abnega-

583 2904 641 2981 cio
658 2921 696 2980 et
713 2904 856 3010 spuicio
872 2903 1083 3010 supradicte
1102 2903 1371 2980 intervenirent
1390 2903 1642 2979 communiter
1660 2902 1701 2978 in
1720 2902 2002 3008 reccpcionibus

583 3035 765 3124 aliorum,
799 3035 888 3142 quia
919 3035 1128 3112 secundum
1162 3033 1319 3109 modum
1346 3033 1557 3139 predictum
1589 3032 1683 3108 vidit
1708 3032 1824 3136 recipi
1852 3031 2001 3110 fratrem

582 3166 831 3245 Guillelmum
850 3167 899 3242 de
915 3165 1052 3243 Sancto
1074 3163 1297 3250 Benedicto,
1316 3162 1356 3238 in
1378 3161 1519 3268 capella
1538 3163 1674 3239 domus
1690 3161 1842 3267 Templi
1858 3161 1906 3238 de
1922 3162 2002 3239 Mo-

583 3296 748 3375 lendinis
763 3295 986 3373 Pictavensis
1006 3292 1180 3383 diocesis,
1197 3321 1266 3398 per
1280 3289 1432 3369 fratrem
1447 3290 1655 3370 lohannem
1674 3291 1721 3368 de
1737 3293 1872 3370 Sancto
1888 3293 2005 3368 Benc-

585 3426 703 3515 dicto,
723 3442 858 3502 testem
889 3451 999 3530 supra
1032 3423 1299 3512 examinatum,
1333 3422 1429 3499 circa
1459 3420 1597 3499 festum
1625 3421 1831 3500 Natiuitatis
1853 3421 2004 3500 Domini

583 3557 754 3662 proximo
769 3555 990 3663 preteritum
1012 3553 1165 3631 fixerunt
1179 3564 1259 3632 11110'
1274 3553 1361 3629 anni
1377 3551 1435 3630 vel
1449 3553 1561 3640 circa,
1578 3552 1817 3659 presentibus
1832 3552 2005 3631 fratribus

584 3687 791 3768 Guillelmo
812 3688 859 3765 de
886 3687 1012 3776 Blere,
1046 3701 1266 3792 preceptore
1295 3685 1343 3761 de
1372 3683 1516 3790 Campo
1544 3684 1707 3773 Gilonis,
1730 3685 1795 3789 qui
1816 3683 2006 3762 detinetur

584 3819 685 3925 apud
704 3820 940 3925 Caynonem,
955 3819 1066 3892 Petro
1083 3815 1130 3891 de
1147 3815 1283 3892 Sancto
1298 3815 1522 3901 Benedicto,
1540 3831 1634 3890 teste
1653 3843 1763 3919 supra
1779 3815 2003 3895 examinato.

586 3967 624 4026 et
646 3949 816 4024 ,Iohanne
843 3945 1004 4035 Picardi,
1031 3945 1097 4050 qui
1123 3943 1314 4021 detinetur
1333 3946 1513 4033 Turonis,
1545 3944 1808 4034 servientibus,
1831 3960 1870 4020 et
1889 3945 2007 4020 credit

586 4075 693 4184 quod
714 4076 802 4152 dicti
836 4102 981 4153 errores
1010 4073 1151 4150 fuerint
1170 4072 1375 4150 introducti
1396 4073 1434 4148 in
1456 4073 1590 4150 ordine
1610 4073 1657 4150 ab
1678 4073 1752 4151 illis
1772 4074 1837 4181 qui
1856 4069 2007 4152 lucrum

587 4206 686 4284 ultra
703 4234 822 4293 mare,
845 4221 883 4281 et
900 4204 1006 4311 quod
1024 4203 1292 4310 intervenirent
1316 4204 1355 4278 in
1377 4202 1487 4279 dictis
1503 4203 1803 4309 reccpcionibus,
1825 4205 1912 4310 quia
1932 4233 2009 4281 ma-

586 4365 682 4448 gnus
697 4336 873 4444 Magister
890 4352 928 4412 et
942 4334 1005 4411 alii
1025 4334 1096 4410 hoc
1113 4333 1291 4411 dicuntur
1309 4332 1423 4411 luisse
1438 4333 1609 4412 confessi.
1631 4336 1744 4420 ltem,
1764 4333 1856 4410 dixit
1871 4361 1910 4410 se
1931 4361 2007 4410 cre-

588 4467 679 4544 dere
703 4465 958 4544 ecclesiasticis
985 4464 1246 4553 sacramentis,
1284 4479 1321 4540 et
1346 4465 1451 4571 quod
1482 4465 1544 4540 alii
1571 4463 1703 4543 fratres
1729 4464 1865 4540 eodem
1890 4462 2004 4541 modo

588 4597 800 4686 crederent,
823 4614 861 4672 et
880 4596 983 4702 quod
998 4622 1130 4671 eorum
1152 4595 1362 4671 sacerdotes
1384 4594 1512 4671 debite
1527 4594 1770 4672 celebrarent.
1789 4594 1923 4672 Statim
1939 4621 2005 4699 pro

586 4727 762 4834 professis
782 4725 1028 4813 habebantur,
1056 4741 1094 4802 et
1108 4724 1247 4833 juravit
1266 4724 1440 4802 ordinem
1466 4753 1543 4801 non
1563 4725 1663 4802 exire
1684 4725 1826 4830 absque
1853 4723 2006 4801 licencia
