4486 5890
491 505 556 576 152
875 487 1066 578 pacans
1094 502 1188 575 ons
1214 501 1513 576 annectens

480 645 581 752 ginta
597 645 769 752 quinque
785 673 971 723 annorum
988 647 1046 723 vel
1064 645 1177 737 circa,
1199 645 1420 724 mantellum
1441 643 1586 723 ordinis
1602 659 1639 720 et
1653 642 1809 720 barbam
1827 643 1908 721 def-

481 774 616 865 ferens,
629 777 801 855 noudum
818 777 1013 855 absolutus
1028 805 1097 854 nec
1108 775 1368 854 reconciliatus
1378 805 1447 883 per
1457 776 1634 882 aliquem.
1648 775 1769 853 Lectis
1779 791 1906 852 autem

426 933 428 938 ’
482 921 519 980 et
540 906 741 1012 diligenter
755 906 826 983 sibi
843 907 1018 1015 expositis
1033 907 1210 986 omnibus
1226 923 1262 984 et
1278 907 1435 1016 singulis
1449 905 1632 997 articulis,
1653 905 1850 1012 respondit
1868 933 1907 983 se

481 1035 641 1125 nescire,
663 1065 733 1114 nec
753 1038 918 1127 credere,
942 1067 1011 1115 nec
1031 1038 1214 1115 audivisse
1236 1037 1310 1114 dici
1327 1037 1375 1114 de
1391 1036 1577 1115 contentis
1592 1037 1632 1112 in
1648 1037 1702 1113 eis
1717 1035 1788 1112 nisi
1804 1036 1908 1143 quod

482 1169 662 1274 sequitur.
692 1171 774 1277 lpse
801 1171 958 1277 quidem
983 1169 1055 1247 suit
1081 1186 1253 1276 receptus
1280 1167 1320 1245 in
1347 1166 1487 1274 capella
1514 1168 1653 1244 domus
1679 1166 1831 1274 Templi
1860 1167 1907 1244 de

480 1300 583 1376 Bella
603 1299 818 1378 Chassanha
838 1300 1115 1379 Lemovicensis
1139 1299 1316 1390 diocesis,
1338 1327 1407 1406 per
1432 1297 1585 1376 fratrem
1604 1299 1633 1373 F
1635 1325 1839 1375 ranconem
1859 1298 1907 1377 de

480 1431 572 1508 Bort
591 1430 752 1508 militem
771 1433 985 1538 quondam,
1008 1430 1236 1508 avunculum
1256 1429 1375 1537 ipsius
1392 1429 1517 1517 testis,
1540 1429 1580 1505 in
1600 1429 1766 1505 secunda
1780 1429 1908 1506 Domi·

481 1561 564 1637 nica
576 1561 889 1669 Quadragessime
905 1591 1027 1668 nuper
1040 1562 1142 1670 lapsa
1156 1560 1311 1638 luerunt
1325 1580 1420 1640 xxxv
1436 1560 1522 1637 anni
1539 1558 1596 1636 vel
1611 1560 1717 1648 circa,
1731 1561 1908 1666 presenti-

480 1691 551 1768 bus
573 1690 750 1770 fratribus
764 1693 925 1800 Rogerio
946 1694 994 1770 de
1013 1694 1121 1784 Bort,
1142 1708 1248 1798 patre
1264 1691 1382 1800 ipsius
1395 1691 1518 1780 testis,
1538 1689 1676 1781 milite,
1696 1689 1906 1769 Guillelmo

481 1823 529 1898 de
550 1822 679 1915 Arsao,
700 1823 872 1902 Dionisio
895 1824 943 1901 de
960 1823 1099 1901 Castris
1120 1837 1157 1900 et
1175 1824 1322 1902 Boneto
1343 1822 1391 1900 de
1411 1824 1518 1928 Rupe
1543 1819 1809 1910 servientibus,
1832 1821 1907 1899 des-

481 1951 633 2045 fuuctis,
650 1952 689 2030 in
710 1954 812 2030 hunc
831 1952 990 2031 modum
1007 1985 1016 2030 ε
1034 1981 1120 2029 nam
1139 1981 1227 2030 cum
1247 1952 1424 2058 peciisset
1442 1979 1482 2028 se
1503 1949 1650 2028 admitti
1671 1951 1719 2027 ad
1738 1950 1927 2038 lratemi·¹

479 2101 595 2160 tatem
611 2083 765 2178 ordinis,
784 2085 906 2162 dictus
920 2102 1104 2192 receptor,
1125 2083 1286 2190 prescito
1306 2111 1374 2189 per
1388 2083 1647 2191 juramentum
1668 2082 1715 2159 ab
1736 2109 1781 2160 eo
1801 2082 1905 2188 quod

480 2241 556 2290 ηοη
578 2231 656 2291 erat
675 2215 846 2322 religioni
867 2213 974 2293 alteri
988 2215 1047 2292 vel
1063 2215 1304 2293 matrimonio
1325 2213 1530 2322 obligatus,
1552 2243 1630 2292 non
1650 2215 1906 2292 excommuni-

479 2361 599 2432 catus,
622 2360 660 2421 et
679 2345 784 2451 quod
804 2373 882 2424 non
902 2345 1064 2424 habebat
1079 2343 1336 2423 infirmitatem
1352 2343 1548 2432 latentem,
1566 2343 1654 2421 lecit
1669 2373 1757 2422 eum
1772 2373 1902 2422 vovere

480 2491 516 2550 et
536 2476 666 2582 jurare
693 2475 918 2565 castitatem,
948 2475 1229 2563 obedienciam,
1257 2474 1378 2552 vivere
1406 2475 1486 2552 sine
1508 2474 1681 2583 proprio,
1704 2491 1741 2552 et
1759 2503 1902 2552 servare

478 2605 599 2682 bonos
627 2635 718 2684 usus
746 2623 783 2682 et
808 2607 926 2686 bonas
953 2606 1245 2686 consuetudines
1264 2633 1339 2712 que
1358 2623 1452 2683 tunc
1471 2623 1575 2683 erant
1595 2606 1691 2683 etin
1711 2621 1902 2713 posterum

478 2736 766 2842 imponerentur
785 2739 825 2814 in
845 2739 997 2831 ordine,
1020 2756 1058 2815 et
1078 2766 1221 2815 servare
1240 2736 1341 2815 bona
1361 2755 1399 2815 et
1426 2736 1648 2816 elemosinas
1675 2736 1836 2826 ordinis,
1867 2755 1902 2813 et

478 2867 585 2972 quod
603 2895 673 2972 pro
693 2895 803 2973 posse
827 2897 896 2948 suo
918 2870 1065 2977 juvaret
1084 2869 1133 2945 ad
1153 2866 1426 2976 acquirendum
1453 2896 1614 2977 regnum
1639 2865 1898 2944 lherosolime.

479 2995 567 3088 Quo
587 2994 682 3075 sacto
700 2997 882 3103 imposuit
900 2999 972 3076 sibi
991 2998 1235 3086 mantellum,
1259 3015 1296 3074 et
1313 2998 1393 3103 ipse
1410 3015 1447 3074 et
1461 3014 1622 3075 astantes
1641 2995 1795 3074 luerunt
1815 3025 1901 3074 eum

427 3217 430 3222 Ι
481 3125 636 3203 osculati
662 3127 701 3204 in
734 3156 817 3219 ore,
849 3145 886 3206 et
915 3128 1092 3205 instruxit
1112 3155 1201 3205 eum
1223 3127 1271 3204 de
1291 3126 1499 3232 aliquibus,
1526 3143 1565 3202 et
1581 3125 1632 3202 de
1652 3123 1825 3232 pluribus
1845 3125 1901 3202 in-

480 3259 673 3335 struxisset
688 3285 794 3346 eum,
810 3273 854 3336 ut
880 3257 1029 3336 dicebat
1052 3258 1155 3336 idem
1179 3273 1363 3363 receptor,
1386 3257 1453 3334 sed
1472 3271 1627 3364 propter
1645 3255 1900 3333 vicecomitem

479 3385 527 3462 de
547 3387 806 3466 Ventltedorio
827 3405 865 3466 et
885 3388 1026 3466 multos
1048 3387 1141 3466 alios
1165 3387 1314 3482 nobiles
1336 3387 1385 3465 de
1405 3386 1497 3464 loris
1516 3403 1751 3493 expectantes
1771 3414 1900 3493 super-

478 3516 586 3594 sedit.
614 3519 783 3626 Precepit
800 3537 929 3598 tamen
950 3521 984 3598 ei
1005 3520 1111 3627 quod
1131 3547 1244 3626 super
1270 3519 1473 3626 quamdam
1498 3546 1648 3595 crucem
1668 3515 1899 3596 metallinam

477 3647 515 3724 in
537 3676 611 3754 qua
637 3665 716 3727 erat
733 3679 867 3758 ymago
885 3650 1080 3739 crucifixi,
1102 3650 1253 3728 allatam
1272 3649 1327 3727 ihi
1348 3649 1466 3729 nescit
1485 3678 1553 3757 per
1572 3677 1706 3757 quem,
1728 3665 1897 3754 spueret,

478 3796 515 3854 et
530 3807 617 3856 cum
629 3778 752 3858 dictus
760 3781 866 3860 testis
881 3798 1051 3890 stuperet
1066 3780 1112 3858 de
1126 3783 1209 3873 hoc,
1220 3781 1345 3858 dictus
1357 3796 1531 3888 receptor
1545 3779 1640 3856 dixit
1654 3779 1708 3856 ei:
1723 3815 1734 3846 ι
1749 3779 1901 3856 Fecistis

478 3908 666 3998 audacter,
687 3911 777 4016 quia
796 3910 915 3989 nichil
938 3913 984 3988 de
1000 3913 1109 4016 (hoc)
1131 3927 1291 3999 constat,
1307 3949 1320 3981 ι
1336 3911 1464 3989 dicens
1484 3910 1669 3989 submissa
1688 3936 1777 3989 voce
1798 3909 1900 4016 quod

479 4058 630 4146 spueret
643 4039 749 4146 juxta
767 4070 936 4132 crucem,
957 4060 996 4121 et
1014 4059 1106 4119 tuno
1125 4041 1250 4120 dictus
1267 4042 1375 4120 testis
1395 4041 1497 4150 spuit
1511 4069 1589 4120 non
1606 4067 1718 4148 supra
1734 4061 1898 4126 crucem,

478 4168 545 4245 sed
566 4199 585 4246 a
608 4168 724 4248 latere
750 4172 797 4248 ad
822 4188 972 4248 terram.
1002 4173 1220 4280 Requisitus
1245 4173 1275 4248 si
1301 4171 1372 4249 alia
1397 4172 1596 4250 inhonesta
1619 4171 1900 4248 intervenerunt

477 4299 516 4374 in
538 4301 637 4378 dicta
657 4329 724 4379 sua
741 4302 965 4410 recepcione
979 4301 1039 4380 vel
1058 4320 1162 4410 post,
1183 4303 1380 4411 respondit
1399 4303 1504 4410 quod
1523 4331 1614 4380 uon.
1635 4301 1854 4410 Requisitus
1869 4299 1897 4377 si

477 4431 596 4508 credit
620 4433 726 4539 quod
751 4432 848 4510 dicta
873 4433 1017 4539 spuicio
1041 4433 1247 4512 confessata
1265 4461 1334 4540 per
1353 4460 1441 4511 eum
1461 4432 1519 4510 vel
1540 4432 1611 4510 alia
1629 4432 1830 4509 inhonesta
1850 4432 1900 4507 in-

475 4578 717 4640 tervenerunt
738 4564 778 4639 iu
801 4558 1087 4670 recepcionibus
1106 4563 1268 4642 aliorum
1286 4562 1346 4641 vel
1370 4581 1474 4671 post,
1496 4563 1692 4671 respondit
1716 4591 1755 4639 se
1784 4561 1898 4640 nichil

475 4692 584 4782 scire,
608 4692 696 4800 quia
721 4721 917 4801 nunquam
941 4694 1053 4784 vidit,
1079 4695 1146 4772 sed
1171 4695 1291 4773 credit
1312 4695 1416 4801 quod
1437 4694 1582 4800 spuicio
1607 4692 1812 4771 confessata
1833 4719 1899 4800 per

417 4915 420 4922 1
447 4843 452 4855 ·
475 4853 563 4900 eum
592 4825 850 4932 preciperetur
873 4824 938 4903 eis.
968 4825 1185 4931 Requisitus
1210 4826 1239 4901 si
1266 4825 1409 4902 viderat
1434 4823 1582 4931 aliquos
1606 4823 1700 4901 alios
1725 4823 1840 4931 recipi
1860 4823 1896 4900 in
