4210 5882
405 519 479 600 aot
796 498 992 592 procus
1018 517 1114 590 nus
1140 505 1439 589 rsurmsas.

403 695 488 746 cum
511 663 713 744 Meldensis
733 661 908 748 diocesis,
933 687 997 738 sex
1022 659 1107 735 anni
1129 675 1218 736 sunt
1239 657 1371 764 elapsi,
1392 685 1461 763 per
1479 653 1633 733 fratrem
1661 657 1833 765 Reginal·

403 795 494 872 dum
515 795 562 871 de
575 787 750 899 Argivilla
770 790 963 896 quondam
977 789 1248 868 cubicularium
1262 817 1374 895 pape,
1396 786 1635 894 presentibus
1654 784 1831 867 fratribus

401 924 555 1002 Alberto
573 919 761 1028 capellano
781 919 870 996 dicti
887 920 1046 1007 ordinis,
1069 936 1105 996 et
1124 916 1334 1028 Guillelmo
1356 917 1404 994 de
1424 917 1676 1023 Compendio‚
1700 935 1738 996 et
1755 923 1833 1027 qui-

400 1056 558 1133 busdam
578 1053 661 1131 aliis
683 1053 730 1130 de
749 1080 913 1158 quorum
933 1051 1151 1129 nominibus
1171 1077 1247 1128 non
1265 1049 1409 1128 recolit.
1430 1049 1532 1128 Dixit
1550 1049 1669 1128 eciam
1688 1079 1756 1156 per
1769 1051 1832 1157 ju-

401 1201 615 1264 ramentum
631 1212 741 1261 suum
754 1183 869 1292 qnod,
882 1199 966 1288 post
979 1181 1115 1258 multas
1129 1181 1398 1286 promissiones
1410 1181 1459 1258 de
1473 1180 1619 1258 statutis
1633 1197 1671 1258 et
1680 1184 1829 1259 secretis

402 1319 490 1394 dicti
510 1317 652 1395 ordinis
672 1312 913 1394 observandis
932 1315 979 1392 ab
999 1341 1045 1390 eo
1054 1312 1191 1403 ¹factas,
1214 1313 1335 1392 dictus
1354 1312 1537 1418 recipiens
1558 1314 1739 1418 reportavit
1758 1313 1827 1391 sibi

401 1449 601 1554 quamdam
624 1475 792 1534 crucem,
814 1463 852 1522 et
872 1445 965 1522 dixit
984 1445 1055 1520 sibi
1076 1445 1180 1550 quod
1189 1441 1399 1551 'oportebat
1422 1443 1547 1550 ipsum
1566 1471 1704 1549 spuere
1721 1471 1828 1550 supra

401 1607 566 1670 erucem,
594 1596 632 1656 et
650 1577 753 1684 quod
775 1577 825 1654 ita
846 1591 1068 1653 consuetum
1084 1592 1164 1651 erat
1189 1577 1228 1652 in
1248 1575 1399 1666 ordine3
1420 1591 1459 1652 et
1476 1591 1567 1651 tunc
1586 1575 1666 1680 ipse
1685 1574 1829 1681 fingens

401 1737 535 1815 spuere
550 1737 662 1814 supra
677 1735 841 1795 crucem,
861 1706 964 1812 spuit
978 1722 1037 1782 ter
1055 1705 1103 1782 ad
1119 1722 1267 1784 terram.
1290 1707 1542 1814 Interrogatus
1557 1705 1606 1784 de
1623 1723 1709 1784 voto
1725 1708 1829 1784 casti·

399 1841 501 1926 tatis,
529 1839 623 1916 dixit
642 1866 709 1943 per
727 1839 984 1944 juramentum
1013 1863 1122 1913 suum
1148 1835 1254 1943 quod
1278 1837 1401 1915 dictus
1424 1837 1608 1942 recipiens
1639 1837 1732 1914 dixit
1757 1837 1826 1915 sibi

403 1971 507 2076 quod
532 1969 618 2046 lecti
647 1967 802 2045 fratrum
835 1967 1023 2044 debebant
1044 1995 1123 2044 esse
1153 1995 1389 2058 communes,
1412 1984 1450 2045 et
1468 1967 1573 2074 quod
1597 1984 1772 2074 poterant
1789 1997 1827 2046 se

401 2101 643 2178 commiscere
671 2099 867 2176 carnaliter
891 2127 989 2176 unus
1014 2127 1100 2175 oum
1122 2097 1213 2188 alio,
1237 2116 1275 2175 et
1295 2099 1401 2204 quod
1422 2099 1580 2176 omnino
1601 2095 1828 2177 debebanta

399 2229 624 2307 mulieribus
644 2229 840 2306 abstinere.
961 2257 964 2262 ·

455 2364 706 2467 Interrogatus
725 2360 773 2437 de
794 2359 940 2448 osculn,
963 2359 1056 2436 dixit
1074 2388 1142 2466 per
1153 2361 1413 2467 juramentum
1439 2389 1551 2438 suum
1579 2361 1686 2467 quod
1708 2362 1827 2438 dietus

399 2493 584 2598 recipiens
602 2488 711 2570 traxit
723 2519 808 2568 eum
822 2491 870 2568 ad
885 2505 1029 2596 partem
1045 2491 1084 2566 in
1102 2489 1263 2596 quadam
1280 2518 1425 2600 camera
1444 2507 1547 2569 retro
1566 2491 1775 2582 ecclesiam,
1792 2509 1828 2569 et

398 2623 487 2698 lecit
507 2650 547 2700 se
568 2622 726 2700 osculari
747 2621 793 2698 ab
815 2649 859 2697 eo
880 2622 920 2696 in
940 2621 1120 2720 umbilico
1147 2637 1185 2697 et
1210 2617 1249 2696 in
1275 2649 1352 2698 ore.
1381 2623 1633 2728 Interrogatus
1658 2622 1688 2698 si
1710 2621 1826 2700 credit

400 2752 504 2858 quod
524 2781 655 2830 omnes
675 2751 737 2828 alii
756 2749 887 2828 fratres
903 2751 1047 2828 ordinis
1066 2749 1181 2827 simili
1199 2749 1315 2828 modo
1327 2751 1569 2856 recipiantur,
1587 2751 1680 2829 dixit
1696 2781 1764 2859 per
1772 2754 1826 2860 ju·

400 2900 611 2960 ramentum
632 2909 743 2959 suum
767 2880 874 2986 quod
894 2881 1028 2972 credit,
1058 2881 1240 2986 quianon
1264 2881 1384 2959 credit
1403 2909 1538 2960 novam
1556 2881 1679 2990 legem
1698 2912 1768 2989 pro
1788 2911 1824 2960 se

400 3012 513 3090 fixisse
535 3011 679 3089 factam.
708 3012 920 3117 Requisitus
945 3039 1014 3117 per
1035 3012 1291 3118 juramentum
1322 3041 1432 3088 suum
1460 3013 1599 3090 iterum
1629 3015 1823 3118 prestitum

402 3161 530 3232 utrum
546 3145 598 3232 vi,
614 3142 670 3219 vel
692 3159 796 3218 metu
809 3141 966 3218 carceris
982 3158 1046 3218 aut
1061 3157 1353 3231 tormentorum,
1368 3142 1533 3250 aliquam
1546 3141 1747 3226 falsitatem
1759 3147 1825 3224 im-

399 3274 591 3351 miscuerit
609 3274 648 3350 in
666 3301 733 3350 sua
753 3273 1008 3378 deposicione‚
1031 3287 1095 3350 aut
1114 3272 1310 3350 veritatem
1328 3274 1506 3363 tacuerit,
1525 3273 1619 3352 dixit
1641 3303 1710 3382 per
1724 3277 1824 3384 jura*

399 3422 568 3482 mentum
580 3431 692 3482 suum
706 3403 811 3510 quod
826 3431 919 3494 non;
937 3403 1056 3480 immo
1071 3423 1205 3509 puram
1216 3421 1255 3481 et
1268 3405 1449 3512 integram
1466 3404 1610 3482 dixerat
1620 3407 1822 3485 veritatem.

455 3669 548 3745 ltem
568 3665 681 3742 irater
700 3665 921 3742 Lambertus
941 3666 989 3742 de
1009 3666 1139 3772 Toysi,
1165 3665 1270 3744 etatis
1294 3665 1540 3774 quadraginta
1566 3695 1748 3746 annorum
1768 3670 1824 3746 vel

400 3799 513 3885 circa,
548 3812 589 3872 ut
612 3795 774 3887 dicebat,
798 3795 932 3876 eodem
952 3796 1069 3874 modo
1102 3796 1345 3884 constitutus,
1369 3798 1517 3905 juratus
1544 3816 1582 3875 et
1605 3800 1819 3906 requisitus,

399 3928 491 4005 dixit
508 3955 577 4032 per
591 3927 846 4032 juramentum
869 3955 978 4003 suum
997 3925 1101 4032 quod
1117 3944 1289 4034 receptus
1308 3927 1380 4006 luit
1399 3929 1438 4005 in
1457 3928 1573 4006 domo
1589 3928 1637 4006 de
1651 3931 1820 4010 Vinciaoo

399 4058 558 4134 diocesis
578 4055 779 4145 Edueusis,
796 4084 859 4134 xm
877 4057 964 4132 anni
979 4074 1067 4135 sunt
1080 4057 1211 4164 elapsi,
1228 4087 1297 4164 per
1308 4057 1459 4137 fratrem
1474 4061 1628 4138 Petrum
1646 4061 1693 4138 de
1712 4063 1819 4168 Syvre

398 4203 657 4293 preceptorem
676 4187 837 4264 baillivie
858 4187 906 4264 de
930 4189 1059 4294 Byrsa,
1075 4189 1312 4294 presentibus
1326 4189 1436 4268 bane
1452 4191 1659 4298 Reginaldo
1681 4195 1728 4269 de
1740 4193 1820 4270 Toi-

399 4319 496 4394 siaco
517 4334 651 4422 patruo
668 4345 754 4407 sno,
776 4316 888 4396 fratre
902 4316 1048 4399 Thoma
1063 4319 1109 4396 de
1129 4321 1320 4426 Buceioct
1332 4321 1561 4428 quibusdam
1581 4321 1721 4400 aliisde
1738 4351 1820 4429 quo·

397 4475 482 4524 rum
496 4447 715 4526 nominibus
734 4477 812 4527 non
830 4449 1059 4527 recordatur.
1074 4453 1121 4528 Et
1133 4452 1225 4528 dixit
1238 4480 1307 4558 per
1319 4450 1580 4558 juramentum
1593 4481 1705 4532 suum
1720 4451 1819 4561 quod

399 4579 520 4657 dictus
539 4579 725 4685 recipiens
737 4579 825 4657 lecit
846 4609 931 4657 eum
949 4581 1075 4686 jurare
1097 4599 1134 4660 et
1154 4581 1539 4688 promicteremultas
1566 4584 1820 4663 observancias

399 4709 486 4786 dicti
509 4709 651 4787 ordinis
671 4728 813 4788 sanctas
833 4728 870 4788 et
891 4711 1055 4802 devotas,
1085 4729 1122 4790 et
1141 4731 1278 4790 secreta
1312 4732 1351 4791 et
1383 4731 1519 4794 statuta
1552 4714 1644 4793 dicti
1679 4715 1819 4793 ordinis

397 4856 525 4916 tenere
547 4857 584 4917 et
604 4841 817 4932 observare,
836 4870 995 4948 quarum
1016 4842 1158 4951 aliquas
1170 4845 1396 4924 verbotenus
1416 4848 1616 4937 enarravi13
1639 4865 1675 4924 et
1693 4864 1817 4952 postea
