4208 5886
680 511 877 606 eaoons
909 531 1006 604 oss
1038 529 1344 604 rnurmsas.
1650 533 1720 606 ise

295 670 450 748 fuerunt
470 696 558 748 cum
576 671 616 746 in
634 698 712 748 ore.
733 672 823 750 Post
843 699 918 778 quc
938 670 1064 749 omnia
1085 671 1207 748 dictus
1226 688 1397 777 receptor
1419 672 1587 776 precepit
1608 673 1660 761 ei,
1684 674 1723 748 in

294 801 488 906 presencia
507 797 787 905 predictorum,
810 802 917 908 quod
936 801 1140 910 abnegaret
1155 803 1333 894 thecum,
1356 818 1498 878 etcum
1519 801 1598 906 ipse
1620 804 1724 881 testis

295 932 505 1022 restitisset,
527 931 693 1010 finaliter
710 933 907 1044 abnegavit
921 934 1078 1012 lbesum
1099 959 1164 1012 ore
1186 961 1264 1012 non
1285 933 1412 1010 corde.
1438 931 1587 1009 Deinde
1614 932 1723 1010 allata

295 1063 414 1140 nescit
431 1059 499 1169 per
516 1092 633 1171 quem
655 1064 817 1172 quadam
846 1092 955 1142 cruce
976 1064 1099 1172 lignea
1117 1063 1158 1140 in
1185 1092 1260 1171 qua
1284 1091 1362 1140 non
1394 1079 1472 1140 erat
1490 1062 1635 1167 pictura
1654 1092 1734 1146 nec¹
1808 1133 1812 1139 .

296 1221 429 1303 ymago
449 1193 641 1284 Crueilixi,
661 1195 831 1302 precepit
844 1196 879 1273 ei
892 1195 1000 1302 quod
1017 1211 1170 1301 spueret
1189 1221 1302 1300 super
1323 1194 1461 1271 dictam
1477 1221 1643 1281 crucem,
1657 1193 1723 1271 sed

297 1325 375 1431 ipse
392 1323 497 1403 testis
514 1325 615 1432 spuit
634 1353 712 1402 non
732 1353 844 1433 supra
867 1325 934 1402 sed
948 1326 1066 1434 juxta.
1088 1323 1170 1402 Alia
1185 1323 1316 1400 illicita
1342 1351 1419 1401 non
1441 1323 1725 1399 intervenerunt

297 1455 335 1530 in
352 1454 451 1533 dicta
471 1485 537 1534 sua
550 1456 771 1563 recepcione
791 1484 862 1533 nec
881 1471 982 1562 post,
1003 1483 1073 1533 nec
1093 1453 1178 1544 scit,
1201 1483 1271 1530 nec
1288 1451 1523 1558 creditquod
1537 1453 1637 1528 dicta
1649 1452 1724 1528 illi-

297 1586 368 1660 cita
387 1586 445 1663 vel
463 1586 535 1663 alia
557 1587 828 1664 intervenirent
844 1586 883 1662 in
908 1584 1192 1692 recepcionibus
1219 1584 1379 1662 aliorum
1404 1582 1562 1670 fratrum
1580 1583 1724 1660 ordinis

296 1743 366 1792 nec
382 1732 484 1823 post,
504 1717 593 1824 quia
611 1717 708 1795 vidit
722 1716 864 1796 multos
878 1717 1011 1823 recipi,
1031 1743 1101 1792 nec
1113 1715 1198 1804 scit,
1216 1742 1286 1792 nec
1306 1713 1449 1791 audivit
1458 1713 1531 1790 diei
1539 1714 1644 1820 quod
1657 1713 1724 1790 oli-

297 1845 391 1952 quid
410 1843 584 1924 illicitum
605 1848 849 1926 intervenerit
861 1848 898 1924 in
916 1875 1048 1926 eorum
1059 1845 1347 1952 recepcionibus
1360 1843 1420 1920 vel
1432 1861 1516 1950 post
1528 1875 1537 1920 e
1551 1844 1724 1920 videlicet

295 1989 373 2054 tres
393 1976 532 2055 milites
552 1977 683 2065 simul,
707 2005 871 2084 quorum
890 1979 1044 2056 nomina
1064 1993 1103 2053 et
1122 1977 1347 2082 cognomina
1371 1975 1534 2081 ignorat,
1559 2001 1722 2080 quorum

298 2133 397 2183 unus
414 2123 494 2182 emt
513 2107 560 2184 de
577 2109 810 2198 Turonensi,
828 2107 924 2186 alius
937 2108 985 2186 de
999 2106 1222 2196 Pictavensi,
1239 2105 1336 2182 alius
1347 2105 1394 2182 de
1405 2105 1626 2182 Bituricensi
1643 2104 1725 2180 dio-

297 2235 465 2326 casibus,
485 2253 524 2314 et
542 2236 697 2316 fuerunt
712 2239 870 2345 recepti,
895 2239 935 2314 in
955 2237 1110 2316 instanti
1129 2263 1259 2313 mense
1280 2233 1427 2343 augusti
1446 2251 1559 2311 erunt
1578 2233 1725 2310 circiter

297 2392 334 2444 xt
353 2367 459 2457 anni,
487 2365 527 2444 in
557 2367 697 2476 capella
727 2369 863 2447 domus
883 2365 1034 2474 Templi
1057 2366 1105 2444 de
1130 2367 1264 2472 Frotay
1286 2364 1521 2443 Turonensis
1545 2363 1721 2452 diocesis,

298 2523 367 2603 per
380 2494 533 2576 fratrem
556 2496 790 2576 Gaufredum
806 2498 855 2575 de
879 2495 1074 2577 Gonavilla
1093 2512 1354 2602 preceptorem
1371 2493 1548 2582 Pictavie,
1571 2493 1637 2600 qui
1652 2491 1725 2570 fuit

298 2627 528 2706 examinatus
541 2656 610 2733 per
625 2627 801 2706 dominos
816 2626 1042 2715 cardinales,
1058 2624 1297 2731 presentibus
1312 2624 1490 2702 fratribus
1505 2623 1656 2700 Matheo
1677 2622 1724 2699 de

298 2756 439 2864 Stagno
467 2776 686 2866 preceptore
714 2757 761 2836 de
781 2757 928 2836 Rocbes
959 2755 1210 2834 Xantoncnsis
1239 2755 1416 2844 diocesis,
1442 2754 1597 2832 detento
1623 2752 1725 2859 apud

298 2887 493 2980 Niortum,
511 2889 682 2966 lobanne
703 2888 751 2965 de
767 2888 905 2966 Sancto
932 2885 1153 2976 Benedicto,
1180 2901 1275 2962 teste
1300 2913 1412 2992 supra
1435 2883 1662 2972 examinato,
1689 2900 1726 2960 et

300 3015 400 3095 dicto
428 3018 621 3124 Stephano
646 3017 694 3095 de
724 3017 885 3126 Plexeyo
911 3014 1024 3093 lratre
1049 3013 1221 3122 ejusdem
1242 3017 1367 3103 testis,
1395 3014 1605 3092 deffunctis.
1622 3013 1726 3092 Vidit

300 3147 417 3224 eciam
436 3149 568 3254 recipi,
590 3149 630 3224 in
651 3146 793 3254 capella
813 3147 951 3225 domus
969 3144 1119 3251 Templi
1143 3143 1441 3234 Aurelianensis,
1461 3143 1615 3221 fratrem
1636 3144 1727 3222 Dio-

298 3278 437 3356 nisium
457 3278 728 3385 presbiterum,
750 3275 990 3356 Carnotensis
1006 3275 1181 3368 diocesis,
1204 3277 1311 3384 cujus
1328 3302 1538 3384 cognomen
1558 3277 1723 3382 ignorat,

298 3435 414 3514 quem
438 3407 558 3486 credit
575 3410 714 3495 vivere,
742 3434 811 3514 per
834 3408 979 3485 dictum
1005 3404 1159 3484 fratrem
1183 3404 1437 3484 Guillelmum
1467 3405 1607 3494 Gandi,
1639 3423 1726 3485 sunt

298 3539 444 3617 circiter
476 3567 526 3618 ru
558 3540 667 3630 anni,
690 3537 929 3646 presentibus
951 3535 1129 3614 lrauibus
1151 3537 1317 3645 Symone
1340 3535 1387 3614 de
1408 3539 1439 3613 F
1440 3537 1571 3614 oritate
1598 3563 1726 3642 prece-

296 3685 406 3777 ptore
425 3667 700 3758 Aurelianensi,
724 3683 762 3746 et
780 3667 862 3745 aliis
878 3668 925 3745 de
944 3666 1085 3773 quibus
1097 3693 1174 3745 non
1196 3665 1341 3744 recolit.
1358 3664 1463 3744 Vidit
1477 3665 1595 3743 eciam
1610 3666 1726 3774 recipi

298 3799 459 3886 ibidem,
481 3799 577 3877 circa
596 3800 700 3878 idern
725 3815 892 3905 tempus,
919 3813 957 3876 et
976 3825 1044 3904 per
1060 3795 1237 3874 eumdem
1260 3794 1435 3884 fratrem,
1455 3794 1669 3874 Gerardum
1687 3795 1725 3873 lo
1852 3900 1854 3906 Α

298 3929 517 4008 Retondeur
532 3929 772 4016 servientem,
794 3928 842 4007 de
862 3926 1089 4014 Aurelianis,
1106 3925 1345 4034 presentibus
1365 3924 1541 4003 fratribus
1554 3925 1726 4004 Dionisio

300 4081 338 4142 et
362 4064 555 4171 Stephano
584 4063 631 4142 de
654 4061 814 4170 Plexeyo
842 4059 1042 4168 predictis;
1063 4058 1233 4166 plurium
1258 4056 1544 4163 recepcionibus
1568 4081 1646 4134 non
1669 4084 1728 4133 re-

300 4193 390 4272 colit
409 4193 583 4272 adfuisse.
605 4193 719 4281 ltem,
738 4190 832 4268 dixit
849 4219 888 4268 sc
908 4189 1007 4268 bene
1027 4189 1182 4266 eredere
1197 4187 1453 4266 ecclesiasticis
1470 4186 1725 4278 sacramentis,

300 4324 457 4405 credens
477 4324 582 4433 quod
606 4323 669 4402 alii
693 4321 826 4400 fratres
848 4320 995 4400 ordinis
1022 4319 1158 4399 eodem
1183 4317 1300 4397 modo
1324 4318 1538 4406 crederent,
1566 4334 1604 4394 et
1623 4317 1726 4425 quod

300 4486 432 4537 eorum
453 4456 664 4536 sacerdotes
684 4453 813 4533 debite
835 4451 1080 4532 celebrarent.
1103 4450 1237 4529 Statim
1258 4477 1327 4556 pro
1348 4447 1523 4555 professis
1537 4447 1728 4525 habeban-

298 4608 372 4667 tur.
390 4586 633 4667 Clandestine
655 4583 944 4690 recipiebantur,
961 4579 1079 4658 nullis
1093 4577 1329 4686 presentibus
1344 4579 1417 4656 nisi
1431 4577 1611 4656 fratribus
1626 4578 1728 4654 ordi-

300 4720 371 4797 nis.
398 4716 575 4797 Cordulis
597 4715 702 4794 unde
722 4712 899 4792 volebant
922 4709 1123 4818 assumptis
1145 4707 1392 4818 cingebantur
1418 4735 1533 4816 super
1559 4706 1728 4784 camisias

301 4877 388 4927 cum
408 4848 549 4956 quibus
559 4844 747 4954 jacebant.
767 4840 1067 4922 Deffendebatur
1090 4840 1143 4918 eis
1162 4866 1210 4917 ne
1234 4838 1443 4917 revelarent
1465 4855 1607 4918 secreta
1627 4836 1726 4941 capi-

409 4982 516 5046 rnocls
539 5001 593 5044 ors
614 4999 787 5043 reveniens.
800 5013 841 5026 -
854 5001 886 5040 u.
1538 4977 1577 5041 24
