4202 5876
395 533 468 608 504
781 518 974 606 PROCES
1001 533 1096 606 DES
1121 531 1425 604 TEMPLIERS.

332 757 335 772 ‚
449 675 505 754 Ad
526 672 763 752 rxxuu--xlv
780 674 954 752 articulos
973 673 1166 762 inclusive,
1184 671 1384 780 diligenter
1404 688 1442 748 et
1461 669 1651 780 sigillatim
1666 673 1819 752 interro·

391 824 512 911 gatus,
535 804 765 911 respondens
775 807 920 912 negavit
934 806 1033 911 ipsos
1046 803 1223 880 articulos
1239 821 1276 882 et
1288 803 1414 882 omnia
1430 820 1468 880 et
1488 802 1630 910 singula
1647 821 1819 884 contenta

392 934 430 1010 in
453 937 522 1026 eis,
554 953 705 1042 excepto
728 936 832 1040 qnod
853 933 1044 1013 confessus
1069 933 1249 1040 estquod
1274 933 1353 1040 ipse
1382 950 1421 1011 et
1440 933 1554 1010 ceteri
1574 932 1817 1012 lratres'dicti

391 1067 548 1156 ordinis,
575 1084 690 1174 prout
719 1065 853 1154 credit,
885 1065 1128 1170 promittunt,
1151 1093 1217 1142 sue
1243 1064 1473 1171 recepcionis
1500 1080 1689 1170 tempore,
1715 1067 1819 1172 quod

391 1199 512 1302 ipsum
530 1197 702 1274 ordinem
721 1223 797 1273 non
810 1194 1024 1301 relinquant
1032 1223 1102 1301 pro
1118 1195 1255 1272 minori
1270 1193 1327 1271 vel
1342 1193 1474 1304 majori
1491 1192 1563 1271 alio
1581 1194 1732 1287 ordine,
1746 1198 1817 1276 nisi

391 1328 543 1404 obtenta
556 1327 745 1404 licenciaa
765 1354 833 1404 suo
854 1326 1049 1432 superiore
1068 1327 1133 1432 qui
1150 1355 1233 1404 eam
1254 1325 1342 1402 dare
1364 1325 1492 1431 possit.
1514 1326 1610 1402 ltem
1627 1327 1817 1406 confessus

390 1475 446 1534 est
465 1457 568 1564 quod
587 1457 657 1564 ipsi
672 1455 803 1534 lratres
823 1457 862 1532 in
883 1455 984 1534 dicto
1005 1456 1139 1534 ordine
1165 1456 1353 1534 hahentur
1368 1455 1454 1532 ilico
1474 1484 1543 1560 pro
1566 1454 1760 1564 professis,
1782 1477 1817 1535 et

390 1587 493 1692 quod
507 1588 585 1694 ipsa
598 1587 768 1693 recepcio
783 1587 951 1693 ipsorum
965 1586 1122 1664 fratrum
1135 1587 1183 1664 sit
1196 1586 1237 1662 in
1255 1586 1371 1664 domo
1385 1585 1502 1668 Mami
1521 1587 1609 1677 Dei;
1624 1587 1712 1694 quia
1728 1587 1815 1666 alibi

388 1716 471 1794 fieri
486 1716 559 1797 hoc
573 1747 650 1796 non
664 1719 757 1794 vidit
772 1719 843 1795 nisi
862 1719 902 1793 in
917 1717 1056 1824 capella
1073 1717 1169 1794 dicte
1186 1718 1336 1808 domus,
1360 1718 1468 1824 cujus
1481 1718 1574 1804 ostia
1590 1717 1816 1798 clauduntur

381 1847 478 1924 solis
497 1847 672 1926 fratribus
686 1848 784 1924 dicte
806 1847 941 1924 domus
961 1849 1260 1936 remanentibus,
1279 1847 1360 1924 aliis
1378 1863 1506 1929 umen
1524 1847 1693 1926 exclusis.
1710 1850 1815 1928 Dicta

389 1997 515 2056 autem
535 1977 705 2082 clausura
726 1979 823 2055 dicte
840 1977 980 2083 capelle
996 1978 1084 2056 ideo
1100 1977 1158 2066 lit,
1181 1995 1294 2084 prout
1313 1978 1420 2067 dixit,
1442 1977 1529 2084 quia
1548 1995 1700 2085 tempus
1716 1980 1814 2060 dicte

388 2109 618 2215 recepcionis
639 2107 795 2216 fratrum
816 2105 931 2186 habet
951 2107 1033 2186 fieri
1056 2107 1257 2215 capitulmn
1276 2109 1323 2186 de
1344 2135 1450 2200 more
1475 2108 1634 2214 predicti
1655 2110 1812 2200 ordinis,

388 2240 426 2314 in
447 2267 524 2346 quo
545 2239 663 2317 multa
682 2238 781 2316 liunt
805 2256 843 2316 et
860 2239 1038 2316 dicuntur
1056 2255 1131 2346 que
1152 2239 1290 2318 nolunt
1308 2255 1397 2316 nota
1417 2237 1501 2316 lieri
1525 2237 1624 2329 aliis,
1645 2239 1735 2318 licet
1758 2271 1814 2318 se·

387 2371 553 2448 cundum
569 2373 694 2473 Deum
714 2369 775 2446 illa
795 2368 888 2447 fiant
907 2387 945 2449 et
958 2370 1170 2448 secuudum
1187 2387 1321 2448 statuta
1339 2370 1482 2447 ordinis
1496 2370 1709 2475 supradicti.

442 2499 502 2576 Ad
520 2500 711 2580 xlvr-lrx
728 2500 904 2580 articulos
924 2500 1113 2591 inclusive,
1137 2499 1336 2608 diligenter
1352 2517 1390 2578 ct
1408 2499 1596 2610 sigillatim
1609 2502 1813 2609 interroga-

261 2710 263 2716 ,
384 2649 461 2718 tus,
485 2632 716 2738 respondens
735 2632 880 2739 negavit
899 2633 1000 2738 ipsos
1022 2615 1199 2710 articulos
1218 2649 1255 2708 et
1277 2631 1399 2709 omnia
1421 2649 1459 2708 et
1477 2630 1621 2738 singula
1640 2648 1812 2710 contenta

384 2761 424 2836 in
445 2761 510 2838 eis.
537 2761 737 2840 Confessus
758 2779 958 2840 esttamen
982 2764 1086 2868 quod
1105 2763 1184 2868 ipsc
1205 2779 1242 2840 et
1266 2761 1380 2840 ceteri
1403 2761 1533 2840 lratrcs
1554 2761 1643 2838 dicti
1669 2761 1811 2840 ordinis

386 2892 585 2997 cinguntur
603 2892 767 2970 cordulis
787 2893 834 2990 de
856 2892 934 2970 lino
954 2892 1012 2970 vel
1032 2893 1079 2970 de
1103 2920 1241 2998 canape
1261 2921 1329 2970 seu
1348 2892 1395 2968 de
1421 2891 1519 2980 lana,
1544 2907 1609 2968 aut
1631 2889 1678 2969 de
1694 2891 1810 2998 junco

385 3020 575 3099 interdum
596 3023 746 3129 quando
768 3023 821 3100 eis
837 3023 1024 3129 rumpitur
1042 3039 1214 3128 tempore
1232 3051 1308 3132 quo
1326 3041 1427 3100 arant
1447 3051 1533 3098 cum
1549 3021 1683 3101 bobus.
1702 3023 1801 3116 Quas

384 3153 540 3258 quidem
558 3153 729 3232 cordulae
738 3153 877 3232 debent
891 3171 1039 3259 portare
1048 3153 1329 3259 omnitempore
1343 3181 1454 3260 supra
1464 3151 1702 3242 camisias,ad
1714 3152 1811 3232 desi·

383 3283 571 3388 gnandam
586 3285 789 3362 castitatem
801 3313 915 3390 quern
930 3313 969 3362 se
985 3302 1193 3363 servaturos
1206 3285 1246 3362 in
1258 3283 1426 3390 ingressu
1443 3283 1501 3363 sui
1515 3281 1659 3360 ordinis
1674 3287 1810 3388 promi-

383 3431 521 3490 serunt.
539 3415 690 3524 Negavit
707 3432 834 3494 tamen
851 3432 888 3492 et
908 3414 1123 3492 disteden
1144 3414 1256 3502 scire,
1281 3432 1319 3492 et
1338 3413 1385 3491 de
1409 3412 1490 3490 aliis
1511 3411 1687 3490 fratribus
1707 3412 1809 3490 idem

383 3543 517 3631 credit,
538 3546 745 3650 quodcum
766 3545 873 3622 dictis
890 3543 1056 3624 cordulis
1074 3543 1178 3622 nulla
1192 3543 1302 3652 ydola
1321 3559 1521 3650 tanguntur
1530 3570 1600 3620 nec
1610 3543 1809 3647 cinguntur

383 3671 537 3751 eisdem.
555 3674 710 3753 Addidit
724 3677 841 3754 eciam
860 3676 966 3781 quod
986 3675 1101 3754 dictae
1121 3673 1292 3754 cordulae
1311 3689 1462 3779 portant
1478 3672 1526 3750 ad
1541 3671 1644 3750 illam
1659 3699 1810 3751 mensu-

382 3831 462 3879 ram
485 3833 558 3912 que
582 3806 636 3884 eis
664 3805 802 3910 placet,
833 3805 920 3911 quia
946 3833 1135 3913 nunquam
1161 3805 1215 3882 eis
1240 3805 1446 3912 precipitur
1469 3802 1573 3910 quod
1595 3802 1643 3879 ad
1670 3821 1806 3882 certarn

279 3919 297 3940 ⁸
381 3931 658 4038 longitudinem
678 3935 776 4041 ipsas
795 3951 956 4040 portent.

437 4063 497 4139 Ad
515 4063 753 4144 lxm-luxu
774 4064 949 4142 articulos
961 4063 1154 4155 inclusive,
1178 4065 1376 4174 diligenter
1395 4082 1432 4142 et
1448 4065 1637 4172 sigillatim
1649 4067 1807 4143 interro-

381 4207 503 4296 gatus,
523 4194 756 4300 respondens
770 4195 917 4304 negavit
928 4195 1028 4300 ipsos
1043 4195 1219 4274 articulos
1236 4213 1273 4273 et
1287 4195 1413 4273 omnia
1430 4213 1468 4272 et
1479 4194 1623 4302 singula
1636 4212 1806 4276 contenta

382 4320 421 4396 in
442 4317 514 4412 eis,
540 4343 692 4430 excepto
716 4326 821 4431 quod
842 4325 1032 4403 confessus
1059 4343 1115 4403 est
1133 4325 1238 4433 quod
1253 4327 1412 4404 modum
1431 4326 1662 4432 recepcionis
1681 4354 1748 4404 sue
1768 4325 1806 4402 in

379 4450 531 4530 fratrem
548 4453 637 4531 dicti
653 4454 794 4533 ordinis
809 4483 885 4534 non
898 4455 1038 4534 debent
1049 4454 1156 4532 alicui
1172 4454 1352 4545 revelare,
1365 4481 1434 4532 nec
1448 4455 1496 4532 de
1513 4483 1555 4532 ea
1571 4454 1677 4562 loqui
1688 4454 1804 4532 eciam

381 4613 466 4660 cum
477 4582 559 4660 aliis
568 4585 744 4664 fratribus
757 4587 822 4694 qui
840 4615 916 4664 non
925 4586 1177 4664 interfuerunt
1185 4587 1254 4694 ipsi
1268 4585 1491 4693 recepcioni,
1505 4615 1576 4664 nec
1589 4587 1637 4664 de
1648 4584 1804 4692 hiisque

378 4731 537 4822 agimtur
554 4717 593 4793 in
610 4745 741 4795 eorum
757 4717 939 4822 capitulis.
960 4719 1008 4794 Et
1026 4718 1092 4823 qui
1107 4717 1335 4796 contrarium
1356 4716 1509 4805 laceret,
1528 4715 1688 4796 debebat
1704 4712 1805 4792 ordi-

379 4875 466 4924 nem
481 4849 655 4953 perdere,
674 4848 761 4928 licet
774 4849 899 4926 omnia
914 4866 951 4926 at
966 4849 1109 4955 singula
1125 4877 1199 4955 que
1220 4845 1414 4926 retrofacta
1431 4845 1582 4924 luerunt
1602 4862 1639 4924 et
1654 4846 1751 4923 dicta
1766 4843 1804 4920 in
