4202 5876
434 567 508 640 scu
687 507 690 514 ¹
821 548 1468 641 ruocnsocsrntrrmnus.

431 737 470 786 se
490 709 588 814 ipso,
607 726 643 786 et
664 725 705 785 ut
722 707 827 785 testis
850 709 897 786 de
918 710 1014 800 aliis,
1034 710 1233 817 diligenter
1252 727 1290 788 et
1308 710 1496 818 sigillatim
1515 711 1785 820 interrogatus,
1801 743 1854 790 re·

430 838 620 944 spondens
633 839 680 914 ad
694 839 874 944 primum,
888 866 1052 917 rt-xxrx
1068 841 1241 919 articulos
1258 840 1449 931 inclusive,
1462 841 1661 950 diligenter
1677 860 1714 918 et
1724 843 1855 950 sigilla-

430 970 498 1044 tim
515 970 783 1076 interrogatus,
804 972 948 1076 negavit
967 972 1067 1076 ipsos
1087 970 1262 1048 articulos
1283 989 1320 1048 et
1333 972 1459 1048 omnia
1473 988 1510 1048 et
1525 971 1669 1080 singula
1686 990 1856 1052 contenta

430 1099 470 1174 iu
491 1102 560 1190 eis,
589 1100 729 1178 addens
752 1101 859 1208 quod
880 1119 956 1178 tam
985 1105 1064 1207 ipse
1092 1127 1206 1210 quam
1227 1103 1341 1178 ceteri
1357 1104 1489 1181 fratres
1510 1096 1681 1211 ejusdem
1698 1104 1854 1194 ordinis,

430 1250 543 1335 prout
557 1233 636 1338 ipse
656 1233 724 1308 scit
744 1233 791 1308 de
806 1261 845 1308 se
866 1249 903 1308 et
924 1231 971 1309 de
987 1233 1068 1310 aliis
1086 1233 1262 1312 fratribus
1278 1234 1380 1311 idem
1398 1235 1534 1323 credit,
1552 1234 1694 1312 hahent
1712 1234 1855 1312 firmam

429 1361 604 1439 fiduciam
625 1379 662 1438 et
680 1391 783 1468 spem
808 1363 936 1441 solutis
955 1393 1022 1442 sue
1044 1366 1083 1440 in
1103 1366 1341 1442 sacramentis
1359 1364 1540 1450 Ecclesie,
1563 1363 1659 1441 sicut
1678 1383 1803 1444 sancta
1822 1385 1856 1443 et

430 1491 645 1568 universalis
669 1510 788 1568 mater
809 1494 971 1570 Ecclesia
993 1495 1073 1598 ipsa
1092 1493 1203 1570 nobis
1220 1492 1398 1570 fidelibus
1417 1495 1628 1570 veneranda
1646 1495 1802 1572 tradidit
1821 1513 1857 1572 et

429 1620 619 1698 servanda.

485 1749 543 1827 Ad
561 1779 797 1829 xxx—-xxxrrr
816 1753 990 1829 articulos
1009 1752 1202 1842 inclusive,
1217 1754 1417 1860 diligenter
1434 1771 1471 1830 et
1488 1755 1677 1862 sigillatim
1698 1757 1855 1834 interro·

428 1898 549 1987 gatus,
572 1882 805 1987 respondens
815 1883 963 1988 negavit
982 1883 1082 1989 ipsos
1095 1884 1269 1961 articulos
1282 1902 1321 1962 et
1333 1886 1460 1961 omnia
1476 1901 1513 1963 et
1527 1885 1671 1992 singula
1686 1904 1855 1963 contenta

428 2012 467 2087 in
485 2011 553 2102 eis,
571 2030 723 2117 excepto
741 2012 868 2091 osculo
890 2013 965 2090 oris
983 2030 1130 2090 tautum
1144 2043 1221 2120 quo
1236 2029 1395 2093 utuntur
1414 2015 1451 2090 in
1471 2014 1626 2091 fratrum
1641 2017 1854 2121 receptione

428 2159 501 2218 tam
524 2143 710 2248 recipiens
724 2171 837 2248 quam
857 2145 1009 2250 recepti.

483 2271 540 2348 Ad
562 2299 861 2354 xxxtut--xxxvu
876 2275 1052 2352 articulos
1061 2274 1261 2362 inclusive,
1280 2275 1479 2381 diligenter
1489 2293 1525 2354 et
1543 2275 1731 2383 sigillatim
1749 2277 1854 2352 inter-

429 2420 595 2509 rogatus,
614 2403 851 2510 respondens
865 2404 957 2482 dixit
977 2422 1151 2483 contenta
1171 2405 1210 2482 in
1229 2405 1303 2482 illis
1321 2404 1540 2512 simpliciter
1559 2434 1643 2482 vera
1664 2425 1758 2482 esse.

483 2533 541 2608 Ad
561 2535 812 2614 xxxvur-lvu
832 2535 1207 2622 articulosinclusive,
1226 2536 1426 2641 diligenter
1447 2553 1484 2612 et
1499 2536 1686 2642 sigillatim
1699 2537 1854 2614 interm-

427 2681 547 2766 gatus,
577 2665 725 2770 negavit
744 2664 829 2740 illos
855 2667 1032 2740 articulos
1062 2685 1100 2739 et
1124 2685 1299 2740 contenta
1322 2651 1362 2738 in
1387 2668 1460 2742 illis
1487 2667 1714 2769 simpliciter,
1744 2683 1854 2772 prout

427 2813 573 2880 sonant,
595 2781 773 2899 tanquam
794 2786 977 2883 inaudita,
1006 2795 1192 2900 incognita
1213 2811 1249 2870 et
1271 2795 1396 2902 ignota
1416 2795 1454 2868 in
1476 2793 1609 2870 ordine
1631 2791 1778 2898 Templi
1797 2791 1852 2868 vel

430 2926 464 2999 in
481 2925 604 3031 aliqua
621 2941 726 3030 parte
744 2925 840 3031 ejus,
863 2942 975 3032 prout
992 2925 1110 3002 credit
1130 2925 1176 3002 de
1198 2925 1375 3012 omnibus
1390 2924 1583 3012 fratribus,
1607 2940 1643 2999 et
1659 2924 1728 3001 scit
1742 2940 1780 2999 et
1799 2952 1853 2998 as·

428 3056 521 3130 serit
539 3055 585 3131 de
606 3083 643 3131 se
665 3057 758 3160 ipso.
911 3153 916 3163 Ι

483 3184 541 3260 Ad
561 3184 805 3263 lv111--lxxxu
825 3186 1001 3262 articulos
1020 3179 1210 3275 inclusive,
1229 3185 1430 3294 diligenter
1445 3201 1482 3261 et
1497 3184 1686 3292 sigillatim
1697 3183 1853 3260 interro·

425 3333 547 3419 gatus,
565 3315 795 3420 respondens
806 3316 952 3424 negavit
968 3316 1069 3420 ipsos
1084 3314 1258 3394 articulos
1278 3333 1315 3392 et
1330 3317 1455 3393 omnia
1470 3332 1508 3391 et
1521 3313 1667 3422 singula
1682 3330 1852 3391 contenta

426 3446 463 3521 in
482 3447 535 3522 cis
555 3448 752 3534 vera'esse,
775 3463 928 3552 excepto
948 3447 1054 3552 quod
1075 3447 1144 3523 soit
1159 3464 1195 3523 et
1208 3446 1443 3553 creditquod
1460 3445 1590 3522 fratres
1607 3445 1694 3521 dicti
1710 3444 1852 3522 ordinis

428 3593 574 3680 portant
594 3577 765 3654 cordulas
777 3577 975 3682 quasdam,
999 3576 1138 3683 quibus
1159 3579 1260 3654 omni
1280 3593 1450 3683 tempore
1463 3605 1573 3681 supra
1587 3576 1754 3652 camisias
1767 3591 1851 3651 sunt

425 3707 602 3810 precincti
632 3707 671 3783 in
703 3708 849 3813 siguum
878 3705 1082 3784 honestatis
1107 3725 1145 3785 et
1169 3707 1341 3795 castitatis
1360 3705 1541 3813 promisse
1563 3735 1584 3782 a
1606 3733 1661 3793 se,
1683 3722 1851 3811 tempore

425 3864 491 3911 sue
516 3837 744 3942 renepcionis
771 3837 863 3914 lacte
885 3836 1024 3914 abillis
1044 3838 1326 3944 preceptoribus
1346 3839 1410 3943 qui
1433 3865 1497 3914 eos
1516 3836 1702 3940 recipiunt
1721 3836 1770 3910 ad
1789 3861 1850 3911 or-

359 4015 361 4020 ·
428 3966 555 4041 dinem
571 3968 839 4072 supradictum.

482 4098 583 4173 Dixit
600 4125 752 4201 quoque
773 4095 979 4200 quodcum
1002 4093 1109 4170 dictis
1131 4093 1298 4171 cordulis
1319 4121 1388 4168 neo
1408 4093 1527 4196 capita
1547 4117 1617 4166 nec
1633 4087 1748 4195 ydola
1770 4104 1848 4162 tan-

426 4241 566 4332 guntur
585 4252 655 4302 nec
673 4239 766 4302 tacta
780 4223 936 4301 luerunt
949 4253 971 4299 a
983 4253 1021 4301 se
1037 4253 1105 4300 nec
1118 4223 1164 4301 ab
1180 4223 1307 4331 aliquo
1328 4222 1440 4298 fratre
1457 4221 1545 4298 dicti
1560 4215 1719 4306 ordinis,
1738 4234 1849 4324 prout

427 4353 560 4442 credit,
582 4383 651 4430 nec
670 4355 738 4432 scit
757 4355 850 4461 quid
869 4355 917 4432 sit
936 4355 1107 4461 ydolum,
1129 4385 1197 4432 nec
1212 4356 1251 4431 in
1273 4354 1373 4431 dicto
1394 4351 1526 4430 ordine
1543 4376 1772 4455 aquoquam
1787 4377 1847 4422 au·
1902 4442 1911 4472 Ι

426 4484 516 4559 divit
542 4513 708 4591 unquam
734 4485 815 4561 steri
846 4485 1087 4562 mentionem.
1110 4484 1283 4562 Adiciens
1305 4483 1408 4590 quod
1429 4509 1498 4588 pro
1517 4479 1623 4558 libito
1652 4477 1847 4556 voluntatis

427 4615 541 4692 dictas
561 4613 731 4692 cordulae
750 4616 950 4722 portandas
974 4641 1121 4721 semper
1140 4615 1326 4721 rccipiunt
1346 4614 1393 4690 de
1412 4611 1479 4689 filo
1504 4611 1622 4698 lineo,
1645 4610 1692 4688 de
1711 4635 1845 4712 canape

426 4747 482 4824 vel
504 4747 551 4822 de
565 4747 664 4834 lana,
681 4775 758 4824 non
775 4748 823 4824 ad
838 4765 975 4824 certam
995 4775 1207 4824 mensuram
1227 4747 1265 4822 in
1282 4743 1557 4852 longitudinem
1576 4769 1646 4817 nec
1663 4740 1736 4817 alio
1756 4764 1850 4844 quo-

427 4879 477 4956 vis
491 4877 617 4968 modo,
634 4877 702 4956 sed
715 4877 810 4956 sicut
824 4879 959 4984 cuique
971 4906 1101 4955 eorum
1119 4877 1235 4984 magis
1249 4875 1386 4982 placet3
1404 4891 1537 4952 etcum
1551 4901 1612 4950 eas
1627 4871 1753 4976 rumpi
1768 4897 1849 4946 con·
