4208 5886
397 530 473 616 rso
775 505 972 608 esoces
1003 524 1098 596 uns
1131 523 1437 604 Taurumue.

397 667 602 753 dienciam‘,
624 667 745 751 rivere
766 667 846 746 sine
867 665 1037 772 proprio,
1059 691 1202 746 servam
1217 664 1339 746 bonos
1355 691 1448 746 usus
1467 680 1506 740 et
1521 661 1640 742 boues
1659 691 1817 746 consue·

394 797 549 878 tudinee
566 795 729 886 ordinis,
752 824 829 875 non
849 795 1012 875 revelare
1033 811 1174 876 secretu
1193 793 1456 900 capitoliorum
1475 810 1513 874 et
1531 821 1610 875 uon
1628 794 1818 878 dimittere

396 926 540 1006 dimum
558 926 732 1009 ordinem
752 955 822 1033 pso
843 926 970 1033 abque
988 924 1080 1016 alio;
1104 942 1142 1002 et
1161 926 1341 1032 imposito
1359 924 1429 1005 sibi
1447 923 1639 1016 mantello,
1660 926 1741 1032 ipse
1760 953 1819 1006 re-

395 1076 525 1163 ceptor
540 1073 578 1136 et
597 1073 758 1141 astantes
777 1055 932 1143 suerum
951 1083 1041 1134 oum
1061 1053 1216 1134 osculati
1239 1055 1279 1134 in
1298 1082 1384 1146 ore,
1407 1071 1446 1131 et
1462 1055 1541 1161 ipse
1557 1054 1662 1137 testis
1674 1054 1746 1139 fuit
1762 1084 1819 1138 os

396 1188 543 1266 culatus
561 1188 684 1292 ipsum
706 1203 842 1269 testem
861 1187 901 1262 in
922 1185 1101 1274 bermero,
1123 1213 1167 1264 ex
1190 1201 1295 1291 parte
1320 1185 1516 1276 saunari,
1544 1213 1660 1292 super
1682 1203 1813 1268 vestae.

396 1317 642 1395 Postmodum
664 1316 787 1394 dictus
808 1315 921 1394 frater
938 1318 1144 1394 Bcrrardus
1161 1315 1273 1392 traxit
1291 1315 1416 1420 ipsum
1430 1332 1568 1394 testem
1589 1333 1690 1396 retm
1706 1318 1818 1398 corti-

397 1475 462 1526 nas
481 1449 621 1538 altaris,
649 1465 686 1524 et
710 1447 803 1524 dixit
824 1447 879 1539 ei,
899 1446 951 1526 ita
970 1444 1154 1526 submisse
1173 1445 1280 1552 quod
1305 1444 1369 1522 alii
1391 1444 1432 1522 in
1455 1444 1598 1552 capella
1617 1447 1817 1528 existentes

395 1607 472 1656 non
498 1595 671 1682 poterant
690 1576 842 1665 audire,
864 1575 970 1683 quod
989 1575 1068 1681 ipse
1084 1574 1191 1656 testis
1210 1573 1375 1655 debebat
1391 1591 1450 1652 tar
1468 1603 1603 1681 spuere
1622 1605 1735 1682 super
1746 1595 1818 1656 ter·

395 1737 474 1786 ram
487 1727 525 1786 et
538 1727 595 1786 ter
611 1708 793 1814 abnegare
810 1706 989 1796 lbesume
1009 1723 1144 1784 etcum
1161 1707 1195 1782 ci
1211 1705 1439 1812 precepisset
1455 1705 1561 1812 quod
1575 1707 1649 1787 hoc
1660 1707 1814 1800 feceret,

395 1840 474 1944 ipse
497 1840 601 1916 tostis
625 1837 727 1944 spuit
748 1853 821 1926 ter,
841 1852 879 1913 et
901 1851 960 1913 ter
977 1837 1134 1920 theson
1159 1836 1354 1944 abnegavit
1378 1863 1461 1925 ore,
1486 1863 1564 1916 nou
1584 1839 1714 1926 corde,
1736 1867 1816 1918 cre-

395 1969 489 2045 dens
515 1967 618 2074 quod
646 1966 707 2043 alii
738 1965 868 2052 fratres
893 1965 1038 2043 ordinis
1066 1965 1319 2042 communiter
1348 1982 1386 2041 ct
1417 1965 1561 2072 ubique
1586 1965 1691 2048 idem
1718 1966 1814 2048 lace-

394 2115 497 2186 rante
516 2097 584 2176 sed
603 2097 675 2176 alia
694 2095 822 2174 illicite
842 2123 920 2173 non
938 2095 1225 2173 intervenerunt
1243 2095 1283 2172 in
1303 2093 1401 2173 dicta
1418 2122 1484 2172 sua
1503 2097 1723 2202 reeepcioue
1746 2126 1814 2176 nec

395 2243 489 2330 post.
509 2227 620 2314 ltem,
643 2225 736 2304 dixit
753 2223 859 2331 quod
877 2225 957 2332 ipse
971 2224 1070 2304 bene
1090 2224 1268 2304 credebat
1284 2223 1542 2304 ecclesiasticis
1556 2227 1812 2318 sacrmentis,

395 2357 552 2434 credens
577 2355 683 2462 quod
710 2354 772 2430 alii
790 2354 922 2432 fratres
943 2353 1088 2432 ordinis
1107 2353 1243 2431 codem
1268 2351 1386 2432 modo
1411 2354 1624 2442 crederent,
1650 2373 1687 2434 et
1709 2357 1814 2462 qrrcd

394 2514 526 2564 eorum
543 2484 754 2564 sacerdotes
768 2483 896 2561 debite
911 2483 1156 2561 celebrarent.
1175 2482 1416 2562 Clandestine
1430 2483 1720 2590 recipiebantur,
1735 2485 1815 2564 nul·

392 2618 438 2696 lis
457 2615 698 2723 presentibus
710 2613 781 2692 nisi
801 2613 978 2710 fratribus
995 2613 1155 2700 ordinis,
1177 2642 1221 2688 ex
1235 2641 1313 2719 quo
1329 2613 1453 2694 credit
1463 2613 1568 2720 quod
1584 2631 1683 2692 esset
1695 2615 1815 2721 suspi-

392 2749 449 2827 cio
471 2763 599 2825 contra
617 2772 693 2834 eos.
708 2743 887 2824 Cordulis
903 2744 1006 2822 unde
1025 2743 1201 2824 volebant
1217 2743 1424 2850 assumptis
1439 2742 1685 2850 cingebantur
1700 2771 1815 2850 super

392 2878 559 2954 camisias
584 2903 671 2956 cum
691 2875 830 2982 quibus
848 2873 1034 2984 jacebant.
1055 2873 1131 2970 Qui
1149 2873 1376 2952 revelassent
1390 2887 1533 2952 secreta
1547 2872 1813 2978 capitoliorum

392 3009 508 3086 eciam
522 3005 698 3086 fratribus
720 3005 866 3083 ordinis
882 3005 948 3112 qui
966 3033 1043 3085 nou
1064 3002 1261 3082 adsuerant
1274 3004 1314 3083 in
1330 3003 1491 3092 eisdem,
1511 3003 1670 3084 domurn
1687 3003 1814 3109 perdi·
1951 3047 1956 3056 ·

391 3138 545 3214 dissent.
569 3138 717 3214 Fratres
739 3136 883 3214 ordinis
901 3137 1043 3244 quibus
1061 3136 1180 3214 credit
1201 3151 1308 3216 nous
1327 3134 1442 3216 fuisse
1463 3131 1756 3242 abnegacionem
1776 3152 1814 3212 ct
1949 3129 1955 3140 ’

391 3267 621 3372 spuicionem
643 3265 830 3372 predictas
848 3266 1003 3345 lucrum
1022 3265 1271 3374 negligentes,
1285 3267 1374 3372 quia
1390 3293 1468 3346 nou
1484 3281 1728 3344 correxerunt
1744 3293 1813 3344 nec

391 3395 713 3477 denunciaverunt
735 3395 912 3475 Ecclesia.
934 3395 1168 3476 Elemosinas
1193 3413 1230 3474 ct
1251 3395 1546 3501 hospitalitatem
1568 3423 1613 3475 ex
1635 3413 1813 3502 precepto

389 3528 628 3634 superiorum
656 3526 801 3604 ordinis
824 3525 918 3606 vidit
943 3527 1209 3609 convenienter
1233 3525 1317 3604 lieri
1345 3543 1384 3604 et
1408 3526 1543 3606 servari
1571 3525 1610 3605 in
1635 3525 1814 3606 domibus

389 3657 533 3736 ordinis
552 3658 591 3735 in
611 3657 750 3764 quibus
770 3658 891 3736 extitit
911 3675 1179 3748 commorante,
1198 3673 1237 3744 et
1256 3655 1547 3737 deffendebatur
1564 3656 1620 3734 eis
1637 3683 1684 3734 ne
1705 3657 1813 3736 inde·

388 3788 466 3867 bite
480 3788 718 3896 acquirerent
731 3787 869 3866 ordini.
883 3787 1070 3894 Capitulis
1089 3787 1277 3896 generalia
1296 3787 1391 3866 vidit
1402 3787 1451 3866 de
1467 3785 1529 3866 die
1546 3786 1681 3880 teneri,
1697 3785 1813 3866 nullis

388 3917 627 4024 presentibus
641 3917 714 3994 nisi
728 3916 906 4021 fratribus
921 3917 1082 4009 ordinis,
1093 3917 1229 4024 januis.
1247 3915 1394 3996 clausis.
1412 3916 1594 3996 Ordinato
1611 3944 1680 4023 pcr
1697 3918 1812 4026 Magi·

389 4067 510 4125 strum
523 4076 611 4124 cum
626 4063 1011 4126 conventuservasset
1023 4047 1252 4138 totusorde,
1269 4065 1398 4128 contra
1411 4074 1529 4153 quem
1545 4049 1812 4157 nuncgrandia

388 4175 577 4269 scandala,
605 4176 767 4283 suspicio
794 4193 834 4254 et
858 4175 1010 4256 infamia
1033 4195 1123 4256 sunt
1146 4195 1292 4268 exona,
1318 4196 1358 4256 et
1382 4177 1503 4259 credit
1526 4177 1631 4286 quod
1654 4206 1812 4286 maguus

389 4308 563 4416 Magister
587 4306 711 4424 etalii
737 4308 875 4386 dictam
898 4305 1191 4416 abnegacionem
1219 4326 1259 4386 et
1281 4309 1515 4416 spuicionem
1543 4309 1620 4386 sint
1638 4307 1809 4389 confessi.

285 4511 288 4518 .
389 4439 472 4514 Nou
488 4436 678 4515 obtulerat
695 4438 800 4529 seed
818 4436 1092 4518 deffensionem
1111 4436 1271 4530 ordinis,
1293 4465 1363 4516 nec
1381 4439 1502 4519 fuerat
1519 4437 1618 4545 ultra
1637 4465 1751 4516 mare.

445 4567 714 4675 Requisitussi
746 4569 800 4648 sic
834 4569 1061 4675 deposuerat
1090 4596 1219 4675 prece,
1253 4583 1447 4675 precept0,
1475 4567 1630 4658 timore,
1662 4595 1808 4656 eruore,

386 4699 495 4786 odio,
518 4697 577 4776 vel
590 4699 790 4806 temporali
824 4700 986 4778 comodo
1010 4699 1142 4777 babitu
1169 4687 1239 4776 rel¹
1258 4698 1452 4788 babendo,
1483 4697 1679 4804 respondit
1703 4698 1810 4805 quod

385 4859 484 4920 non,
508 4830 576 4908 sed
607 4832 848 4937 proteritate
874 4830 1050 4922 dicenda;
1069 4829 1130 4909 cui
1149 4828 1221 4910 suit
1244 4829 1459 4938 injunctum
1487 4829 1593 4936 quod
1612 4857 1690 4908 non
1706 4857 1810 4908 reve-
