<?xml version="1.0" encoding="UTF-8"?>
<!DOCTYPE html PUBLIC "-//W3C//DTD XHTML 1.0 Transitional//EN"
    "http://www.w3.org/TR/xhtml1/DTD/xhtml1-transitional.dtd">
<html xmlns="http://www.w3.org/1999/xhtml" xml:lang="en" lang="en">
 <head>
  <title>
</title>
<meta http-equiv="Content-Type" content="text/html;charset=utf-8" />
  <meta name='ocr-system' content='tesseract 3.04.00' />
  <meta name='ocr-capabilities' content='ocr_page ocr_carea ocr_par ocr_line ocrx_word'/>
</head>
<body>
  <div class='ocr_page' id='page_1' title='image "./procsdestemplie03defegoog/procsdestemplie03defegoog_0448.png"; bbox 0 0 4210 5882; ppageno 0'>
   <div class='ocr_carea' id='block_1_1' title="bbox 421 539 1455 634">
    <p class='ocr_par' dir='ltr' id='par_1_1' title="bbox 421 539 1455 634">
     <span class='ocr_line' id='line_1_1' title="bbox 421 539 1455 634; baseline -0.003 -1"><span class='ocrx_word' id='word_1_1' title='bbox 421 559 496 633; x_wconf 80' lang='lat' dir='ltr'>aaa</span> <span class='ocrx_word' id='word_1_2' title='bbox 808 539 1006 633; x_wconf 76' lang='lat' dir='ltr'>raucas</span> <span class='ocrx_word' id='word_1_3' title='bbox 1032 557 1127 630; x_wconf 84' lang='lat' dir='ltr'>ons</span> <span class='ocrx_word' id='word_1_4' title='bbox 1154 559 1455 634; x_wconf 80' lang='lat' dir='ltr'>rnurnmns</span> 
     </span>
    </p>
   </div>
   <div class='ocr_carea' id='block_1_2' title="bbox 390 698 1845 4979">
    <p class='ocr_par' dir='ltr' id='par_1_2' title="bbox 390 698 1842 807">
     <span class='ocr_line' id='line_1_2' title="bbox 390 698 1842 807; baseline -0.001 -29"><span class='ocrx_word' id='word_1_5' title='bbox 390 753 394 762; x_wconf 69' lang='grc'><strong>«</strong></span> <span class='ocrx_word' id='word_1_6' title='bbox 476 699 610 778; x_wconf 75' lang='lat' dir='ltr'>(litavit</span> <span class='ocrx_word' id='word_1_7' title='bbox 627 699 782 805; x_wconf 83' lang='lat' dir='ltr'>insuper</span> <span class='ocrx_word' id='word_1_8' title='bbox 795 699 899 776; x_wconf 90' lang='lat' dir='ltr'>idem</span> <span class='ocrx_word' id='word_1_9' title='bbox 919 698 1086 776; x_wconf 89' lang='lat' dir='ltr'>officialis</span> <span class='ocrx_word' id='word_1_10' title='bbox 1100 699 1318 776; x_wconf 85' lang='lat' dir='ltr'>auctoritate</span> <span class='ocrx_word' id='word_1_11' title='bbox 1331 699 1498 807; x_wconf 89' lang='lat' dir='ltr'>predicta</span> <span class='ocrx_word' id='word_1_12' title='bbox 1516 698 1668 775; x_wconf 79' lang='lat' dir='ltr'>fratrem</span> <span class='ocrx_word' id='word_1_13' title='bbox 1682 700 1842 777; x_wconf 82' lang='lat' dir='ltr'>Bartho-</span> 
     </span>
    </p>

    <p class='ocr_par' dir='ltr' id='par_1_3' title="bbox 411 827 1845 3282">
     <span class='ocr_line' id='line_1_3' title="bbox 419 827 1840 936; baseline 0.002 -32"><span class='ocrx_word' id='word_1_14' title='bbox 419 829 586 909; x_wconf 90' lang='lat' dir='ltr'>lomeum</span> <span class='ocrx_word' id='word_1_15' title='bbox 607 827 699 935; x_wconf 72' lang='lat' dir='ltr'>[det]</span> <span class='ocrx_word' id='word_1_16' title='bbox 719 830 831 906; x_wconf 86' lang='lat' dir='ltr'>Turri</span> <span class='ocrx_word' id='word_1_17' title='bbox 848 828 1108 936; x_wconf 78' lang='lat' dir='ltr'>presbyterum</span> <span class='ocrx_word' id='word_1_18' title='bbox 1132 857 1199 906; x_wconf 91' lang='lat' dir='ltr'>seu</span> <span class='ocrx_word' id='word_1_19' title='bbox 1223 828 1455 935; x_wconf 84' lang='lat' dir='ltr'>capellanum</span> <span class='ocrx_word' id='word_1_20' title='bbox 1483 827 1573 904; x_wconf 93' lang='lat' dir='ltr'>dicti</span> <span class='ocrx_word' id='word_1_21' title='bbox 1594 827 1761 933; x_wconf 83' lang='lat' dir='ltr'>Templi,</span> <span class='ocrx_word' id='word_1_22' title='bbox 1783 847 1840 919; x_wconf 90' lang='lat' dir='ltr'>ut,</span> 
     </span>
     <span class='ocr_line' id='line_1_4' title="bbox 417 958 1845 1064; baseline 0.001 -29"><span class='ocrx_word' id='word_1_23' title='bbox 417 959 661 1038; x_wconf 85' lang='lat' dir='ltr'>incontinenti</span> <span class='ocrx_word' id='word_1_24' title='bbox 680 958 772 1036; x_wconf 80' lang='lat' dir='ltr'>lacta</span> <span class='ocrx_word' id='word_1_25' title='bbox 792 959 989 1048; x_wconf 88' lang='lat' dir='ltr'>citacione‚</span> <span class='ocrx_word' id='word_1_26' title='bbox 1007 977 1239 1064; x_wconf 87' lang='lat' dir='ltr'>compareret</span> <span class='ocrx_word' id='word_1_27' title='bbox 1257 959 1502 1064; x_wconf 82' lang='lat' dir='ltr'>personaliter</span> <span class='ocrx_word' id='word_1_28' title='bbox 1522 985 1647 1035; x_wconf 90' lang='lat' dir='ltr'>coram</span> <span class='ocrx_word' id='word_1_29' title='bbox 1664 958 1764 1036; x_wconf 89' lang='lat' dir='ltr'>dicto</span> <span class='ocrx_word' id='word_1_30' title='bbox 1783 959 1845 1036; x_wconf 83' lang='lat' dir='ltr'>do</span> 
     </span>
     <span class='ocr_line' id='line_1_5' title="bbox 419 1087 1841 1196; baseline -0.001 -30"><span class='ocrx_word' id='word_1_31' title='bbox 419 1091 525 1167; x_wconf 92' lang='lat' dir='ltr'>mino</span> <span class='ocrx_word' id='word_1_32' title='bbox 537 1088 744 1196; x_wconf 74' lang='lat' dir='ltr'>[episcopal]</span> <span class='ocrx_word' id='word_1_33' title='bbox 756 1090 909 1167; x_wconf 89' lang='lat' dir='ltr'>etdictis</span> <span class='ocrx_word' id='word_1_34' title='bbox 928 1089 1015 1166; x_wconf 89' lang='lat' dir='ltr'>viris</span> <span class='ocrx_word' id='word_1_35' title='bbox 1026 1089 1192 1194; x_wconf 91' lang='lat' dir='ltr'>providis</span> <span class='ocrx_word' id='word_1_36' title='bbox 1203 1089 1274 1167; x_wconf 92' lang='lat' dir='ltr'>sibi</span> <span class='ocrx_word' id='word_1_37' title='bbox 1288 1089 1492 1178; x_wconf 88' lang='lat' dir='ltr'>associatis,</span> <span class='ocrx_word' id='word_1_38' title='bbox 1507 1089 1607 1195; x_wconf 90' lang='lat' dir='ltr'>apud</span> <span class='ocrx_word' id='word_1_39' title='bbox 1617 1087 1785 1177; x_wconf 75' lang='lat' dir='ltr'>Taulara,</span> <span class='ocrx_word' id='word_1_40' title='bbox 1803 1091 1841 1164; x_wconf 91' lang='lat' dir='ltr'>in</span> 
     </span>
     <span class='ocr_line' id='line_1_6' title="bbox 421 1217 1839 1326; baseline -0.001 -30"><span class='ocrx_word' id='word_1_41' title='bbox 421 1220 535 1298; x_wconf 93' lang='lat' dir='ltr'>domo</span> <span class='ocrx_word' id='word_1_42' title='bbox 549 1220 782 1325; x_wconf 84' lang='lat' dir='ltr'>prepositure</span> <span class='ocrx_word' id='word_1_43' title='bbox 799 1217 968 1326; x_wconf 86' lang='lat' dir='ltr'>ejusdem</span> <span class='ocrx_word' id='word_1_44' title='bbox 982 1219 1089 1296; x_wconf 84' lang='lat' dir='ltr'>castri</span> <span class='ocrx_word' id='word_1_45' title='bbox 1108 1218 1156 1296; x_wconf 88' lang='lat' dir='ltr'>de</span> <span class='ocrx_word' id='word_1_46' title='bbox 1169 1217 1349 1297; x_wconf 89' lang='lat' dir='ltr'>Trulhars</span> <span class='ocrx_word' id='word_1_47' title='bbox 1363 1220 1411 1296; x_wconf 90' lang='lat' dir='ltr'>ad</span> <span class='ocrx_word' id='word_1_48' title='bbox 1426 1219 1626 1296; x_wconf 86' lang='lat' dir='ltr'>Elnensem</span> <span class='ocrx_word' id='word_1_49' title='bbox 1646 1219 1839 1298; x_wconf 87' lang='lat' dir='ltr'>ecclesiam</span> 
     </span>
     <span class='ocr_line' id='line_1_7' title="bbox 419 1349 1842 1455; baseline 0.001 -29"><span class='ocrx_word' id='word_1_50' title='bbox 419 1349 651 1454; x_wconf 91' lang='lat' dir='ltr'>pertinentis.</span> <span class='ocrx_word' id='word_1_51' title='bbox 663 1350 737 1444; x_wconf 92' lang='lat' dir='ltr'>Qui</span> <span class='ocrx_word' id='word_1_52' title='bbox 751 1349 908 1455; x_wconf 84' lang='lat' dir='ltr'>quidem</span> <span class='ocrx_word' id='word_1_53' title='bbox 928 1349 1040 1426; x_wconf 85' lang='lat' dir='ltr'>frater</span> <span class='ocrx_word' id='word_1_54' title='bbox 1054 1349 1344 1450; x_wconf 79' lang='lat' dir='ltr'>Bartholomeus</span> <span class='ocrx_word' id='word_1_55' title='bbox 1354 1349 1483 1428; x_wconf 82' lang='lat' dir='ltr'>volens</span> <span class='ocrx_word' id='word_1_56' title='bbox 1499 1377 1629 1455; x_wconf 89' lang='lat' dir='ltr'>parere</span> <span class='ocrx_word' id='word_1_57' title='bbox 1647 1349 1746 1426; x_wconf 90' lang='lat' dir='ltr'>dicte</span> <span class='ocrx_word' id='word_1_58' title='bbox 1760 1350 1842 1428; x_wconf 91' lang='lat' dir='ltr'>cita·</span> 
     </span>
     <span class='ocr_line' id='line_1_8' title="bbox 419 1479 1839 1587; baseline 0 -32"><span class='ocrx_word' id='word_1_59' title='bbox 419 1480 518 1559; x_wconf 90' lang='lat' dir='ltr'>cioni</span> <span class='ocrx_word' id='word_1_60' title='bbox 544 1481 591 1557; x_wconf 90' lang='lat' dir='ltr'>de</span> <span class='ocrx_word' id='word_1_61' title='bbox 622 1509 661 1558; x_wconf 88' lang='lat' dir='ltr'>se</span> <span class='ocrx_word' id='word_1_62' title='bbox 690 1479 802 1568; x_wconf 85' lang='lat' dir='ltr'>facte,</span> <span class='ocrx_word' id='word_1_63' title='bbox 832 1479 1040 1585; x_wconf 88' lang='lat' dir='ltr'>comparuit</span> <span class='ocrx_word' id='word_1_64' title='bbox 1061 1480 1122 1556; x_wconf 87' lang='lat' dir='ltr'>die</span> <span class='ocrx_word' id='word_1_65' title='bbox 1142 1480 1307 1586; x_wconf 88' lang='lat' dir='ltr'>predicta</span> <span class='ocrx_word' id='word_1_66' title='bbox 1327 1479 1574 1587; x_wconf 87' lang='lat' dir='ltr'>personaliter</span> <span class='ocrx_word' id='word_1_67' title='bbox 1594 1507 1717 1558; x_wconf 88' lang='lat' dir='ltr'>coram</span> <span class='ocrx_word' id='word_1_68' title='bbox 1740 1480 1839 1557; x_wconf 89' lang='lat' dir='ltr'>dicto</span> 
     </span>
     <span class='ocr_line' id='line_1_9' title="bbox 419 1609 1841 1717; baseline 0 -32"><span class='ocrx_word' id='word_1_69' title='bbox 419 1609 575 1687; x_wconf 91' lang='lat' dir='ltr'>domino</span> <span class='ocrx_word' id='word_1_70' title='bbox 594 1610 769 1716; x_wconf 90' lang='lat' dir='ltr'>episcopo</span> <span class='ocrx_word' id='word_1_71' title='bbox 786 1627 823 1687; x_wconf 90' lang='lat' dir='ltr'>et</span> <span class='ocrx_word' id='word_1_72' title='bbox 841 1609 921 1686; x_wconf 89' lang='lat' dir='ltr'>aliis</span> <span class='ocrx_word' id='word_1_73' title='bbox 939 1639 1049 1716; x_wconf 88' lang='lat' dir='ltr'>supra</span> <span class='ocrx_word' id='word_1_74' title='bbox 1068 1611 1268 1688; x_wconf 91' lang='lat' dir='ltr'>nominatis</span> <span class='ocrx_word' id='word_1_75' title='bbox 1288 1610 1359 1688; x_wconf 91' lang='lat' dir='ltr'>sihi</span> <span class='ocrx_word' id='word_1_76' title='bbox 1377 1611 1579 1702; x_wconf 87' lang='lat' dir='ltr'>associatis,</span> <span class='ocrx_word' id='word_1_77' title='bbox 1598 1610 1636 1686; x_wconf 92' lang='lat' dir='ltr'>in</span> <span class='ocrx_word' id='word_1_78' title='bbox 1658 1610 1742 1686; x_wconf 94' lang='lat' dir='ltr'>loco</span> <span class='ocrx_word' id='word_1_79' title='bbox 1761 1638 1841 1717; x_wconf 93' lang='lat' dir='ltr'>pre·</span> 
     </span>
     <span class='ocr_line' id='line_1_10' title="bbox 418 1738 1840 1847; baseline 0.001 -32"><span class='ocrx_word' id='word_1_80' title='bbox 418 1738 519 1818; x_wconf 88' lang='lat' dir='ltr'>dicto</span> <span class='ocrx_word' id='word_1_81' title='bbox 540 1740 587 1818; x_wconf 91' lang='lat' dir='ltr'>de</span> <span class='ocrx_word' id='word_1_82' title='bbox 606 1741 806 1832; x_wconf 92' lang='lat' dir='ltr'>Trulhars,</span> <span class='ocrx_word' id='word_1_83' title='bbox 829 1757 867 1818; x_wconf 88' lang='lat' dir='ltr'>et</span> <span class='ocrx_word' id='word_1_84' title='bbox 889 1740 1051 1847; x_wconf 83' lang='lat' dir='ltr'>prestitit</span> <span class='ocrx_word' id='word_1_85' title='bbox 1075 1741 1123 1817; x_wconf 87' lang='lat' dir='ltr'>ad</span> <span class='ocrx_word' id='word_1_86' title='bbox 1144 1758 1268 1818; x_wconf 87' lang='lat' dir='ltr'>sancta</span> <span class='ocrx_word' id='word_1_87' title='bbox 1287 1741 1358 1819; x_wconf 89' lang='lat' dir='ltr'>Dei</span> <span class='ocrx_word' id='word_1_88' title='bbox 1378 1739 1578 1847; x_wconf 86' lang='lat' dir='ltr'>Evangelia</span> <span class='ocrx_word' id='word_1_89' title='bbox 1596 1739 1840 1847; x_wconf 88' lang='lat' dir='ltr'>corporaliter</span> 
     </span>
     <span class='ocr_line' id='line_1_11' title="bbox 411 1869 1838 1976; baseline -0.001 -30"><span class='ocrx_word' id='word_1_90' title='bbox 411 1870 671 1976; x_wconf 88' lang='lat' dir='ltr'>juramentum</span> <span class='ocrx_word' id='word_1_91' title='bbox 683 1899 796 1975; x_wconf 90' lang='lat' dir='ltr'>supcr</span> <span class='ocrx_word' id='word_1_92' title='bbox 814 1870 922 1948; x_wconf 88' lang='lat' dir='ltr'>dictis</span> <span class='ocrx_word' id='word_1_93' title='bbox 941 1872 1120 1962; x_wconf 90' lang='lat' dir='ltr'>articulis,</span> <span class='ocrx_word' id='word_1_94' title='bbox 1138 1887 1176 1948; x_wconf 93' lang='lat' dir='ltr'>et</span> <span class='ocrx_word' id='word_1_95' title='bbox 1186 1871 1371 1949; x_wconf 86' lang='lat' dir='ltr'>contentis</span> <span class='ocrx_word' id='word_1_96' title='bbox 1386 1871 1425 1948; x_wconf 91' lang='lat' dir='ltr'>in</span> <span class='ocrx_word' id='word_1_97' title='bbox 1437 1871 1507 1961; x_wconf 88' lang='lat' dir='ltr'>eis,</span> <span class='ocrx_word' id='word_1_98' title='bbox 1518 1887 1556 1948; x_wconf 92' lang='lat' dir='ltr'>et</span> <span class='ocrx_word' id='word_1_99' title='bbox 1571 1898 1685 1976; x_wconf 89' lang='lat' dir='ltr'>super</span> <span class='ocrx_word' id='word_1_100' title='bbox 1699 1869 1780 1946; x_wconf 89' lang='lat' dir='ltr'>aliis</span> <span class='ocrx_word' id='word_1_101' title='bbox 1792 1869 1838 1945; x_wconf 85' lang='lat' dir='ltr'>de</span> 
     </span>
     <span class='ocr_line' id='line_1_12' title="bbox 417 1999 1840 2109; baseline 0 -33"><span class='ocrx_word' id='word_1_102' title='bbox 417 2000 557 2107; x_wconf 89' lang='lat' dir='ltr'>quihus</span> <span class='ocrx_word' id='word_1_103' title='bbox 572 1999 861 2109; x_wconf 83' lang='lat' dir='ltr'>interrogabitm</span> <span class='ocrx_word' id='word_1_104' title='bbox 870 2030 937 2106; x_wconf 90' lang='lat' dir='ltr'>per</span> <span class='ocrx_word' id='word_1_105' title='bbox 951 2002 1128 2079; x_wconf 90' lang='lat' dir='ltr'>eumdem</span> <span class='ocrx_word' id='word_1_106' title='bbox 1143 2001 1337 2081; x_wconf 91' lang='lat' dir='ltr'>dominum</span> <span class='ocrx_word' id='word_1_107' title='bbox 1350 2003 1583 2108; x_wconf 88' lang='lat' dir='ltr'>episcopum,</span> <span class='ocrx_word' id='word_1_108' title='bbox 1596 2029 1746 2107; x_wconf 90' lang='lat' dir='ltr'>puram,</span> <span class='ocrx_word' id='word_1_109' title='bbox 1762 2029 1840 2076; x_wconf 88' lang='lat' dir='ltr'>me-</span> 
     </span>
     <span class='ocr_line' id='line_1_13' title="bbox 417 2128 1840 2237; baseline 0.001 -32"><span class='ocrx_word' id='word_1_110' title='bbox 417 2157 496 2206; x_wconf 90' lang='lat' dir='ltr'>ram</span> <span class='ocrx_word' id='word_1_111' title='bbox 517 2147 555 2206; x_wconf 88' lang='lat' dir='ltr'>et</span> <span class='ocrx_word' id='word_1_112' title='bbox 573 2128 723 2235; x_wconf 85' lang='lat' dir='ltr'>plenam</span> <span class='ocrx_word' id='word_1_113' title='bbox 744 2130 869 2208; x_wconf 90' lang='lat' dir='ltr'>dicere</span> <span class='ocrx_word' id='word_1_114' title='bbox 890 2133 1099 2218; x_wconf 86' lang='lat' dir='ltr'>veritatem,</span> <span class='ocrx_word' id='word_1_115' title='bbox 1121 2134 1229 2210; x_wconf 90' lang='lat' dir='ltr'>dese</span> <span class='ocrx_word' id='word_1_116' title='bbox 1251 2149 1293 2210; x_wconf 91' lang='lat' dir='ltr'>ut</span> <span class='ocrx_word' id='word_1_117' title='bbox 1312 2132 1542 2237; x_wconf 88' lang='lat' dir='ltr'>principalis,</span> <span class='ocrx_word' id='word_1_118' title='bbox 1565 2147 1602 2208; x_wconf 89' lang='lat' dir='ltr'>et</span> <span class='ocrx_word' id='word_1_119' title='bbox 1621 2129 1669 2207; x_wconf 89' lang='lat' dir='ltr'>de</span> <span class='ocrx_word' id='word_1_120' title='bbox 1689 2130 1771 2208; x_wconf 88' lang='lat' dir='ltr'>aliis</span> <span class='ocrx_word' id='word_1_121' title='bbox 1789 2132 1840 2206; x_wconf 89' lang='lat' dir='ltr'>sic</span> 
     </span>
     <span class='ocr_line' id='line_1_14' title="bbox 415 2261 1839 2371; baseline 0 -35"><span class='ocrx_word' id='word_1_122' title='bbox 415 2279 458 2336; x_wconf 90' lang='lat' dir='ltr'>ut</span> <span class='ocrx_word' id='word_1_123' title='bbox 477 2261 593 2339; x_wconf 89' lang='lat' dir='ltr'>testis.</span> <span class='ocrx_word' id='word_1_124' title='bbox 609 2262 658 2338; x_wconf 88' lang='lat' dir='ltr'>Et</span> <span class='ocrx_word' id='word_1_125' title='bbox 671 2261 776 2340; x_wconf 91' lang='lat' dir='ltr'>lectis</span> <span class='ocrx_word' id='word_1_126' title='bbox 793 2262 864 2341; x_wconf 90' lang='lat' dir='ltr'>sihi</span> <span class='ocrx_word' id='word_1_127' title='bbox 881 2263 1044 2341; x_wconf 84' lang='lat' dir='ltr'>articulis</span> <span class='ocrx_word' id='word_1_128' title='bbox 1058 2263 1235 2368; x_wconf 88' lang='lat' dir='ltr'>predictis</span> <span class='ocrx_word' id='word_1_129' title='bbox 1251 2281 1289 2340; x_wconf 85' lang='lat' dir='ltr'>et</span> <span class='ocrx_word' id='word_1_130' title='bbox 1300 2263 1475 2370; x_wconf 83' lang='lat' dir='ltr'>expositis</span> <span class='ocrx_word' id='word_1_131' title='bbox 1486 2265 1525 2340; x_wconf 94' lang='lat' dir='ltr'>in</span> <span class='ocrx_word' id='word_1_132' title='bbox 1542 2261 1701 2371; x_wconf 84' lang='lat' dir='ltr'>vulgari,</span> <span class='ocrx_word' id='word_1_133' title='bbox 1717 2262 1839 2369; x_wconf 90' lang='lat' dir='ltr'>primo</span> 
     </span>
     <span class='ocr_line' id='line_1_15' title="bbox 415 2392 1836 2501; baseline -0.002 -31"><span class='ocrx_word' id='word_1_134' title='bbox 415 2419 530 2498; x_wconf 88' lang='lat' dir='ltr'>super</span> <span class='ocrx_word' id='word_1_135' title='bbox 548 2393 672 2497; x_wconf 90' lang='lat' dir='ltr'>primo</span> <span class='ocrx_word' id='word_1_136' title='bbox 692 2392 848 2468; x_wconf 89' lang='lat' dir='ltr'>articulo</span> <span class='ocrx_word' id='word_1_137' title='bbox 868 2393 1118 2501; x_wconf 85' lang='lat' dir='ltr'>interrogatus</span> <span class='ocrx_word' id='word_1_138' title='bbox 1136 2421 1205 2500; x_wconf 88' lang='lat' dir='ltr'>per</span> <span class='ocrx_word' id='word_1_139' title='bbox 1225 2392 1368 2471; x_wconf 87' lang='lat' dir='ltr'>dictum</span> <span class='ocrx_word' id='word_1_140' title='bbox 1384 2393 1585 2470; x_wconf 91' lang='lat' dir='ltr'>dominum</span> <span class='ocrx_word' id='word_1_141' title='bbox 1601 2392 1836 2496; x_wconf 90' lang='lat' dir='ltr'>episcopum,</span> 
     </span>
     <span class='ocr_line' id='line_1_16' title="bbox 415 2521 1839 2630; baseline 0 -34"><span class='ocrx_word' id='word_1_142' title='bbox 415 2522 648 2626; x_wconf 89' lang='lat' dir='ltr'>respondens</span> <span class='ocrx_word' id='word_1_143' title='bbox 675 2551 743 2628; x_wconf 91' lang='lat' dir='ltr'>per</span> <span class='ocrx_word' id='word_1_144' title='bbox 758 2522 1032 2628; x_wconf 87' lang='lat' dir='ltr'>juramentum,</span> <span class='ocrx_word' id='word_1_145' title='bbox 1065 2524 1210 2630; x_wconf 86' lang='lat' dir='ltr'>negavit</span> <span class='ocrx_word' id='word_1_146' title='bbox 1229 2524 1353 2629; x_wconf 88' lang='lat' dir='ltr'>ipsum</span> <span class='ocrx_word' id='word_1_147' title='bbox 1373 2523 1540 2629; x_wconf 92' lang='lat' dir='ltr'>primum</span> <span class='ocrx_word' id='word_1_148' title='bbox 1561 2521 1777 2609; x_wconf 91' lang='lat' dir='ltr'>articulum,</span> <span class='ocrx_word' id='word_1_149' title='bbox 1803 2539 1839 2598; x_wconf 89' lang='lat' dir='ltr'>et</span> 
     </span>
     <span class='ocr_line' id='line_1_17' title="bbox 415 2651 1838 2763; baseline -0.001 -33"><span class='ocrx_word' id='word_1_150' title='bbox 415 2653 540 2730; x_wconf 90' lang='lat' dir='ltr'>omnia</span> <span class='ocrx_word' id='word_1_151' title='bbox 560 2672 599 2731; x_wconf 86' lang='lat' dir='ltr'>et</span> <span class='ocrx_word' id='word_1_152' title='bbox 616 2654 761 2762; x_wconf 83' lang='lat' dir='ltr'>singula</span> <span class='ocrx_word' id='word_1_153' title='bbox 780 2671 955 2732; x_wconf 89' lang='lat' dir='ltr'>contenta</span> <span class='ocrx_word' id='word_1_154' title='bbox 973 2653 1012 2730; x_wconf 90' lang='lat' dir='ltr'>in</span> <span class='ocrx_word' id='word_1_155' title='bbox 1032 2683 1090 2731; x_wconf 90' lang='lat' dir='ltr'>eo.</span> <span class='ocrx_word' id='word_1_156' title='bbox 1112 2656 1152 2730; x_wconf 91' lang='lat' dir='ltr'>ln</span> <span class='ocrx_word' id='word_1_157' title='bbox 1172 2681 1249 2762; x_wconf 91' lang='lat' dir='ltr'>quo</span> <span class='ocrx_word' id='word_1_158' title='bbox 1265 2655 1419 2763; x_wconf 91' lang='lat' dir='ltr'>quidem</span> <span class='ocrx_word' id='word_1_159' title='bbox 1433 2651 1588 2730; x_wconf 89' lang='lat' dir='ltr'>articulo</span> <span class='ocrx_word' id='word_1_160' title='bbox 1603 2651 1723 2759; x_wconf 89' lang='lat' dir='ltr'>agitur</span> <span class='ocrx_word' id='word_1_161' title='bbox 1736 2654 1838 2758; x_wconf 91' lang='lat' dir='ltr'>quod</span> 
     </span>
     <span class='ocr_line' id='line_1_18' title="bbox 413 2782 1838 2892; baseline 0 -35"><span class='ocrx_word' id='word_1_162' title='bbox 413 2782 454 2859; x_wconf 92' lang='lat' dir='ltr'>in</span> <span class='ocrx_word' id='word_1_163' title='bbox 477 2784 698 2891; x_wconf 77' lang='lat' dir='ltr'>receptione</span> <span class='ocrx_word' id='word_1_164' title='bbox 724 2785 893 2889; x_wconf 89' lang='lat' dir='ltr'>ipsorum</span> <span class='ocrx_word' id='word_1_165' title='bbox 915 2783 1073 2862; x_wconf 80' lang='lat' dir='ltr'>fratrum</span> <span class='ocrx_word' id='word_1_166' title='bbox 1102 2784 1173 2891; x_wconf 90' lang='lat' dir='ltr'>ipsi</span> <span class='ocrx_word' id='word_1_167' title='bbox 1191 2783 1322 2861; x_wconf 85' lang='lat' dir='ltr'>fratres</span> <span class='ocrx_word' id='word_1_168' title='bbox 1348 2785 1535 2892; x_wconf 82' lang='lat' dir='ltr'>abnegant</span> <span class='ocrx_word' id='word_1_169' title='bbox 1553 2783 1760 2872; x_wconf 83' lang='lat' dir='ltr'>Christum,</span> <span class='ocrx_word' id='word_1_170' title='bbox 1781 2782 1838 2858; x_wconf 84' lang='lat' dir='ltr'>rel</span> 
     </span>
     <span class='ocr_line' id='line_1_19' title="bbox 413 2913 1837 3021; baseline 0 -31"><span class='ocrx_word' id='word_1_171' title='bbox 413 2914 586 3004; x_wconf 88' lang='lat' dir='ltr'>lbesum,</span> <span class='ocrx_word' id='word_1_172' title='bbox 608 2913 666 2992; x_wconf 89' lang='lat' dir='ltr'>vel</span> <span class='ocrx_word' id='word_1_173' title='bbox 685 2913 915 2993; x_wconf 84' lang='lat' dir='ltr'>crucifixum.</span> <span class='ocrx_word' id='word_1_174' title='bbox 936 2916 1088 2994; x_wconf 84' lang='lat' dir='ltr'>Addens</span> <span class='ocrx_word' id='word_1_175' title='bbox 1104 2915 1209 3020; x_wconf 83' lang='lat' dir='ltr'>quod</span> <span class='ocrx_word' id='word_1_176' title='bbox 1228 2915 1309 3021; x_wconf 90' lang='lat' dir='ltr'>ipse</span> <span class='ocrx_word' id='word_1_177' title='bbox 1324 2916 1413 2992; x_wconf 90' lang='lat' dir='ltr'>totis</span> <span class='ocrx_word' id='word_1_178' title='bbox 1431 2913 1664 3021; x_wconf 86' lang='lat' dir='ltr'>temporibus</span> <span class='ocrx_word' id='word_1_179' title='bbox 1683 2913 1754 2989; x_wconf 82' lang='lat' dir='ltr'>vite</span> <span class='ocrx_word' id='word_1_180' title='bbox 1770 2941 1837 2990; x_wconf 90' lang='lat' dir='ltr'>sue</span> 
     </span>
     <span class='ocr_line' id='line_1_20' title="bbox 415 3042 1836 3134; baseline 0.002 -16"><span class='ocrx_word' id='word_1_181' title='bbox 415 3071 493 3122; x_wconf 91' lang='lat' dir='ltr'>non</span> <span class='ocrx_word' id='word_1_182' title='bbox 516 3045 657 3122; x_wconf 86' lang='lat' dir='ltr'>audivit</span> <span class='ocrx_word' id='word_1_183' title='bbox 680 3043 762 3122; x_wconf 85' lang='lat' dir='ltr'>fieri</span> <span class='ocrx_word' id='word_1_184' title='bbox 790 3047 1026 3123; x_wconf 85' lang='lat' dir='ltr'>mencionem</span> <span class='ocrx_word' id='word_1_185' title='bbox 1048 3047 1095 3123; x_wconf 90' lang='lat' dir='ltr'>de</span> <span class='ocrx_word' id='word_1_186' title='bbox 1116 3047 1299 3134; x_wconf 82' lang='lat' dir='ltr'>contentis</span> <span class='ocrx_word' id='word_1_187' title='bbox 1321 3047 1360 3121; x_wconf 93' lang='lat' dir='ltr'>in</span> <span class='ocrx_word' id='word_1_188' title='bbox 1380 3045 1481 3124; x_wconf 92' lang='lat' dir='ltr'>dicto</span> <span class='ocrx_word' id='word_1_189' title='bbox 1500 3042 1676 3130; x_wconf 88' lang='lat' dir='ltr'>articulo,</span> <span class='ocrx_word' id='word_1_190' title='bbox 1696 3043 1766 3120; x_wconf 91' lang='lat' dir='ltr'>nisi</span> <span class='ocrx_word' id='word_1_191' title='bbox 1790 3044 1836 3121; x_wconf 89' lang='lat' dir='ltr'>ab</span> 
     </span>
     <span class='ocr_line' id='line_1_21' title="bbox 416 3171 1680 3282; baseline 0 -34"><span class='ocrx_word' id='word_1_192' title='bbox 416 3202 460 3250; x_wconf 89' lang='lat' dir='ltr'>eo</span> <span class='ocrx_word' id='word_1_193' title='bbox 480 3191 651 3281; x_wconf 88' lang='lat' dir='ltr'>tempore</span> <span class='ocrx_word' id='word_1_194' title='bbox 671 3176 761 3252; x_wconf 87' lang='lat' dir='ltr'>eitra</span> <span class='ocrx_word' id='word_1_195' title='bbox 778 3202 858 3282; x_wconf 90' lang='lat' dir='ltr'>quo</span> <span class='ocrx_word' id='word_1_196' title='bbox 873 3176 967 3281; x_wconf 83' lang='lat' dir='ltr'>capti</span> <span class='ocrx_word' id='word_1_197' title='bbox 983 3173 1136 3253; x_wconf 83' lang='lat' dir='ltr'>fuerunt</span> <span class='ocrx_word' id='word_1_198' title='bbox 1155 3173 1285 3254; x_wconf 74' lang='lat' dir='ltr'>hahes</span> <span class='ocrx_word' id='word_1_199' title='bbox 1301 3175 1446 3251; x_wconf 90' lang='lat' dir='ltr'>ordinis</span> <span class='ocrx_word' id='word_1_200' title='bbox 1465 3171 1680 3279; x_wconf 88' lang='lat' dir='ltr'>supradicti.</span> 
     </span>
    </p>

    <p class='ocr_par' dir='ltr' id='par_1_4' title="bbox 470 3303 1833 3414">
     <span class='ocr_line' id='line_1_22' title="bbox 470 3303 1833 3414; baseline -0.002 -32"><span class='ocrx_word' id='word_1_201' title='bbox 470 3303 594 3411; x_wconf 88' lang='lat' dir='ltr'>Super</span> <span class='ocrx_word' id='word_1_202' title='bbox 606 3305 773 3383; x_wconf 88' lang='lat' dir='ltr'>secundo</span> <span class='ocrx_word' id='word_1_203' title='bbox 784 3305 939 3383; x_wconf 87' lang='lat' dir='ltr'>articulo</span> <span class='ocrx_word' id='word_1_204' title='bbox 949 3305 1213 3413; x_wconf 85' lang='lat' dir='ltr'>interrogatus,</span> <span class='ocrx_word' id='word_1_205' title='bbox 1226 3305 1528 3414; x_wconf 85' lang='lat' dir='ltr'>negavitprorsus</span> <span class='ocrx_word' id='word_1_206' title='bbox 1539 3319 1711 3380; x_wconf 88' lang='lat' dir='ltr'>contenta</span> <span class='ocrx_word' id='word_1_207' title='bbox 1724 3304 1762 3379; x_wconf 93' lang='lat' dir='ltr'>in</span> <span class='ocrx_word' id='word_1_208' title='bbox 1776 3333 1833 3380; x_wconf 90' lang='lat' dir='ltr'>eo.</span> 
     </span>
    </p>

    <p class='ocr_par' dir='ltr' id='par_1_5' title="bbox 468 3434 1832 3546">
     <span class='ocr_line' id='line_1_23' title="bbox 468 3434 1832 3546; baseline -0.004 -32"><span class='ocrx_word' id='word_1_209' title='bbox 468 3435 527 3514; x_wconf 84' lang='lat' dir='ltr'>Ad</span> <span class='ocrx_word' id='word_1_210' title='bbox 546 3437 705 3514; x_wconf 91' lang='lat' dir='ltr'>tercium</span> <span class='ocrx_word' id='word_1_211' title='bbox 720 3436 916 3515; x_wconf 89' lang='lat' dir='ltr'>articulum</span> <span class='ocrx_word' id='word_1_212' title='bbox 931 3437 1175 3543; x_wconf 89' lang='lat' dir='ltr'>respondens,</span> <span class='ocrx_word' id='word_1_213' title='bbox 1191 3437 1337 3546; x_wconf 83' lang='lat' dir='ltr'>negavit</span> <span class='ocrx_word' id='word_1_214' title='bbox 1348 3435 1705 3513; x_wconf 84' lang='lat' dir='ltr'>similitercontenta</span> <span class='ocrx_word' id='word_1_215' title='bbox 1722 3434 1761 3510; x_wconf 92' lang='lat' dir='ltr'>in</span> <span class='ocrx_word' id='word_1_216' title='bbox 1776 3461 1832 3511; x_wconf 88' lang='lat' dir='ltr'>eo.</span> 
     </span>
    </p>

    <p class='ocr_par' dir='ltr' id='par_1_6' title="bbox 468 3567 1064 3675">
     <span class='ocr_line' id='line_1_24' title="bbox 468 3567 1064 3675; baseline -0.002 -30"><span class='ocrx_word' id='word_1_217' title='bbox 468 3568 527 3645; x_wconf 84' lang='lat' dir='ltr'>Ad</span> <span class='ocrx_word' id='word_1_218' title='bbox 547 3594 693 3647; x_wconf 84' lang='lat' dir='ltr'>rm-vr</span> <span class='ocrx_word' id='word_1_219' title='bbox 712 3567 888 3646; x_wconf 87' lang='lat' dir='ltr'>articulos</span> <span class='ocrx_word' id='word_1_220' title='bbox 906 3569 1064 3675; x_wconf 83' lang='lat' dir='ltr'>negavit.</span> 
     </span>
    </p>

    <p class='ocr_par' dir='ltr' id='par_1_7' title="bbox 393 3697 1835 4979">
     <span class='ocr_line' id='line_1_25' title="bbox 468 3697 1833 3806; baseline -0.002 -31"><span class='ocrx_word' id='word_1_221' title='bbox 468 3697 528 3775; x_wconf 86' lang='lat' dir='ltr'>Ad</span> <span class='ocrx_word' id='word_1_222' title='bbox 553 3725 602 3777; x_wconf 88' lang='lat' dir='ltr'>vu</span> <span class='ocrx_word' id='word_1_223' title='bbox 626 3698 824 3776; x_wconf 81' lang='lat' dir='ltr'>articulum</span> <span class='ocrx_word' id='word_1_224' title='bbox 850 3699 1100 3805; x_wconf 90' lang='lat' dir='ltr'>respondens,</span> <span class='ocrx_word' id='word_1_225' title='bbox 1126 3699 1272 3806; x_wconf 86' lang='lat' dir='ltr'>negavit</span> <span class='ocrx_word' id='word_1_226' title='bbox 1295 3726 1382 3776; x_wconf 91' lang='lat' dir='ltr'>eum</span> <span class='ocrx_word' id='word_1_227' title='bbox 1411 3717 1449 3776; x_wconf 89' lang='lat' dir='ltr'>et</span> <span class='ocrx_word' id='word_1_228' title='bbox 1477 3699 1602 3776; x_wconf 90' lang='lat' dir='ltr'>omnia</span> <span class='ocrx_word' id='word_1_229' title='bbox 1628 3716 1665 3774; x_wconf 88' lang='lat' dir='ltr'>et</span> <span class='ocrx_word' id='word_1_230' title='bbox 1688 3697 1833 3804; x_wconf 84' lang='lat' dir='ltr'>singula</span> 
     </span>
     <span class='ocr_line' id='line_1_26' title="bbox 412 3825 1835 3936; baseline -0.002 -32"><span class='ocrx_word' id='word_1_231' title='bbox 412 3844 587 3906; x_wconf 86' lang='lat' dir='ltr'>contenta</span> <span class='ocrx_word' id='word_1_232' title='bbox 611 3829 652 3904; x_wconf 92' lang='lat' dir='ltr'>in</span> <span class='ocrx_word' id='word_1_233' title='bbox 677 3856 734 3905; x_wconf 91' lang='lat' dir='ltr'>eo.</span> <span class='ocrx_word' id='word_1_234' title='bbox 761 3830 1030 3934; x_wconf 85' lang='lat' dir='ltr'>Interrogatus,</span> <span class='ocrx_word' id='word_1_235' title='bbox 1051 3828 1157 3936; x_wconf 80' lang='lat' dir='ltr'>juxta</span> <span class='ocrx_word' id='word_1_236' title='bbox 1176 3845 1347 3907; x_wconf 88' lang='lat' dir='ltr'>tenorem</span> <span class='ocrx_word' id='word_1_237' title='bbox 1370 3828 1460 3906; x_wconf 91' lang='lat' dir='ltr'>dicti</span> <span class='ocrx_word' id='word_1_238' title='bbox 1482 3827 1643 3913; x_wconf 87' lang='lat' dir='ltr'>articuli,</span> <span class='ocrx_word' id='word_1_239' title='bbox 1665 3827 1695 3903; x_wconf 92' lang='lat' dir='ltr'>si</span> <span class='ocrx_word' id='word_1_240' title='bbox 1716 3825 1835 3903; x_wconf 90' lang='lat' dir='ltr'>eredit</span> 
     </span>
     <span class='ocr_line' id='line_1_27' title="bbox 411 3957 1835 4064; baseline -0.004 -27"><span class='ocrx_word' id='word_1_241' title='bbox 411 3958 603 4037; x_wconf 88' lang='lat' dir='ltr'>Christum</span> <span class='ocrx_word' id='word_1_242' title='bbox 621 3958 778 4037; x_wconf 87' lang='lat' dir='ltr'>lhesum</span> <span class='ocrx_word' id='word_1_243' title='bbox 791 3960 862 4037; x_wconf 90' lang='lat' dir='ltr'>Dei</span> <span class='ocrx_word' id='word_1_244' title='bbox 883 3957 1005 4036; x_wconf 90' lang='lat' dir='ltr'>lilium</span> <span class='ocrx_word' id='word_1_245' title='bbox 1025 3988 1122 4048; x_wconf 88' lang='lat' dir='ltr'>esse,</span> <span class='ocrx_word' id='word_1_246' title='bbox 1145 3977 1183 4037; x_wconf 91' lang='lat' dir='ltr'>et</span> <span class='ocrx_word' id='word_1_247' title='bbox 1203 3961 1242 4036; x_wconf 94' lang='lat' dir='ltr'>in</span> <span class='ocrx_word' id='word_1_248' title='bbox 1263 3986 1329 4036; x_wconf 90' lang='lat' dir='ltr'>sua</span> <span class='ocrx_word' id='word_1_249' title='bbox 1348 3959 1582 4036; x_wconf 85' lang='lat' dir='ltr'>humanitate</span> <span class='ocrx_word' id='word_1_250' title='bbox 1601 3987 1713 4064; x_wconf 88' lang='lat' dir='ltr'>qnam</span> <span class='ocrx_word' id='word_1_251' title='bbox 1739 3985 1835 4032; x_wconf 91' lang='lat' dir='ltr'>sum·</span> 
     </span>
     <span class='ocr_line' id='line_1_28' title="bbox 411 4088 1830 4197; baseline -0.002 -31"><span class='ocrx_word' id='word_1_252' title='bbox 411 4089 486 4193; x_wconf 88' lang='lat' dir='ltr'>psit</span> <span class='ocrx_word' id='word_1_253' title='bbox 497 4088 545 4166; x_wconf 91' lang='lat' dir='ltr'>de</span> <span class='ocrx_word' id='word_1_254' title='bbox 561 4106 670 4166; x_wconf 91' lang='lat' dir='ltr'>utero</span> <span class='ocrx_word' id='word_1_255' title='bbox 680 4089 843 4197; x_wconf 87' lang='lat' dir='ltr'>Virginis</span> <span class='ocrx_word' id='word_1_256' title='bbox 853 4090 981 4166; x_wconf 90' lang='lat' dir='ltr'>matris</span> <span class='ocrx_word' id='word_1_257' title='bbox 995 4119 1062 4166; x_wconf 90' lang='lat' dir='ltr'>sue</span> <span class='ocrx_word' id='word_1_258' title='bbox 1080 4119 1230 4196; x_wconf 90' lang='lat' dir='ltr'>passum</span> <span class='ocrx_word' id='word_1_259' title='bbox 1244 4118 1344 4178; x_wconf 87' lang='lat' dir='ltr'>esse,</span> <span class='ocrx_word' id='word_1_260' title='bbox 1363 4107 1554 4166; x_wconf 89' lang='lat' dir='ltr'>mortuum</span> <span class='ocrx_word' id='word_1_261' title='bbox 1572 4104 1610 4165; x_wconf 89' lang='lat' dir='ltr'>et</span> <span class='ocrx_word' id='word_1_262' title='bbox 1622 4088 1830 4195; x_wconf 87' lang='lat' dir='ltr'>sepultum,</span> 
     </span>
     <span class='ocr_line' id='line_1_29' title="bbox 413 4217 1833 4326; baseline -0.001 -31"><span class='ocrx_word' id='word_1_263' title='bbox 413 4235 450 4295; x_wconf 91' lang='lat' dir='ltr'>et</span> <span class='ocrx_word' id='word_1_264' title='bbox 463 4217 525 4296; x_wconf 91' lang='lat' dir='ltr'>die</span> <span class='ocrx_word' id='word_1_265' title='bbox 540 4219 655 4296; x_wconf 86' lang='lat' dir='ltr'>tercia</span> <span class='ocrx_word' id='word_1_266' title='bbox 669 4249 688 4296; x_wconf 91' lang='lat' dir='ltr'>a</span> <span class='ocrx_word' id='word_1_267' title='bbox 704 4220 863 4297; x_wconf 91' lang='lat' dir='ltr'>mortuis</span> <span class='ocrx_word' id='word_1_268' title='bbox 876 4220 1093 4310; x_wconf 82' lang='lat' dir='ltr'>surrexisse,</span> <span class='ocrx_word' id='word_1_269' title='bbox 1116 4237 1153 4298; x_wconf 90' lang='lat' dir='ltr'>et</span> <span class='ocrx_word' id='word_1_270' title='bbox 1163 4239 1291 4298; x_wconf 91' lang='lat' dir='ltr'>utrum</span> <span class='ocrx_word' id='word_1_271' title='bbox 1308 4219 1473 4326; x_wconf 91' lang='lat' dir='ltr'>predicta</span> <span class='ocrx_word' id='word_1_272' title='bbox 1487 4218 1600 4296; x_wconf 85' lang='lat' dir='ltr'>brerit</span> <span class='ocrx_word' id='word_1_273' title='bbox 1611 4219 1690 4325; x_wconf 87' lang='lat' dir='ltr'>ipse</span> <span class='ocrx_word' id='word_1_274' title='bbox 1706 4247 1833 4323; x_wconf 88' lang='lat' dir='ltr'>passus</span> 
     </span>
     <span class='ocr_line' id='line_1_30' title="bbox 411 4347 1832 4457; baseline -0.002 -31"><span class='ocrx_word' id='word_1_275' title='bbox 411 4376 481 4456; x_wconf 87' lang='lat' dir='ltr'>pro</span> <span class='ocrx_word' id='word_1_276' title='bbox 501 4350 578 4427; x_wconf 89' lang='lat' dir='ltr'>suis</span> <span class='ocrx_word' id='word_1_277' title='bbox 602 4377 649 4426; x_wconf 90' lang='lat' dir='ltr'>an</span> <span class='ocrx_word' id='word_1_278' title='bbox 668 4377 755 4426; x_wconf 89' lang='lat' dir='ltr'>vero</span> <span class='ocrx_word' id='word_1_279' title='bbox 774 4378 842 4457; x_wconf 91' lang='lat' dir='ltr'>pro</span> <span class='ocrx_word' id='word_1_280' title='bbox 862 4351 999 4428; x_wconf 90' lang='lat' dir='ltr'>nostris</span> <span class='ocrx_word' id='word_1_281' title='bbox 1017 4352 1197 4456; x_wconf 71' lang='lat' dir='ltr'>peccatis,</span> <span class='ocrx_word' id='word_1_282' title='bbox 1219 4351 1266 4427; x_wconf 88' lang='lat' dir='ltr'>ad</span> <span class='ocrx_word' id='word_1_283' title='bbox 1290 4378 1364 4456; x_wconf 90' lang='lat' dir='ltr'>que</span> <span class='ocrx_word' id='word_1_284' title='bbox 1393 4349 1586 4456; x_wconf 88' lang='lat' dir='ltr'>respondit</span> <span class='ocrx_word' id='word_1_285' title='bbox 1609 4376 1649 4426; x_wconf 87' lang='lat' dir='ltr'>se</span> <span class='ocrx_word' id='word_1_286' title='bbox 1679 4347 1832 4425; x_wconf 88' lang='lat' dir='ltr'>credere</span> 
     </span>
     <span class='ocr_line' id='line_1_31' title="bbox 409 4477 1833 4588; baseline -0.002 -32"><span class='ocrx_word' id='word_1_287' title='bbox 409 4479 569 4558; x_wconf 87' lang='lat' dir='ltr'>firmiter</span> <span class='ocrx_word' id='word_1_288' title='bbox 588 4497 626 4557; x_wconf 88' lang='lat' dir='ltr'>et</span> <span class='ocrx_word' id='word_1_289' title='bbox 639 4479 853 4558; x_wconf 89' lang='lat' dir='ltr'>nullatenus</span> <span class='ocrx_word' id='word_1_290' title='bbox 869 4481 1040 4558; x_wconf 89' lang='lat' dir='ltr'>dubitare</span> <span class='ocrx_word' id='word_1_291' title='bbox 1052 4482 1158 4588; x_wconf 90' lang='lat' dir='ltr'>quod</span> <span class='ocrx_word' id='word_1_292' title='bbox 1170 4481 1291 4558; x_wconf 87' lang='lat' dir='ltr'>dictus</span> <span class='ocrx_word' id='word_1_293' title='bbox 1306 4479 1493 4558; x_wconf 92' lang='lat' dir='ltr'>Dominus</span> <span class='ocrx_word' id='word_1_294' title='bbox 1511 4479 1644 4555; x_wconf 87' lang='lat' dir='ltr'>Jhesus</span> <span class='ocrx_word' id='word_1_295' title='bbox 1662 4477 1833 4555; x_wconf 87' lang='lat' dir='ltr'>Christus</span> 
     </span>
     <span class='ocr_line' id='line_1_32' title="bbox 393 4609 1832 4716; baseline -0.004 -28"><span class='ocrx_word' id='word_1_296' title='bbox 393 4609 458 4688; x_wconf 91' lang='lat' dir='ltr'>·sit</span> <span class='ocrx_word' id='word_1_297' title='bbox 478 4627 515 4689; x_wconf 89' lang='lat' dir='ltr'>et</span> <span class='ocrx_word' id='word_1_298' title='bbox 533 4610 647 4689; x_wconf 88' lang='lat' dir='ltr'>luerit</span> <span class='ocrx_word' id='word_1_299' title='bbox 662 4611 829 4691; x_wconf 84' lang='lat' dir='ltr'>Verbum</span> <span class='ocrx_word' id='word_1_300' title='bbox 850 4612 921 4691; x_wconf 90' lang='lat' dir='ltr'>Dei</span> <span class='ocrx_word' id='word_1_301' title='bbox 941 4612 1071 4702; x_wconf 88' lang='lat' dir='ltr'>Patris,</span> <span class='ocrx_word' id='word_1_302' title='bbox 1097 4629 1134 4690; x_wconf 87' lang='lat' dir='ltr'>et</span> <span class='ocrx_word' id='word_1_303' title='bbox 1155 4611 1357 4690; x_wconf 88' lang='lat' dir='ltr'>humanam</span> <span class='ocrx_word' id='word_1_304' title='bbox 1380 4627 1549 4688; x_wconf 86' lang='lat' dir='ltr'>naturam</span> <span class='ocrx_word' id='word_1_305' title='bbox 1571 4609 1772 4716; x_wconf 90' lang='lat' dir='ltr'>sumpserit</span> <span class='ocrx_word' id='word_1_306' title='bbox 1795 4625 1832 4683; x_wconf 89' lang='lat' dir='ltr'>et</span> 
     </span>
     <span class='ocr_line' id='line_1_33' title="bbox 409 4739 1828 4848; baseline -0.002 -31"><span class='ocrx_word' id='word_1_307' title='bbox 409 4743 560 4819; x_wconf 84' lang='lat' dir='ltr'>traxerit</span> <span class='ocrx_word' id='word_1_308' title='bbox 580 4743 628 4820; x_wconf 88' lang='lat' dir='ltr'>de</span> <span class='ocrx_word' id='word_1_309' title='bbox 645 4769 748 4820; x_wconf 89' lang='lat' dir='ltr'>sacro</span> <span class='ocrx_word' id='word_1_310' title='bbox 762 4759 870 4820; x_wconf 89' lang='lat' dir='ltr'>utero</span> <span class='ocrx_word' id='word_1_311' title='bbox 889 4741 1103 4822; x_wconf 89' lang='lat' dir='ltr'>beatissime</span> <span class='ocrx_word' id='word_1_312' title='bbox 1123 4742 1240 4821; x_wconf 89' lang='lat' dir='ltr'>Marie</span> <span class='ocrx_word' id='word_1_313' title='bbox 1255 4769 1404 4848; x_wconf 90' lang='lat' dir='ltr'>semper</span> <span class='ocrx_word' id='word_1_314' title='bbox 1421 4739 1583 4845; x_wconf 72' lang='lat' dir='ltr'>Virginis</span> <span class='ocrx_word' id='word_1_315' title='bbox 1604 4739 1732 4816; x_wconf 86' lang='lat' dir='ltr'>matris</span> <span class='ocrx_word' id='word_1_316' title='bbox 1751 4765 1828 4824; x_wconf 87' lang='lat' dir='ltr'>sue,</span> 
     </span>
     <span class='ocr_line' id='line_1_34' title="bbox 408 4870 1830 4979; baseline -0.001 -33"><span class='ocrx_word' id='word_1_317' title='bbox 408 4871 448 4947; x_wconf 93' lang='lat' dir='ltr'>in</span> <span class='ocrx_word' id='word_1_318' title='bbox 467 4899 544 4979; x_wconf 93' lang='lat' dir='ltr'>quo</span> <span class='ocrx_word' id='word_1_319' title='bbox 564 4874 644 4950; x_wconf 92' lang='lat' dir='ltr'>sine</span> <span class='ocrx_word' id='word_1_320' title='bbox 665 4872 760 4950; x_wconf 90' lang='lat' dir='ltr'>virili</span> <span class='ocrx_word' id='word_1_321' title='bbox 781 4873 923 4950; x_wconf 87' lang='lat' dir='ltr'>semine</span> <span class='ocrx_word' id='word_1_322' title='bbox 944 4874 992 4951; x_wconf 89' lang='lat' dir='ltr'>de</span> <span class='ocrx_word' id='word_1_323' title='bbox 1011 4873 1153 4979; x_wconf 88' lang='lat' dir='ltr'>Spiritu</span> <span class='ocrx_word' id='word_1_324' title='bbox 1173 4873 1307 4952; x_wconf 86' lang='lat' dir='ltr'>Sancto</span> <span class='ocrx_word' id='word_1_325' title='bbox 1326 4870 1398 4949; x_wconf 86' lang='lat' dir='ltr'>fuit</span> <span class='ocrx_word' id='word_1_326' title='bbox 1414 4888 1632 4976; x_wconf 90' lang='lat' dir='ltr'>conceptus,</span> <span class='ocrx_word' id='word_1_327' title='bbox 1651 4887 1689 4946; x_wconf 87' lang='lat' dir='ltr'>et</span> <span class='ocrx_word' id='word_1_328' title='bbox 1701 4895 1830 4975; x_wconf 89' lang='lat' dir='ltr'>passus</span> 
     </span>
    </p>
   </div>
   <div class='ocr_carea' id='block_1_3' title="bbox 0 0 2110 5882">
    <p class='ocr_par' dir='ltr' id='par_1_8' title="bbox 0 0 2110 5882">
     <span class='ocr_line' id='line_1_35' title="bbox 0 0 2110 5882; baseline 0 0"><span class='ocrx_word' id='word_1_329' title='bbox 0 0 2110 5882; x_wconf 95' lang='lat' dir='ltr'> </span> 
     </span>
    </p>
   </div>
  </div>
 </body>
</html>
