4210 5882
421 545 494 618 sss
808 519 1003 614 ennons
1029 538 1124 612 ons
1150 537 1456 612 reuertens.-

419 683 533 770 Tace,
554 698 656 770 tacet
677 679 776 758 bene
796 681 1025 761 instruemus
1043 708 1131 758 eum
1149 680 1239 758 alias
1260 680 1306 760 de
1328 679 1476 759 statutis
1495 679 1640 758 ordinis
1649 681 1780 759 nostri.
1796 683 1841 760 Et

419 812 538 890 credit
568 811 648 918 ipse
680 811 745 917 qui
779 811 950 917 loquitur
979 808 1084 917 quod
1121 809 1349 890 dimiserunt
1380 829 1469 888 tuno
1499 808 1673 918 detegere
1705 811 1840 890 sibiet

418 972 506 1022 eum
534 942 718 1020 instruere
751 959 904 1047 propter
930 956 1090 1018 astantes
1119 941 1214 1016 cirea
1238 939 1417 1046 capellam
1440 940 1664 1047 predictam,
1686 956 1724 1019 et
1753 943 1838 1048 quia

416 1074 521 1152 tarde
542 1088 636 1161 erat,
659 1086 696 1148 et
720 1071 773 1148 sic
792 1086 1035 1148 recesserunt.
1061 1071 1108 1148 Et
1132 1070 1223 1147 dicit
1241 1099 1310 1176 per
1326 1071 1583 1179 juramentum
1607 1100 1717 1149 suum
1739 1073 1839 1180 quod

416 1220 570 1311 propter
594 1201 691 1280 dicta
713 1201 824 1282 verba
849 1201 920 1280 sibi
940 1201 1038 1280 dieta
1066 1200 1104 1278 in
1132 1202 1352 1307 recepcione
1377 1203 1562 1308 predicta,
1590 1202 1669 1309 ipse
1693 1219 1837 1283 tantimx

416 1335 488 1412 fuit
506 1333 694 1427 turbatus,
710 1333 814 1440 quod
828 1331 944 1410 nichil
961 1332 1128 1410 comedit
1142 1332 1182 1408 in
1196 1331 1355 1438 prandio
1371 1332 1435 1410 illa
1448 1333 1530 1422 diez
1549 1350 1587 1411 et
1605 1350 1734 1441 postea
1746 1335 1837 1412 intra

415 1481 491 1542 tres
511 1464 594 1542 dies
612 1479 811 1570 sequentes
830 1462 888 1540 vel
908 1461 1004 1540 circa
1023 1459 1218 1540 infirmitas
1232 1463 1364 1541 invasit
1381 1492 1488 1553 eum,
1510 1491 1585 1570 que
1606 1461 1753 1542 duravit
1770 1464 1835 1542 sibi

416 1623 536 1702 usque
552 1593 599 1672 ad
615 1591 843 1684 Adventum,
865 1593 916 1668 ita
932 1592 1039 1699 quod
1057 1593 1176 1670 nichil
1195 1593 1300 1670 aliud
1320 1593 1390 1671 sibi
1411 1611 1541 1700 postea
1554 1593 1726 1672 fecerunt
1739 1594 1834 1682 fieri,

413 1743 528 1833 prout
541 1726 647 1815 dicit,
668 1753 739 1802 nec
754 1723 943 1803 convaluit
957 1753 1077 1832 usque
1096 1742 1204 1816 tunm
1230 1743 1266 1802 et
1280 1726 1446 1804 comedit
1460 1755 1588 1804 carnes
1607 1743 1762 1834 propter
1781 1725 1837 1802 de-

414 1857 598 1936 bilitatem
622 1885 690 1962 per
710 1873 833 1934 toturn
853 1854 1075 1932 Adventum.
1102 1855 1203 1933 Dixit
1228 1858 1343 1934 eciam
1369 1883 1437 1963 per
1452 1857 1708 1966 juramentum
1729 1886 1835 1936 suum

414 1989 519 2095 quod
545 2017 588 2066 ea
607 2015 681 2094 que
701 1985 740 2063 in
761 1985 980 2091 recepcione
1006 2013 1073 2062 sua
1093 1986 1165 2063 sibi
1185 1985 1278 2064 faeta
1298 1987 1454 2066 fuerunt
1474 2006 1512 2066 et
1532 1987 1630 2066 dicta
1649 1990 1730 2094 ipse
1751 2017 1836 2066 con-

412 2118 533 2200 fessus
552 2118 623 2196 fuit
636 2134 765 2223 postea
786 2115 890 2194 fratri
906 2115 1057 2195 Nicolao
1079 2116 1225 2194 ordinis
1243 2116 1544 2206 Predicatorum,
1568 2119 1729 2196 moranti
1749 2135 1836 2196 tnnc

412 2249 452 2325 in
476 2264 660 2326 conventu
686 2246 931 2352 Compendii,
953 2246 1019 2353 qui
1044 2245 1223 2336 babebat,
1246 2265 1288 2324 ut
1317 2247 1422 2338 dicit,
1449 2264 1673 2355 potestatem
1696 2250 1834 2328 domini

412 2376 679 2484 archiepiscopi
705 2375 914 2464 Remensis,
937 2376 1002 2481 qui
1033 2375 1104 2452 sibi
1135 2375 1229 2452 dixit
1257 2377 1363 2483 quod
1387 2377 1609 2484 displicebat
1637 2379 1707 2456 sibi
1736 2380 1834 2485 quod

411 2510 514 2586 idem
531 2508 597 2616 qui
612 2505 779 2613 loquitur
794 2506 990 2582 intraverat
1005 2505 1148 2584 dietum
1164 2505 1337 2584 ordinem
1358 2507 1497 2586 milicie
1517 2508 1685 2616 Templi,
1708 2524 1747 2588 et
1758 2539 1834 2616 pro

411 2640 538 2746 posuit
556 2638 780 2716 multociens
799 2639 878 2743 ipse
896 2637 963 2743 qui
983 2636 1169 2742 loquitur,
1192 2653 1236 2714 ut
1251 2637 1359 2730 dicit,
1376 2637 1516 2716 intrare
1533 2639 1704 2718 ordinem
1722 2639 1835 2718 dieto-

412 2799 497 2848 rum
512 2770 670 2849 fratrum
689 2767 984 2847 Predicatorum.

466 2902 561 2978 Item
576 2899 670 2978 dixit
684 2929 752 3006 per
762 2899 1023 3007 juramentum
1038 2927 1149 2976 suum
1167 2899 1273 3006 quod
1287 2927 1479 3008 nunquam
1495 2901 1603 2991 vidit,
1617 2929 1688 2978 nec
1698 2901 1833 2980 audivit

411 3031 486 3109 dici
500 3031 558 3109 vel
576 3029 649 3138 legi
665 3045 801 3108 statuta
813 3027 973 3136 predicti
990 3029 1133 3107 ordinis
1153 3029 1290 3108 milicie
1306 3031 1475 3136 Templi,
1494 3059 1565 3108 nee
1580 3058 1622 3108 ee
1637 3031 1833 3110 voluerunt

409 3160 481 3240 sibi
501 3162 701 3241 ostendere
721 3160 777 3238 illi
798 3158 864 3266 qui
881 3187 924 3236 ea
941 3158 1148 3249 habebant,
1171 3159 1259 3237 licet
1274 3161 1345 3238 hec
1358 3160 1501 3267 pluries
1520 3161 1751 3268 requisierit,
1766 3162 1830 3238 nisi

409 3291 589 3371 aduobus
608 3289 803 3370 mensibus
823 3290 930 3380 citra,
947 3290 1121 3368 videlicet
1140 3289 1310 3379 Pictavis,
1333 3289 1400 3368 ubi
1422 3291 1668 3370 ostenderunt
1687 3291 1758 3369 sibi
1776 3319 1831 3368 so-

270 3521 272 3528 ·
409 3421 491 3500 lum
512 3421 717 3529 capitulum
735 3419 874 3501 faciens
888 3421 1126 3498 mencionem
1145 3419 1193 3496 de
1208 3419 1445 3527 presbyteris.
1462 3422 1510 3500 Et
1526 3422 1621 3498 dixit
1635 3422 1739 3527 quod
1757 3422 1829 3526 ipse

408 3570 562 3661 propter
584 3553 751 3658 predicta
780 3552 894 3631 babet
919 3552 1124 3633 vehemens
1143 3569 1409 3658 argumentum
1441 3569 1479 3630 et
1506 3553 1828 3659 presumpcionem

408 3685 513 3791 quod
526 3683 583 3762 illi
599 3686 647 3763 de
668 3685 769 3763 dicto
782 3683 916 3762 ordine
932 3682 1072 3761 milicie
1082 3681 1233 3788 Templi
1248 3683 1314 3789 qui
1326 3681 1486 3761 confessi
1502 3700 1589 3762 sunt
1604 3711 1750 3762 errores
1764 3681 1827 3758 sibi

408 3816 603 3923 impositos
623 3815 799 3894 dixerunt
824 3830 862 3893 et
881 3814 1141 3921 deposuerunt
1159 3813 1366 3892 veritatem.

462 3948 558 4024 Item
571 3946 665 4024 dixit
679 3974 747 4053 per
758 3947 1017 4054 juramentum
1036 3971 1148 4022 suurn
1167 3945 1273 4051 quod
1289 3946 1340 4034 vi,
1362 3943 1421 4022 vel
1435 3962 1541 4021 metu
1556 3958 1827 4022 tormentorum

408 4076 465 4153 vel
484 4076 574 4154 alias
593 4104 670 4154 non
692 4074 786 4152 dixit
804 4072 908 4153 aliud
922 4103 1035 4181 quam
1049 4077 1258 4164 veritatem,
1279 4075 1406 4152 necin
1425 4075 1616 4181 premissis
1631 4072 1829 4150 immiscuit

409 4205 574 4314 aliquam
594 4204 807 4297 falsitatem,
830 4220 868 4282 et
886 4205 993 4312 quod
1009 4234 1141 4312 puram
1160 4206 1351 4284 veritatem
1375 4205 1467 4282 dixit
1485 4234 1554 4312 pro
1576 4203 1696 4282 salute
1713 4203 1826 4281 anime
1855 4277 1863 4290 ,

408 4367 487 4416 sue.

463 4471 574 4548 Facte
589 4486 678 4547 sunt
691 4469 761 4546 hec
775 4467 1027 4548 confessiones
1041 4497 1110 4547 seu
1120 4469 1381 4575 deposiciones
1397 4469 1587 4546 dictorum
1603 4484 1690 4546 octo
1708 4467 1828 4544 imme·

409 4600 508 4678 diate
527 4600 817 4707 precedencium
832 4600 990 4679 fratrum
1006 4601 1149 4679 ordinis
1164 4599 1303 4679 milicie
1314 4599 1482 4708 Templi,
1495 4596 1828 4707 juramentisprius

408 4730 455 4808 ab
467 4731 594 4822 eis,ut
603 4732 845 4838 ptemittitur,
861 4731 1043 4837 prestitis,
1066 4732 1227 4809 Parisius
1245 4732 1284 4808 in
1305 4731 1421 4810 domo
1443 4729 1614 4836 Templi,
1638 4756 1758 4820 anno,
1777 4727 1829 4801 in-

309 4885 316 4896 ·
409 4861 590 4952 dictione,
619 4860 858 4968 pontificatu,
890 4889 989 4940 anno
1017 4879 1054 4940 et
1083 4862 1144 4939 die
1171 4861 1367 4970 predictis,
1397 4859 1633 4968 presentibus
1653 4854 1829 4966 religiosis
