4242 5890
348 571 421 641 soe
733 544 928 636 rnocns
954 563 1049 635 nns
1074 559 1373 634 rennuens.

345 707 424 783 lum
444 705 491 782 ad
511 704 651 782 collum
672 731 793 780 suurn.
811 705 857 781 Et
872 702 961 780 fecit
975 702 1096 780 dictus
1112 702 1297 807 recipiens
1313 698 1497 806 apportari
1520 699 1557 773 in
1577 699 1768 802 presencia

346 865 411 912 sua
430 834 632 943 quamdam
653 861 801 911 crucem
822 861 953 910 eneam
970 833 1009 908 in
1027 861 1100 938 qna
1115 849 1193 909 erat
1207 831 1325 939 figruu
1340 827 1520 917 c1ucifixi,
1542 843 1580 905 et
1595 829 1686 906 dicit
1698 828 1768 907 sibi

347 982 384 1042 et
402 965 570 1070 precepit
588 962 693 1070 quod
713 947 911 1069 abnegaret
926 963 1117 1040 Christum
1133 960 1239 1068 cujus
1255 959 1373 1068 figura
1389 975 1466 1036 erat
1481 957 1546 1036 ibi.
1563 957 1658 1052 Qui,
1682 958 1770 1036 licet

347 1096 498 1183 invitus,
517 1093 619 1184 fecit3
642 1111 678 1169 et
698 1111 787 1170 tune
797 1093 963 1198 precepit
978 1091 1049 1168 sibi
1064 1090 1166 1167 idem
1178 1090 1363 1195 recipiens
1377 1088 1481 1195 quod
1495 1107 1647 1194 spueret
1660 1115 1770 1196 supra

348 1253 444 1314 eam,
469 1242 506 1301 et
524 1225 623 1330 spuit
642 1223 689 1300 ad
707 1240 857 1300 terram.

402 1357 649 1458 interrogatus
662 1351 859 1458 quociens,
878 1350 970 1427 dixit
984 1379 1052 1456 per
1067 1351 1321 1457 juramentum
1337 1377 1445 1426 suum
1460 1348 1565 1456 quod
1578 1377 1654 1427 non
1670 1350 1770 1454 spuit

346 1485 416 1559 nisi
438 1480 569 1568 semel,
593 1499 630 1557 et
646 1481 693 1556 de
709 1480 894 1559 hochene
907 1480 1137 1557 recordatur.
1158 1480 1427 1586 interrogatus,
1448 1507 1534 1555 cum
1551 1479 1649 1555 vovit
1669 1480 1769 1556 casti·

343 1629 475 1700 tatem,
498 1612 527 1688 si
542 1609 614 1688 sibi
627 1608 699 1687 suit
713 1609 857 1716 aliquid
870 1609 1013 1686 dictum
1032 1607 1136 1715 quod
1151 1609 1407 1687 commisceret
1421 1635 1460 1684 se
1474 1606 1668 1685 carnaliter
1682 1635 1768 1684 cum

343 1741 535 1828 fratribus,
566 1738 658 1816 dixit
675 1765 743 1844 per
756 1735 1014 1846 juramentum
1033 1767 1144 1817 suum
1164 1739 1267 1846 quod
1287 1766 1380 1825 non,
1399 1765 1647 1844 necunquam
1667 1737 1765 1814 fecit.

344 1872 556 1976 Requisitus
575 1897 645 1976 per
656 1870 913 1976 juramentum
933 1897 1043 1946 suum
1062 1886 1189 1945 uuum
1207 1868 1267 1945 alii
1288 1866 1419 1945 fratres
1435 1866 1524 1944 dicti
1542 1867 1684 1944 ordinis
1702 1895 1769 1972 per

344 1998 451 2076 illum
463 1996 619 2074 modum
634 1998 869 2101 recipiantur,
893 1997 985 2072 dixit
1003 1997 1108 2102 quod
1127 1997 1248 2074 credit
1267 1997 1372 2102 quod
1391 2023 1468 2072 non
1483 1995 1599 2072 fuerit
1617 1994 1687 2072 sibi
1704 1996 1769 2072 ali-

345 2128 436 2234 quid
452 2127 593 2204 factum
610 2127 715 2232 quod
735 2154 812 2202 non
831 2124 896 2201 fiat
909 2126 1007 2216 aliis,
1023 2144 1151 2202 tamen
1168 2124 1261 2202 dixit
1280 2124 1383 2231 quod
1397 2153 1536 2230 paucos
1551 2123 1651 2202 fecit.
1668 2126 1769 2202 Dixit

342 2275 467 2334 tamen
487 2283 555 2362 per
568 2256 827 2361 jurameutum
848 2282 958 2330 suum
987 2255 1093 2359 quod
1119 2272 1315 2361 postquam
1343 2272 1533 2360 receperat
1560 2253 1645 2332 illos
1675 2283 1769 2360 quos

343 2386 446 2474 fecit,
464 2384 694 2492 precipiebat
713 2382 938 2490 quibusdam
952 2382 999 2458 de
1020 2384 1224 2460 astantibus
1244 2384 1296 2462 ibi
1318 2383 1422 2488 quod
1443 2385 1623 2462 ducerent
1642 2412 1709 2462 eos
1721 2387 1767 2462 ad

343 2533 501 2622 partem,
525 2531 562 2592 et
580 2514 744 2591 facerent
763 2514 817 2589 eis
836 2511 877 2589 id
896 2513 1000 2619 quod
1019 2512 1217 2590 debebant.
1237 2515 1382 2590 Tamen
1397 2515 1489 2590 dixit
1504 2543 1571 2621 per
1584 2515 1771 2620 juramen-

342 2663 423 2721 tum
451 2671 563 2720 suum
587 2642 692 2748 quod
710 2641 933 2718 intencionis
962 2671 1027 2718 sue
1058 2659 1136 2720 erat
1160 2643 1265 2749 quod
1291 2642 1454 2721 tacerent
1478 2660 1515 2721 et
1535 2644 1769 2749 preciperent

343 2772 436 2850 illud
453 2774 506 2848 eis
526 2771 631 2876 quod
650 2770 720 2848 sibi
740 2770 861 2847 fuerat
878 2769 1034 2859 factum,
1057 2788 1095 2848 et
1114 2771 1310 2878 perillum
1325 2772 1482 2851 modum
1498 2773 1766 2879 reciperentur.

343 2902 557 3008 Requisitus
576 2919 703 2978 utrum
717 2901 771 2989 ri,
787 2900 843 2977 vel
856 2918 962 2978 metu
980 2919 1255 2980 tormentortun
1271 2901 1328 2978 vel
1348 2903 1519 2992 carceris,
1548 2921 1613 2980 aut
1631 2902 1700 2980 alia
1720 2904 1767 2980 de
1901 2947 1908 2954 ·

343 3059 466 3120 causa,
479 3031 642 3136 aliquam
655 3028 852 3107 falsitatem
870 3030 1005 3107 dixerit
1017 3031 1076 3108 vel
1096 3031 1345 3109 immiscuerit
1362 3033 1400 3108 in
1422 3031 1663 3138 deposicione
1683 3061 1764 3120 sua,

343 3178 407 3237 aut
419 3161 577 3237 tacuerit
594 3160 801 3250 veritatem,
825 3160 916 3237 dixit
931 3189 999 3267 per
1012 3162 1268 3267 juramentum
1291 3189 1401 3241 suum
1419 3161 1523 3268 quod
1537 3189 1629 3254 non,
1651 3162 1766 3240 immo

343 3289 434 3368 dixit
448 3317 584 3397 ,puram
602 3291 792 3376 veritatem
807 3308 960 3396 propter
975 3291 1131 3390 salutem
1151 3291 1274 3368 anime
1292 3319 1369 3368 sue.

398 3552 491 3627 Item
510 3577 628 3639 anno,
651 3549 860 3638 indicione,
884 3549 1120 3657 pontificatu,
1147 3579 1262 3640 enno,
1284 3577 1412 3628 mense
1433 3568 1471 3628 et
1489 3552 1552 3630 die
1573 3552 1764 3658 predictis,

342 3681 380 3757 in
407 3681 524 3786 ipsius
550 3680 799 3786 inquisitoris,
824 3697 995 3758 nostrum
1021 3681 1254 3759 notariorum
1274 3681 1512 3787 publicorum
1534 3700 1571 3759 et
1590 3683 1767 3760 infrascri-

340 3827 490 3914 ptorum
515 3811 706 3914 presencia
738 3812 962 3888 constitutus
986 3811 1098 3889 frater
1117 3813 1305 3889 lohannes
1331 3811 1379 3888 de
1408 3812 1512 3918 Cugy
1543 3828 1667 3890 custos
1690 3841 1767 3889 mo

341 3938 484 4015 londini
506 3939 684 4031 Parisios,
700 3939 931 4017 Beivacensis
953 3940 1227 4032 diocesisxnu
1248 3967 1447 4031 annorum,
1467 3942 1614 4047 juratus
1630 3942 1764 4020 eodem

342 4067 457 4143 modo
474 4066 598 4143 dicere
623 4067 670 4143 de
687 4097 725 4144 se
747 4084 784 4144 et
802 4069 883 4144 aliis
907 4069 946 4144 in
967 4097 1075 4145 causa
1101 4069 1188 4147 fidei
1212 4071 1422 4160 veritatem,
1448 4087 1485 4148 et
1515 4072 1764 4178 iuterrogatus

343 4194 390 4272 de
410 4211 578 4300 tempore
604 4212 643 4273 et
666 4196 782 4272 modo
807 4223 874 4273 sue
906 4198 1152 4302 recepcionis,
1179 4198 1272 4275 dixit
1290 4227 1358 4303 per
1378 4199 1637 4306 juramentum
1652 4229 1762 4278 suum

342 4323 445 4432 quod
476 4322 549 4400 fuit
576 4341 748 4431 receptus
775 4325 813 4400 in
844 4325 958 4402 domo
981 4328 1195 4420 Parisiensi,
1223 4355 1257 4405 tx
1283 4346 1371 4405 sunt
1389 4329 1494 4417 anni,
1521 4357 1590 4436 per
1612 4331 1762 4407 fratrem

342 4455 539 4561 Hugonem
568 4453 617 4530 de
644 4455 831 4544 Pnraudo,
852 4473 1026 4561 presente
1049 4457 1160 4536 fratre
1181 4457 1357 4538 Guidone
1387 4477 1604 4566 preceptore
1625 4461 1764 4538 Carno-

340 4583 454 4671 tensi,
477 4601 516 4659 et
531 4583 757 4690 quibusdam
777 4585 857 4662 aliis
873 4586 921 4663 de
935 4615 1097 4692 quorum
1119 4588 1338 4666 nominibus
1358 4616 1434 4665 non
1449 4588 1590 4666 recolit.
1612 4591 1659 4666 Et
1674 4590 1764 4668 dixit

234 4787 236 4792 ,
341 4714 457 4790 eciam
478 4715 600 4820 quod,
626 4741 671 4791 eo
690 4733 841 4821 recepto
863 4732 900 4793 et
924 4717 1019 4822 iacta
1041 4718 1288 4823 promissione
1315 4718 1362 4794 de
1385 4719 1532 4796 statutis
1555 4735 1594 4797 et
1613 4721 1763 4798 secretis

339 4844 454 4948 ipsius
475 4842 616 4922 ordinis
635 4845 889 4936 observandis,
913 4845 1036 4926 dictus
1049 4849 1234 4954 recipiens
1247 4849 1374 4954 posuit
1393 4849 1465 4928 sibi
1480 4849 1700 4930 mantellum
1714 4848 1763 4927 ad
