4202 5876
708 488 905 582 raucus
931 507 1027 580 nus
1052 507 1352 580 rnurnrnns.
1667 506 1740 580 cor

319 647 474 726 humani
496 649 661 756 generis,
678 677 755 728 non
769 677 839 756 pro
855 650 1014 755 peccatis
1033 677 1104 728 neo
1120 676 1187 754 pro
1201 647 1405 727 sceleribus
1418 647 1513 736 suis,
1536 675 1621 726 cum
1643 675 1743 724 nun-

193 835 201 850 ,
317 807 429 886 quam
449 781 654 886 peccaverit
672 807 742 858 nec
771 780 882 858 dolus
909 779 1022 858 fuerit
1048 779 1086 858 in
1112 780 1262 870 eodem,
1295 806 1363 886 per
1379 807 1497 888 quem
1518 779 1641 858 solum
1661 779 1743 885 ipse

316 908 487 1002 firmiter,
502 929 537 990 et
552 912 656 990 idem
670 911 790 990 credit
803 910 851 990 de
862 910 943 990 aliis
957 910 1132 990 fratribus
1146 911 1318 1020 ejusdem
1327 909 1492 1000 ordinis,
1509 937 1615 1016 spem
1631 909 1746 988 habet

247 1113 257 1126 ,
318 1059 357 1119 et
380 1071 528 1149 semper
550 1043 682 1122 babuit
703 1029 918 1122 salvacionis
938 1040 1129 1134 habendc3
1150 1043 1316 1120 adiciens
1340 1042 1448 1149 quod
1461 1041 1545 1148 ipse
1575 1058 1612 1118 et
1630 1041 1743 1128 ceteri

317 1172 448 1252 fratres
474 1175 642 1282 ejusdem
668 1173 812 1254 ordinis
837 1174 993 1252 adorant
1020 1174 1071 1254 ob
1101 1173 1353 1252 reverenciam
1378 1171 1542 1252 cerreifixi
1573 1190 1610 1250 et
1640 1199 1746 1250 reve-

318 1305 482 1382 renciam
500 1304 679 1384 exhibent
692 1305 764 1411 ipsi
773 1305 875 1382 cruci
891 1321 954 1382 ter
963 1305 1008 1382 in
1022 1333 1121 1384 anno
1136 1303 1322 1412 quolibet,
1343 1303 1517 1382 videlieet
1533 1305 1572 1380 in
1586 1303 1655 1382 die
1674 1303 1747 1382 Ve-

318 1435 417 1512 neris
436 1453 562 1514 sancta
588 1453 626 1514 et
650 1438 690 1513 in
716 1436 865 1514 duobus
883 1435 987 1514 festis
1007 1437 1140 1514 Sancte
1161 1437 1292 1518 Crucis
1308 1436 1498 1514 mensium
1518 1434 1607 1512 maii
1633 1451 1671 1512 et
1689 1462 1747 1510 se·

319 1565 518 1673 ptembris,
538 1565 588 1644 ob
609 1567 716 1673 cujus
736 1567 919 1645 honorem
937 1565 1054 1643 eciam
1068 1565 1139 1672 ipsi
1159 1564 1289 1644 fratres
1308 1583 1455 1671 portant
1470 1565 1509 1642 in
1528 1566 1606 1642 suis
1620 1563 1747 1642 clami-

320 1695 431 1774 dibus
450 1725 599 1774 crucem
619 1697 774 1776 rubeam
794 1699 842 1776 ad
863 1697 1133 1804 designandum
1155 1696 1378 1776 effirsionern
1398 1697 1586 1803 sanguinis
1604 1695 1747 1802 proprii

319 1853 433 1930 quern
452 1827 828 1906 Christus-llonunus
848 1826 985 1906 effudit
1005 1829 1044 1904 in
1063 1855 1173 1904 cruce
1190 1856 1259 1934 pro
1286 1843 1410 1908 nostra
1434 1827 1574 1916 salutes
1600 1825 1748 1903 addidit

320 1984 473 2063 quoque
486 1987 525 2036 se
543 1957 696 2039 credere
709 1959 760 2064 (et
774 1957 1010 2036 idem-credit
1020 1959 1067 2036 de
1079 1959 1212 2037 ceteris
1221 1957 1398 2038 fratribus
1407 1957 1495 2038 dicti
1507 1956 1661 2059 ordinis)
1674 1982 1750 2032 om·

319 2087 380 2163 nia
401 2087 642 2168 ecclesiastica
662 2107 903 2176 sacramenta,
914 2105 1035 2196 prout
1050 2107 1176 2168 sancta
1190 2089 1261 2167 Dei
1270 2087 1435 2168 Ecclesia
1450 2105 1556 2166 tenet
1573 2105 1610 2164 et
1623 2087 1747 2165 docet.

376 2217 434 2295 Ad
454 2245 590 2298 xrx-
603 2247 711 2300 mur
729 2219 903 2298 auicsxlos
923 2219 1123 2326 diligenter
1143 2237 1181 2296 et
1199 2219 1385 2328 sigillatim
1407 2221 1672 2327 interrogatus,
1689 2247 1750 2297 re-

320 2349 507 2452 spondens
524 2351 670 2456 negavit
688 2351 789 2457 ipsos
807 2345 982 2436 articulos
1003 2367 1039 2426 et
1054 2351 1183 2428 omnia
1202 2367 1241 2427 et
1260 2349 1402 2458 singula
1422 2367 1596 2428 contenta
1617 2349 1656 2425 in
1677 2349 1746 2438 eis,

321 2478 418 2557 salvo
434 2481 541 2587 quod
552 2481 746 2562 confessus
755 2498 810 2560 est
820 2513 829 2558 :
838 2499 915 2560 tam
931 2481 1116 2587 resipiens
1133 2509 1245 2586 quam
1259 2499 1435 2588 receptus.
1445 2497 1578 2560 mutuo
1593 2509 1632 2558 se
1648 2509 1750 2558 oscu-

320 2608 494 2688 lantnrin
507 2639 572 2690 ore
585 2627 750 2702 tantum¹
772 2611 930 2690 exclusis
943 2629 981 2688 et
994 2639 1147 2718 prorsus
1155 2612 1306 2690 omissis
1320 2612 1401 2690 aliis
1414 2609 1584 2690 nefandis
1597 2611 1750 2690 deoscu-

322 2739 526 2820 lationibus
541 2743 589 2820 de
604 2742 744 2850 quibus
759 2743 880 2849 agitur
890 2743 929 2818 in
940 2743 1106 2820 articulis
1118 2743 1354 2849 supradictis3
1377 2762 1415 2820 et
1432 2745 1505 2822 hoc
1519 2742 1621 2820 idem
1638 2743 1746 2830 dicit,

321 2870 417 2948 sicut
434 2871 528 2948 vidit
544 2888 583 2948 et
597 2873 718 2952 credit
735 2872 781 2950 ds
797 2872 986 2979 aliquibus
999 2872 1176 2952 fratribus
1190 2874 1257 2980 qui
1273 2890 1514 2962 tuncastant‚
1531 2901 1627 2982 qnos
1643 2901 1750 2952 oscu-

321 3001 418 3078 latur
435 3000 549 3080 frater
568 3003 633 3108 qui
653 3020 826 3110 receptus
845 3021 902 3082 cst
923 3004 972 3081 ad
987 3005 1159 3082 ordinem
1178 3006 1434 3111 supradictum
1447 3007 1486 3084 in
1505 3032 1571 3083 ore
1591 3023 1747 3084 tantum.

377 3131 437 3208 Ad
451 3159 738 3212 xxxuu—xmx
753 3134 930 3212 articulos
949 3133 1146 3223 inclusive,
1168 3135 1371 3243 diligenter
1382 3154 1420 3215 et
1434 3135 1621 3242 sigillatim
1636 3136 1750 3214 inter-

322 3279 488 3370 rogatus,
505 3264 739 3370 respondens
756 3265 902 3371 negavit
920 3264 1218 3372 ipsosarticulos
1235 3283 1272 3342 et
1293 3267 1419 3344 omnia
1438 3284 1477 3344 et
1496 3265 1640 3374 singula
1662 3293 1750 3344 con-

321 3395 482 3472 tantuin
503 3395 573 3488 eis,
595 3396 694 3474 salvo
710 3395 815 3502 quod
834 3395 1026 3474 confessus
1044 3411 1100 3472 est
1126 3395 1231 3502 quod
1250 3398 1349 3474 inter
1374 3396 1443 3474 alia
1466 3425 1540 3503 que
1565 3397 1752 3501 promittit

321 3553 390 3630 per
404 3525 682 3633 juramentum,
700 3525 816 3606 frater
838 3528 903 3634 qui
928 3527 1106 3634 recipitur
1124 3528 1314 3633 promittit
1332 3555 1372 3605 se
1392 3555 1467 3606 non
1487 3527 1586 3605 exire
1605 3554 1673 3604 nec
1692 3555 1752 3604 re·

322 3655 492 3762 linquere
514 3659 654 3736 dicum
674 3658 846 3737 ordinem
866 3687 935 3764 pro
960 3659 1096 3736 minori
1116 3659 1192 3737 alio
1211 3659 1347 3737 ordine
1371 3659 1427 3736 vel
1445 3657 1587 3764 majore
1607 3656 1749 3764 absque

323 3785 477 3864 licencia
492 3787 594 3864 illius
612 3789 677 3893 qui
697 3791 785 3865 dare
801 3789 916 3893 possit
934 3788 1130 3865 licenciam
1151 3789 1324 3867 exeundi.
1347 3789 1551 3870 Confessus
1562 3806 1619 3866 est
1634 3787 1751 3866 eciam

324 3915 428 4020 quod
447 3916 518 4022 ipsi
540 3917 671 3996 fratres
688 3917 1040 4024 incontinenti-post
1063 3919 1324 4027 recepcionem
1348 3947 1454 3998 suam
1473 3918 1661 3998 habentur
1683 3947 1751 4025 pro

323 4045 500 4150 professis
514 4048 618 4154 justa
639 4075 786 4126 rnorem
805 4065 842 4126 ot
867 4065 1002 4126 statuta
1021 4049 1164 4128 ordinis
1183 4051 1402 4157 supradicti.
1423 4029 1578 4129 Addidit
1595 4079 1751 4157 quoque

323 4175 428 4280 quod
457 4177 535 4282 ipse
565 4179 803 4284 recepciones
829 4181 1013 4260 dictorum
1041 4179 1197 4258 fratrum
1222 4181 1320 4262 fiunt
1344 4183 1383 4260 in
1403 4181 1587 4292 capitulis,
1619 4180 1753 4258 clausis

318 4307 460 4414 januis,
483 4327 521 4386 et
539 4309 698 4388 exclusis
718 4309 917 4400 extraneis,
939 4327 1063 4416 preter
1081 4311 1225 4390 fratres.

380 4437 436 4516 Ad
455 4439 606 4518 xl-—xlv
622 4439 795 4518 articulos
814 4439 1004 4530 inclusive,
1023 4441 1220 4549 diligenter
1234 4461 1272 4520 et
1285 4443 1473 4550 sigillatim
1489 4444 1748 4550 interrogatus,

325 4572 471 4679 negavit
489 4572 591 4678 ipsos
606 4569 782 4651 erticcdos
799 4587 837 4647 et
856 4571 980 4648 omnia
994 4588 1033 4648 et
1043 4572 1189 4681 singula
1205 4589 1381 4652 contenta
1393 4573 1434 4650 in
1450 4575 1504 4652 eis
1521 4572 1749 4679 simpliciter,

326 4719 363 4779 et
377 4701 439 4780 illa
459 4701 553 4779 dixit
566 4729 606 4780 se
622 4702 775 4780 credere
785 4729 979 4809 nunqnam
990 4701 1105 4780 fuisse
1121 4703 1275 4782 comissa
1291 4732 1359 4812 per
1372 4733 1601 4812 quemquam
1618 4704 1664 4781 de
1677 4701 1752 4780 fra-

325 4831 448 4910 tribus
467 4833 610 4910 ordinis
636 4832 819 4940 prelibati.

1531 4982 1579 5065 59.
