4208 5886
388 531 461 601 eso
502 595 504 602 ,
769 501 964 598 aaocns
995 521 1092 604 ons
1123 521 1428 596 Taurumue.

386 663 681 752 comedendum,
705 662 793 768 quia
816 689 895 742 uon
918 678 998 740 erat
1023 665 1214 767 inceptum
1237 660 1277 738 in
1306 689 1372 753 eo,
1400 678 1440 740 et
1459 660 1738 772 intelligebatur
1762 666 1811 746 de

383 799 548 906 quodam
569 794 769 902 propheta,
790 794 895 900 quod
913 793 1070 901 longum
1096 809 1194 870 esset
1220 819 1417 882 ennmmer
1440 808 1480 870 et
1494 792 1575 899 ipse
1592 795 1699 873 testis
1717 796 1812 876 dixit

382 929 486 1035 quod
523 925 678 1034 quidam
714 940 794 1000 eret
819 923 1003 1031 propheta
1035 922 1099 1028 qui
1124 921 1326 1000 vocabatur
1352 925 1482 1010 Josue,
1506 922 1687 1029 adjiciens
1706 927 1811 1034 quod

383 1059 493 1135 nullo
510 1056 627 1134 modo
652 1081 763 1132 ausus
783 1070 880 1132 esset
893 1069 1021 1158 petere
1037 1053 1085 1131 de
1105 1052 1287 1158 predictis
1309 1083 1330 1130 e
1354 1051 1612 1158 superioribus
1630 1055 1716 1134 suis.
1736 1059 1810 1134 lle·

384 1189 544 1293 quisitus
577 1185 607 1262 si
634 1183 800 1290 predicta
835 1167 964 1260 illicita
993 1182 1250 1264 communiter
1281 1197 1320 1260 et
1340 1181 1485 1288 ubique
1508 1183 1810 1264 interveniebant

384 1319 421 1394 in
444 1312 727 1422 recepcionibus
751 1311 912 1390 aliorum
932 1311 1091 1390 fratrum
1113 1311 1258 1390 ordinis
1271 1313 1329 1390 vel
1348 1329 1448 1418 post,
1467 1314 1665 1419 respondit
1680 1345 1720 1396 se
1735 1345 1812 1394 cre·

384 1449 473 1526 dere
491 1445 597 1554 quod
616 1443 685 1534 sic,
701 1443 770 1520 sed
789 1443 864 1522 hoc
882 1442 992 1521 aliter
1005 1441 1214 1532 nesciebat,
1232 1442 1318 1549 qaue
1342 1471 1420 1521 non
1440 1442 1583 1522 viderat
1596 1443 1699 1537 lieri,
1721 1445 1810 1526 licet

244 1601 247 1608 ·
382 1577 516 1652 oderit
543 1573 690 1680 aliquos
716 1573 832 1679 recipi
857 1574 896 1650 in
926 1573 1060 1650 ordine
1091 1573 1322 1678 supradicto,
1351 1590 1389 1652 et
1415 1573 1626 1679 specialiter
1655 1575 1807 1656 fratrem

380 1707 632 1786 Bertraudum
663 1703 711 1780 de
727 1703 932 1782 Villaribus
959 1721 1218 1809 preceptorem
1247 1703 1295 1782 de
1322 1706 1428 1812 Rupe
1453 1705 1579 1784 Sancti
1603 1707 1726 1798 Pauli,
1752 1726 1809 1786 to-

382 1854 477 1914 stem
495 1865 608 1942 supra
620 1834 888 1922 examinatum,
906 1834 947 1912 in
958 1832 1125 1941 predicta
1140 1833 1282 1939 capella
1295 1833 1343 1912 de
1358 1833 1563 1928 Pantheon,
1578 1864 1648 1942 per
1664 1836 1806 1916 ὥοῑιιω

387 1967 540 2044 fratrem
558 1967 769 2042 iohannem
791 1963 845 2042 las
860 1962 1092 2052 Cbausados,
1108 1981 1196 2042 sum
1215 1964 1362 2044 circiter
1380 1991 1428 2044 xx
1445 1965 1551 2056 anni,
1570 1968 1808 2071 presentibus

381 2095 558 2172 iratribus
578 2096 752 2173 Dionisio
776 2094 968 2200 predicto,
995 2097 1106 2171 Petro
1132 2095 1323 2201 Raynami
1346 2111 1385 2172 et
1409 2094 1577 2174 Gerardo
1603 2095 1651 2172 de
1671 2097 1807 2176 Sancto

381 2227 597 2316 Martinam,
628 2226 666 2300 in
694 2225 791 2302 dicta
812 2224 927 2302 domo
953 2223 1224 2314 residentibus,
1259 2223 1478 2316 detruncato
1505 2241 1543 2302 at
1560 2224 1715 2304 fratrem
1734 2227 1807 2335 ay-

381 2356 563 2432 mericum
585 2355 631 2432 de
651 2354 850 2432 Mnsuelier
859 2356 1054 2464 juniorem
1074 2355 1315 2444 servientem,
1336 2355 1614 2434 Lemovicensis
1628 2356 1804 2460 diceens,

381 2513 494 2590 quem
528 2502 719 2589 receperat
750 2484 864 2562 irater
891 2486 1111 2594 Aymericus
1138 2484 1186 2563 de
1211 2485 1412 2564 Masualier
1436 2487 1574 2578 senior,
1601 2487 1807 2566 avunculus

381 2615 469 2692 dicti
498 2615 702 2722 Aymerici,
731 2632 930 2722 preceptor
957 2633 1048 2694 tunc
1079 2614 1216 2692 domus
1239 2615 1388 2721 Templi
1417 2615 1536 2694 Menai
1566 2617 1638 2694 Dei
1665 2617 1714 2694 de
1734 2617 1806 2694 lo·

380 2746 484 2823 berta
506 2744 781 2824 Lemovicensis
802 2745 980 2839 diocesis,
1006 2746 1046 2822 in
1076 2743 1218 2851 capella
1237 2745 1336 2826 dicte
1358 2746 1513 2834 domus,
1545 2763 1634 2824 sunt
1661 2746 1808 2824 circiter

381 2903 425 2952 xv
443 2869 546 2966 anni,
568 2875 806 2981 presentibus
831 2873 1009 2954 iratribus
1037 2875 1245 2956 Guillelmo
1273 2875 1460 2984 Aymerici
1490 2892 1709 2982 preceptore
1739 2875 1808 2956 do-

248 3039 259 3056 ·
381 3035 467 3082 mus
481 3007 630 3112 Templi
652 3006 700 3084 de
717 3004 931 3112 Champeus
951 3005 1228 3085 Lemovicensis
1243 3006 1421 3097 diocesis,
1439 3007 1594 3084 detento
1610 3008 1650 3082 in
1671 3008 1806 3086 Lemo

380 3136 531 3224 vicinio,
552 3151 590 3213 et
613 3134 793 3213 tlruaudo
814 3136 865 3214 de
880 3135 1009 3215 Brolio
1034 3135 1228 3244 quondam
1252 3137 1301 3214 de
1325 3135 1484 3213 Pictavia
1511 3135 1713 3224 serviente3
1737 3137 1806 3214 sed

380 3283 465 3344 voto
488 3266 625 3343 emisso
650 3295 719 3371 per
744 3266 934 3371 predictos
958 3283 996 3344 et
1014 3266 1192 3372 imposito
1221 3267 1275 3344 eis
1292 3265 1493 3358 mantello,
1522 3267 1603 3372 ipse
1621 3267 1728 3346 testis
1746 3295 1807 3344 re·

379 3398 504 3488 cessit,
526 3399 615 3503 quia
638 3415 851 3503 receptores
877 3397 1053 3475 dicebant
1077 3399 1182 3504 quod
1209 3399 1430 3476 recederent
1458 3399 1523 3505 qui
1543 3401 1720 3478 recedere
1744 3427 1806 3476 vo-

379 3527 509 3606 lebant
524 3543 563 3606 et
581 3526 703 3606 officia
720 3528 915 3636 gerebeut;
938 3547 976 3606 et
1001 3529 1089 3606 ideo
1113 3529 1232 3608 nescit
1253 3529 1360 3634 quod
1384 3545 1520 3606 extunc
1539 3529 1714 3635 agebant,
1737 3529 1805 3606 aad

379 3658 499 3736 credit
518 3658 624 3765 qrrod
645 3658 939 3766 abnegaciouem
961 3675 1002 3735 et
1018 3658 1252 3764 spuicionem
1280 3656 1445 3736 lacerent
1463 3657 1704 3766 supradictas.
1725 3657 1806 3736 Plu·

379 3793 478 3868 rium
511 3790 797 3898 recepcionibus
825 3819 865 3866 se
895 3819 973 3866 non
1005 3789 1138 3866 recolit
1165 3787 1340 3866 adfuisse.
1374 3789 1487 3873 ltem,
1515 3785 1608 3865 dixit
1632 3787 1738 3893 quod
1764 3787 1804 3864 in

380 3921 442 3998 die
456 3921 614 4000 Veneris
633 3935 758 3996 sancte
779 3919 912 3996 devote
932 3935 970 3996 et
989 3934 1203 3996 reverenter
1217 3917 1425 3996 adorabant
1444 3945 1614 4004 crucem,
1637 3933 1676 3994 et
1697 3915 1803 4022 quod

379 4050 657 4128 confitebantur
681 4047 939 4126 sacerdotibus
965 4047 1111 4126 ordinis
1128 4062 1169 4124 et
1186 4046 1516 4126 communicabant
1542 4063 1601 4124 ter
1622 4048 1662 4123 in
1682 4073 1803 4132 anno,

381 4195 419 4255 et
438 4177 558 4254 credit
574 4179 678 4283 quod
691 4175 789 4254 bene
809 4177 1007 4254 crederent
1025 4175 1282 4255 ecclesiasticis
1301 4177 1559 4264 sacramentis,
1573 4175 1711 4282 quibus
1726 4175 1804 4281 ipse

380 4311 478 4387 bene
495 4309 686 4398 credebat,
708 4326 748 4386 et
762 4309 867 4415 quod
892 4337 1023 4386 eorum
1043 4309 1255 4387 sacerdotes
1275 4308 1405 4386 debite
1425 4307 1671 4385 celebrarent.
1694 4303 1803 4384 Clan-

382 4442 528 4518 destine
552 4439 840 4548 recipiebantur,
868 4438 984 4516 nullis
1008 4439 1247 4544 presentibus
1273 4439 1343 4516 nisi
1370 4437 1549 4515 batribus
1575 4435 1734 4524 ordinis,
1760 4461 1804 4512 ex

381 4599 458 4677 quo
484 4570 594 4648 multi
620 4568 906 4646 murmurabant
923 4583 1052 4648 contra
1071 4597 1156 4656 eos;
1183 4569 1321 4674 etipse
1343 4567 1449 4646 testis
1469 4565 1690 4673 frequenter
1712 4565 1804 4642 dixit

381 4701 559 4780 iratribus
586 4699 730 4778 ordinis
760 4700 866 4807 quod
895 4699 1060 4777 multum
1091 4699 1224 4778 finisset
1243 4699 1449 4805 expediens
1467 4697 1594 4776 ordini
1614 4695 1719 4804 ipsud
1741 4675 1825 4774 eos

382 4863 464 4911 rom
498 4832 736 4937 recepciones
767 4829 903 4908 tierent
929 4830 1095 4936 publice,
1127 4833 1165 4908 in
1191 4829 1365 4935 capitulis
1393 4827 1637 4936 generalibus
1657 4853 1803 4904 eorum·
