4486 5890
749 513 944 604 Psecas
970 532 1065 603 ons
1092 531 1389 606 renarrans.
1710 537 1777 608 iss

354 699 432 751 non
452 689 533 749 erat
551 699 685 780 ymago
705 670 900 762 Crucifixi,
921 673 1041 750 nesc'it
1060 701 1128 780 per
1147 701 1282 781 quem,
1305 693 1343 753 et
1360 676 1400 752 in
1419 691 1520 752 terra
1539 676 1674 780 posita,
1696 703 1780 780 pre-

353 805 453 909 cepit
474 802 508 880 ei
529 803 632 910 quod
654 819 809 908 spueret
820 829 937 908 super
958 829 1061 893 eam,
1082 805 1219 910 etipse
1236 804 1343 883 testis
1365 805 1466 912 spuit
1486 832 1563 882 non
1580 832 1692 910 supra
1710 804 1779 882 sed

348 935 466 1042 justa.
487 933 636 1012 Deinde
654 934 823 1039 precepit
841 933 877 1010 ei
897 933 1002 1040 quod
1023 933 1259 1013 oscularetur
1278 963 1366 1012 eum
1384 936 1424 1011 in
1445 962 1516 1010 eno
1537 951 1576 1011 ct
1594 935 1634 1010 in
1654 935 1780 1011 umbi·
1831 967 1833 970 ·
1869 990 1874 1000 .

353 1064 443 1154 lico,
472 1081 512 1142 et
538 1063 611 1146 luit
635 1091 727 1141 eum
751 1063 941 1142 osculatus
963 1064 1005 1141 in
1025 1065 1118 1144 locis
1139 1066 1319 1171 predictis
1343 1067 1384 1143 in
1410 1093 1521 1142 carne
1541 1065 1655 1142 nu'da.
1677 1066 1780 1144 Dixit

354 1198 473 1274 emam
495 1195 530 1272 ei
549 1195 654 1302 quod
677 1193 874 1272 carnaliter
897 1211 1045 1300 poterat
1069 1196 1303 1272 commisceri
1330 1196 1412 1274 aliis
1435 1195 1614 1273 fratribus
1635 1196 1779 1274 ordinis

353 1344 392 1404 et
405 1302 475 1433 ipsi
493 1353 579 1402 curn
598 1353 661 1416 θος
678 1325 752 1403 boc
765 1342 893 1401 tamen
905 1352 982 1401 non
993 1323 1098 1412 fecit,
1117 1355 1188 1404 nec
1202 1327 1324 1403 credit
1337 1327 1443 1434 quod
1458 1325 1497 1404 in
1514 1325 1776 1405 ordinefieret.

300 1453 304 1458 ’
353 1457 484 1536 Credit
502 1475 630 1535 tamen
643 1456 750 1563 quod
763 1455 933 1562 predicta
948 1453 1078 1531 illicita
1092 1455 1296 1533 confessata
1313 1483 1379 1562 per
1395 1485 1499 1548 eum,
1514 1455 1609 1536 facta
1626 1476 1665 1535 et
1682 1458 1779 1536 diota

353 1591 392 1666 in
419 1587 611 1696 presencia
636 1585 912 1693 predictorum,
936 1585 1208 1664 intervenirent
1228 1587 1530 1665 communiterin
1546 1589 1779 1693 recepcioni-

352 1721 425 1799 bus
449 1714 608 1798 aliorum
633 1717 789 1794 fratrum
814 1715 956 1794 ordinis
978 1713 1037 1791 vel
1060 1733 1161 1820 post,
1188 1715 1275 1794 licet
1299 1716 1434 1795 viderit
1457 1717 1553 1796 duos
1577 1718 1710 1824 recipi,
1740 1719 1779 1796 in

353 1883 516 1961 quorum
537 1819 820 1956 recepcionibus
834 1846 953 1923 nichil
971 1845 1148 1924 illicitum·
1163 1847 1423 1937 intervenerit,
1444 1848 1550 1956 quod
1570 1848 1650 1954 ipse
1670 1850 1780 1926 scive-

354 1983 403 2060 rit
415 1982 475 2060 vel
496 1979 681 2058 audiverit
699 1977 794 2067 dici,
815 1975 990 2054 videlicet
1009 1975 1162 2055 fratrem
1182 1977 1396 2084 Guigonom
1423 1979 1471 2056 de
1499 1981 1660 2056 Namans
1679 1980 1779 2056 mili-

352 2131 446 2202 tem,
469 2113 667 2189 detentum
689 2109 728 2184 in
745 2106 885 2184 diocesi
903 2106 1155 2196 Ruthenensi,
1178 2135 1294 2213 quem
1314 2109 1456 2214 recepit
1473 2085 1588 2185 frater
1601 2109 1711 2218 Hugo
1731 2111 1778 2186 de

354 2242 563 2334 Penrando,
585 2240 624 2317 in
645 2237 809 2346 quadam
828 2234 971 2342 capella
986 2235 1126 2314 domus
1142 2237 1292 2343 Templi
1315 2237 1363 2314 de
1383 2237 1558 2316 Montilio
1579 2237 1776 2326 Ademari,

354 2390 441 2452 sunt
458 2399 520 2450 ser
537 2372 625 2448 anni
646 2369 703 2446 vel
721 2368 835 2456 circa,
866 2366 1105 2472 presentibus
1133 2366 1233 2444 dicto
1258 2366 1372 2444 fratre
1397 2366 1575 2445 Guidone
1601 2366 1777 2444 Ademari

354 2521 392 2581 et
423 2503 536 2580 fratre
566 2483 701 2580 laccho
727 2499 775 2576 de
808 2496 1015 2576 Mallavalle
1048 2496 1250 2584 serviente,
1272 2525 1386 2605 quern
1419 2498 1540 2574 credit
1566 2498 1704 2584 vivere,
1741 2516 1779 2576 et

354 2635 515 2724 ibidem,
530 2649 571 2710 et
589 2657 659 2739 per
683 2629 880 2717 eumdem,
904 2626 1105 2706 eteoclem
1131 2628 1264 2716 modo,
1292 2643 1330 2705 et
1353 2627 1495 2706 eisdem
1520 2627 1776 2733 presentibus,

354 2767 427 2844 fuit
445 2781 618 2870 receptus
638 2761 752 2839 frater
771 2758 976 2838 Mondetus
997 2759 1043 2835 de
1062 2760 1153 2834 Fara
1174 2757 1299 2847 miles,
1323 2759 1370 2838 de
1384 2758 1559 2836 Montilio
1577 2758 1775 2847 Ademari,

353 2897 418 3005 qui
442 2895 635 2973 detinetur
654 2889 828 2968 Parisios.
850 2889 964 2977 ltem,
988 2886 1083 2964 dixit
1101 2886 1206 2995 quod
1226 2887 1265 2964 in
1285 2887 1388 2965 dicto
1409 2887 1545 2966 ordine
1564 2886 1780 2966 celebrabat

353 3027 563 3106 secundum
583 3022 744 3101 sormam
763 3017 947 3106 Ecclesia,
974 3033 1014 3095 et
1037 3016 1158 3094 credit
1182 3017 1288 3123 quod
1311 3018 1374 3095 alii
1396 3017 1608 3096 sacerdotes
1634 3018 1779 3096 ordinis

354 3157 491 3232 eodem
522 3148 639 3229 modo
664 3148 912 3226 celebrarent.
940 3146 1184 3224 Contrarium
1212 3165 1340 3225 tamen
1363 3148 1437 3225 fuit
1461 3149 1533 3226 sibi
1557 3165 1778 3254 preceptum

230 3375 235 3384 ,
353 3283 585 3392 perdictnm
605 3275 961 3384 receptarumque
986 3274 1081 3352 dixit
1102 3275 1209 3381 quod
1233 3292 1314 3354 erut
1336 3277 1377 3352 in
1397 3278 1532 3356 ordine
1552 3295 1777 3355 consuetum

353 3416 458 3522 quod
477 3411 724 3491 obmitterent
741 3407 807 3485 illa
819 3405 954 3484 verba:
970 3405 1049 3483 Hoc
1068 3421 1121 3482 est
1140 3411 1228 3483 enim
1247 3435 1371 3512 corpus
1391 3437 1514 3488 meum.
1534 3409 1686 3488 Audivit
1704 3410 1778 3486 dici

353 3575 374 3623 a
397 3541 684 3652 preceptoribus
706 3537 853 3617 ordinis
877 3534 996 3626 laicis,
1027 3535 1074 3612 de
1099 3529 1264 3641 quorum
1289 3539 1508 3618 nominibus
1530 3567 1608 3617 non
1627 3538 1775 3630 recolit,

352 3676 457 3784 quod
488 3674 556 3780 ipsi
584 3677 760 3780 poterant
783 3665 995 3752 absolvere,
1026 3665 1236 3744 secundum
1262 3695 1395 3746 eorum
1415 3669 1622 3776 privilegia,
1646 3666 1777 3745 fratres

353 3805 401 3883 ab
416 3802 690 3882 inobedienoiis
706 3827 860 3888 eorum3
877 3796 1001 3874 dictus
1015 3813 1142 3874 tamen
1154 3797 1261 3876 testis
1275 3825 1353 3876 non
1370 3799 1490 3877 credit
1502 3798 1606 3906 quod
1623 3814 1778 3904 propter

342 3927 493 4014 'dictam
511 3933 793 4012 absolucionem
814 3928 1036 4008 debuissent
1059 3928 1260 4006 obmittere
1284 3930 1572 4009 confessionem.
1594 3928 1779 4008 Jurabant
1885 3923 1888 3928 ’

354 4067 529 4144 ordinem
558 4093 636 4142 non
660 4063 779 4152 exire3
809 4059 934 4138 statim
960 4084 1030 4164 pro
1049 4057 1224 4164 pmlessis
1256 4059 1504 4138 habebantur.
1533 4058 1776 4139 Clandastine

353 4197 642 4304 recipiebantur,
656 4193 773 4271 nullis
787 4187 1026 4298 presentibus
1044 4187 1116 4266 nisi
1131 4186 1309 4267 fratribus
1324 4191 1486 4280 ordinis,
1506 4219 1552 4268 ex
1565 4217 1643 4298 quo
1659 4187 1778 4266 credit
1906 4235 1909 4243 «

261 4357 272 4370 ·
353 4331 458 4438 prod
476 4343 575 4406 esset
588 4324 751 4432 suspicio
778 4337 906 4400 contra
930 4347 1005 4397 eos.
1032 4318 1211 4397 Cordulis
1240 4320 1343 4398 unde
1372 4320 1549 4399 volebant
1576 4317 1778 4426 assumptis

354 4460 612 4568 cingebantur,
638 4483 682 4535 ex
709 4469 888 4562 precepto
912 4448 1169 4556 superiorum,
1195 4478 1311 4557 super
1334 4453 1503 4532 camisias
1528 4481 1615 4530 cum
1638 4449 1778 4560 quibus

349 4578 535 4688 jacebant.
569 4587 840 4697 injungebatur
875 4581 930 4660 eis
960 4606 1028 4686 per
1061 4597 1338 4688 sacramentum
1373 4611 1422 4660 ne
1455 4582 1622 4688 predicta
1648 4581 1778 4660 illicita

354 4722 580 4810 revelarent3
603 4737 641 4797 et
664 4718 693 4795 si
715 4715 959 4802 revelassent,
974 4706 1095 4787 credit
1113 4711 1216 4816 quod
1237 4711 1396 4790 domum
1411 4713 1675 4819 perdidissent.
1691 4715 1780 4790 Fra·

353 4873 430 4934 tres
449 4853 607 4932 scientes
627 4875 774 4930 errores
797 4839 953 4924 luerunt
973 4837 1224 4947 negligentes,
1246 4843 1334 4950 quia
1354 4871 1431 4921 non
1451 4861 1694 4922 correxerunt
1713 4871 1778 4922 eos

1578 5001 1627 5042 20.
