4486 5890
607 492 676 564 108
987 473 1180 564 enoons
1206 491 1302 562 nns
1327 490 1630 562 rnnrmnns.

602 632 808 708 dicendum
826 631 1010 736 predicta,
1032 632 1226 736 respondit
1242 631 1345 738 quod
1366 658 1460 720 non,
1482 658 1552 707 nec
1566 629 1672 736 quod
1686 626 1821 737 aliquis
1843 631 1877 707 ei
1895 631 2016 708 fuerat

601 762 865 838 comminatus.

659 891 852 968 Predictus
880 890 992 968 frater
1021 890 1210 969 Johannes
1235 889 1404 966 Durandi
1433 889 1525 966 dixit
1556 916 1681 965 coram
1713 888 1822 968 dictis
1851 887 2016 969 dominis

603 1020 864 1098 commissariis
889 1049 928 1098 se
951 1019 1064 1100 fuisse
1083 1020 1283 1096 mentitum
1306 1045 1429 1096 coram
1456 1019 1510 1094 eis
1529 1019 1568 1094 in
1593 1018 1663 1095 alia
1690 1047 1756 1095 sua
1776 1019 2015 1125 deposicione

604 1149 697 1226 facte
714 1177 837 1226 coram
856 1151 928 1241 eis3
950 1167 987 1226 et
995 1150 1210 1255 juramento
1228 1177 1296 1255 per
1310 1177 1397 1226 eum
1413 1149 1589 1254 prestito,
1607 1149 1700 1226 dixit
1713 1149 1819 1256 qnod
1837 1150 1877 1226 in
1895 1177 2018 1256 recep-

605 1279 712 1355 cione
733 1307 799 1355 sua
819 1277 1011 1388 abnegavit
1027 1281 1185 1356 Jhesum
1207 1306 1271 1356 ore
1291 1306 1368 1355 non
1390 1278 1522 1369 corde,
1553 1278 1600 1356 de
1623 1279 1799 1356 mandato
1815 1280 2016 1386 receptoris
2078 1285 2083 1300 '

604 1409 681 1498 sui,
698 1409 934 1515 presentibus
949 1427 987 1488 et
999 1408 1209 1487 viventibus
1226 1409 1402 1486 fratribus
1416 1407 1585 1486 Gerardo
1602 1409 1651 1485 de
1664 1411 1793 1514 Nonay
1809 1426 1848 1487 et
1857 1409 2015 1514 Hngone

606 1537 653 1613 de
673 1539 820 1627 Nersae,
854 1538 891 1614 in
918 1565 1084 1643 quorum
1109 1538 1226 1613 eciam
1250 1537 1443 1642 presencia
1469 1536 1636 1642 precepit
1667 1537 1701 1614 ei
1733 1536 1837 1643 quod
1867 1554 2017 1643 spueret

605 1695 717 1772 super
738 1666 939 1772 quamdam
962 1694 1112 1743 crucem
1135 1666 1297 1772 ligneam
1317 1667 1356 1743 in
1376 1695 1450 1773 qua
1474 1694 1552 1744 nou
1572 1683 1651 1742 erat
1668 1693 1801 1774 ymago
1822 1665 2015 1759 Crucifixi,

606 1797 724 1873 nescit
746 1823 815 1902 per
833 1824 954 1900 :quem
978 1795 1148 1885 allatam,
1178 1794 1320 1870 ibidem
1339 1796 1514 1900 positam,
1538 1813 1576 1872 et
1598 1797 1678 1901 ipse
1695 1797 1799 1874 testis
1823 1796 1925 1902 spuit
1940 1826 2015 1876 nou

606 1952 718 2030 supra
736 1925 803 2004 sed
818 1925 923 2032 juxta
942 1953 1037 2002 eam.
1056 1925 1269 2030 Requisitus
1283 1925 1376 2032 quid
1395 1925 1573 2031 processit
1594 1926 1641 2002 de
1661 1925 1839 2031 predictis
1859 1924 2015 2033 abnega-

606 2056 713 2132 cione
734 2071 771 2132 et
797 2054 1010 2159 spuicione,
1030 2055 1223 2160 respondit
1246 2082 1284 2130 se
1304 2082 1381 2131 non
1407 2055 1606 2132 recordari.
1633 2055 1849 2162 Requisitus
1870 2057 1901 2133 si
1921 2084 2017 2134 reve

605 2183 741 2260 laverat
759 2183 870 2261 alicui
889 2211 994 2260 suam
1016 2184 1293 2290 deposicionem
1313 2183 1589 2263 tactam·coram
1610 2184 1717 2262 dictis
1736 2183 1900 2262 dominis
1915 2213 2015 2262 com-

603 2313 800 2402 missariis,
833 2315 1029 2419 respoudit
1055 2314 1162 2418 quod
1186 2341 1275 2388 non.
1308 2314 1526 2421 Requisitus
1552 2314 1581 2390 si
1611 2313 1779 2419 predicta
1805 2314 1951 2420 spuicio
1980 2333 2017 2392 et

603 2442 805 2548 abnegacio
819 2442 971 2520 fuerunt
990 2459 1164 2546 precepta
1183 2460 1222 2516 et
1241 2441 1334 2517 facta
1348 2443 1388 2516 in
1409 2441 1692 2546 recepcionibus
1710 2440 1865 2517 illorum
1879 2443 2016 2548 quibus

605 2571 781 2675 deposuit
795 2599 833 2646 se
849 2569 1027 2657 adfuisse,
1048 2569 1242 2675 respondit
1257 2568 1360 2674 quod
1375 2570 1437 2646 sic.
1452 2568 1603 2646 Audivit
1616 2569 1779 2675 precipi,
1801 2597 1880 2646 non
1892 2588 2017 2648 tamen

605 2698 697 2775 vidit
715 2699 814 2788 fieri,
834 2699 920 2805 quia
949 2699 1061 2807 longe
1089 2700 1190 2776 etin
1219 2699 1433 2776 recedendo
1461 2716 1540 2776 erat
1569 2715 1723 2805 propter
1751 2702 2017 2808 occupaciones

606 2855 698 2932 quas
712 2828 875 2905 habebat
890 2829 929 2905 in
947 2828 1231 2935 recepcionihus
1249 2826 1407 2906 fratrum
1418 2826 1622 2907 Guaufredi
1633 2827 1814 2907 Gommar
1823 2845 1860 2905 et
1870 2830 2018 2910 alterius

605 2956 736 3035 militis
748 2958 813 3064 qui
830 2957 943 3034 simul
958 2957 1097 3064 recepti
1115 2958 1284 3050 fuerunt,
1303 2977 1341 3036 et
1354 2958 1473 3036 credit
1487 2958 1593 3064 quod
1608 2956 1740 3036 eadem
1754 2957 2019 3038 intervenirent

605 3088 857 3164 communiter
875 3089 914 3164 in
931 3088 1214 3195 recepcionibus
1230 3089 1389 3166 aliorum
1410 3089 1468 3166 vel
1490 3107 1585 3195 post.
1607 3088 1688 3166 Alia
1707 3117 1783 3167 non
1798 3090 1878 3167 vult
1896 3091 2018 3166 inmu-

604 3235 683 3294 tare
705 3218 744 3292 in
758 3247 824 3295 sua
840 3219 1078 3324 deposicione
1098 3219 1283 3323 predicta,
1302 3236 1345 3296 ut
1365 3219 1472 3308 dixit,
1493 3220 1560 3296 sed
1572 3247 1805 3327 perseverare
1820 3221 1860 3296 in
1875 3249 1930 3297 ea.
1950 3223 2017 3296 Re·

605 3346 765 3452 quisitus
780 3347 811 3422 si
831 3344 953 3424 fuerat
971 3375 1038 3453 per
1057 3348 1221 3453 aliquem
1242 3347 1418 3425 inductus
1434 3348 1483 3427 ad
1503 3348 1706 3426 dicendum
1721 3350 1807 3440 ista,
1827 3350 2018 3455 respondit

604 3476 709 3580 quod
729 3502 817 3553 non.
836 3477 1050 3583 Requisitus
1068 3505 1183 3583 quare
1200 3480 1272 3556 hoo
1284 3505 1362 3555 non
1385 3479 1528 3556 dixerat
1540 3479 1694 3586 quando
1708 3479 1832 3584 primo
1848 3480 2018 3585 deposuit

603 3630 729 3680 coram
752 3603 862 3682 dictis
884 3604 1047 3682 dominis
1067 3607 1346 3694 commissariis,
1373 3607 1568 3712 respondit
1593 3607 1699 3713 quod
1724 3607 1899 3686 credebat
1918 3607 2018 3686 suffi-

603 3759 704 3822 cere,
731 3734 818 3840 quia
841 3735 1009 3839 predicta
1042 3735 1268 3840 deposuerat
1290 3764 1416 3814 coram
1436 3735 1535 3814 dicto
1563 3736 1713 3816 officiali
1740 3738 1960 3826 Pictavensi,
1980 3754 2019 3843 et

603 3862 709 3968 quod
727 3863 907 3941 celaverat
920 3865 988 3942 ista
1007 3881 1159 3970 propter
1179 3865 1386 3942 fatuitatem
1406 3893 1522 3944 suam.

661 4122 852 4200 Predictus
871 4122 983 4202 frater
1001 4125 1188 4202 Johannes
1204 4127 1251 4203 de
1268 4125 1392 4204 Ruaus
1411 4153 1537 4205 coram
1550 4127 1728 4233 predictis
1741 4127 1905 4206 dominis
1917 4157 2017 4206 com-

604 4252 782 4329 missariis
802 4254 1042 4346 constitutus,
1052 4252 1268 4362 juramento
1288 4256 1406 4362 ipsius
1420 4259 1576 4363 prestito
1590 4286 1659 4364 per
1670 4259 1848 4337 eumdem
1861 4258 1909 4336 de
1923 4258 2017 4336 veri-

602 4398 677 4458 tate
691 4381 869 4472 dicenda,
886 4384 980 4462 dixit
989 4413 1028 4462 se
1039 4384 1153 4462 ruisse
1168 4385 1378 4464 consessum
1395 4415 1519 4464 coram
1538 4386 1686 4465 officiali
1701 4387 1906 4466 Pictnvensi
1916 4385 2018 4494 quod

601 4528 754 4614 spuerat
766 4541 876 4619 supra
889 4543 1055 4606 crucem,
1073 4533 1111 4591 et
1122 4515 1226 4620 quod
1241 4515 1486 4623 abnegaverat
1501 4517 1644 4604 Deum,
1667 4534 1705 4595 et
1718 4517 1822 4622 quod
1842 4517 1892 4594 ita
1906 4515 2018 4594 fiebat

602 4638 643 4714 in
666 4640 818 4732 ordine,
840 4659 878 4718 et
898 4642 1003 4748 quod
1025 4642 1201 4720 credebat
1225 4643 1499 4722 consessionem
1527 4645 1651 4752 magni
1673 4644 1838 4753 Magistri
1862 4661 1901 4721 et
1927 4643 2018 4722 alio-

602 4797 686 4846 rum
712 4772 992 4848 nominatorum
1026 4771 1065 4848 in
1092 4772 1232 4850 {icteris
1262 4773 1477 4879 apostolicis
1507 4801 1586 4854 esse
1612 4799 1748 4854 veram.
1776 4774 1847 4853 Cui
1874 4771 2017 4852 conses-
