4208 5886
411 554 485 626 eia
792 532 989 625 rnocts
1021 553 1117 640 ons
1148 551 1456 624 raurmans

409 724 495 771 nam
517 711 555 772 et
573 721 716 770 meram
736 693 949 784 veritatem,
969 693 1178 780 secundum
1198 691 1359 770 formam
1375 690 1582 799 juramenti
1602 691 1763 772 aliorum
1782 713 1837 773 tc-

409 826 523 902 stium
545 823 718 931 superius
738 823 985 933 registratam,
1009 823 1213 928 expositam
1232 837 1271 900 et
1281 821 1544 930 vulgaritatem
1566 822 1721 902 eisdem.

465 1087 608 1162 Eadem
622 1087 683 1162 die
699 1085 856 1192 predicti
875 1085 1019 1163 domini
1037 1085 1282 1164 commissarii
1297 1085 1469 1164 lecerunt
1485 1087 1613 1165 venire
1626 1088 1675 1166 ad
1689 1117 1839 1196 presen-

410 1218 504 1294 ciam
520 1245 624 1293 suam
645 1214 893 1294 Guillelmum
918 1215 1059 1324 Pidoye
1080 1215 1423 1296 administratorem
1445 1233 1482 1294 et
1502 1217 1700 1296 custodem
1718 1220 1839 1299 bono-

409 1377 492 1424 rum
508 1345 676 1453 Templi,
700 1346 738 1422 in
755 1347 863 1454 cujus
880 1364 919 1425 et
937 1346 1199 1424 consociorum
1216 1349 1296 1455 ejus
1313 1363 1498 1454 potestate
1518 1348 1745 1428 dicebantur
1757 1380 1837 1430 esse

409 1479 568 1585 reliquie
589 1496 626 1554 et
645 1505 753 1584 capse
776 1476 1022 1584 reliquiarum
1044 1505 1119 1586 que
1138 1493 1310 1583 tompore
1331 1477 1517 1584 capcionis
1535 1479 1836 1587 Templariorum

408 1610 558 1685 invente
574 1607 728 1686 fuerunt
741 1609 781 1684 in
795 1607 911 1685 domo
922 1606 1071 1713 Templi
1089 1607 1322 1695 Parisiensis‚
1338 1624 1376 1686 et
1385 1609 1555 1714 precepit
1569 1609 1622 1699 ei,
1639 1609 1735 1688 sicut
1750 1611 1839 1690 alias

408 1756 627 1844 preceptum
648 1738 772 1816 luerat
793 1765 863 1844 per
882 1737 1037 1817 eosdem
1064 1737 1242 1815 dominos
1262 1737 1537 1816 commissarios
1556 1757 1594 1817 et
1618 1741 1838 1820 mandatum

345 1875 347 1882 ’
409 1869 497 1956 sibi,
521 1887 559 1945 et
578 1869 755 1976 magistro
773 1867 983 1947 Guillelmo
1005 1869 1053 1946 de
1072 1867 1263 1961 Gisorcio,
1282 1885 1321 1946 et
1335 1869 1518 1978 Raynerio
1534 1871 1734 1964 Bordono,
1749 1899 1839 1951 con·

410 1999 521 2076 sociis
548 1999 625 2076 auis
650 2000 690 2074 in
717 1998 1046 2076 administracione
1066 2015 1104 2076 et
1130 1998 1302 2078 custodia
1323 1998 1562 2105 supradictis,
1582 2000 1688 2108 quod
1701 1998 1839 2079 defler-

409 2149 494 2207 rent
514 2130 560 2207 ad
581 2157 646 2208 eos
665 2130 794 2207 omnia
812 2130 932 2236 capita
957 2128 1150 2208 metallina
1174 2128 1234 2206 vel
1258 2128 1382 2238 lignee
1409 2157 1483 2238 que
1510 2156 1579 2234 per
1602 2159 1666 2209 eos
1691 2132 1839 2210 inventa

409 2259 557 2337 luerent
576 2260 615 2336 in
636 2261 734 2337 dicta
756 2262 871 2340 domo
892 2259 1057 2368 Templi.
1078 2261 1150 2338 Per
1168 2288 1284 2367 quem
1303 2259 1461 2338 allatum
1481 2259 1554 2337 luit
1573 2261 1627 2339 eis
1646 2264 1838 2368 quoddam

281 2476 289 2490 ,
409 2419 588 2499 magnum
607 2391 727 2498 capud
745 2407 965 2498 argenteum
977 2391 1199 2468 deauratum
1213 2388 1408 2496 pulcrum,
1431 2387 1590 2498 figuram
1611 2391 1838 2470 muliebrem

408 2521 574 2610 babens,
603 2522 702 2599 intra
719 2521 824 2628 quod
845 2539 952 2599 erant
970 2549 1052 2599 ossa
1070 2521 1185 2598 unius
1207 2521 1353 2628 capitis,
1371 2520 1540 2599 involuta
1559 2540 1597 2599 et
1620 2541 1777 2600 consuta
1801 2526 1840 2600 in

408 2649 574 2756 quodam
598 2677 722 2756 panno
745 2651 847 2728 lineo
873 2648 977 2738 albo,
999 2651 1170 2759 syndone
1196 2649 1314 2728 rubea
1338 2651 1591 2757 superposita,
1620 2669 1656 2727 et
1687 2669 1766 2729 erat
1787 2651 1839 2730 ibi

409 2781 573 2886 quedam
594 2781 730 2860 cedula
753 2799 908 2859 consuta
931 2783 969 2858 in
990 2811 1063 2888 qua
1087 2799 1166 2858 erat
1185 2781 1367 2887 scriptum
1393 2781 1513 2887 capud
1535 2795 1655 2873 nvut‘,
1680 2799 1718 2859 et
1741 2782 1839 2860 dicta

410 2939 491 2991 ossa
512 2913 814 2991 assimilabantur
828 2912 975 2991 ossibus
999 2913 1128 3018 capitis
1145 2913 1246 3018 parvi
1270 2911 1485 2999 muliebris,
1510 2929 1548 2990 et
1572 2912 1768 2992 dicebatur
1793 2913 1839 2992 ab

409 3040 601 3149 aliquibus
616 3043 721 3149 quod
734 3059 814 3119 erat
826 3041 946 3149 capud
962 3043 1074 3120 unius
1093 3041 1272 3119 undecim
1288 3041 1452 3120 millium
1470 3041 1670 3150 virginum.
1685 3041 1767 3119 Alia
1783 3073 1840 3120 ca·

409 3172 487 3277 pita
504 3171 596 3249 dixit
614 3171 717 3249 idem
735 3171 968 3250 Guillelmus
987 3173 1128 3279 Pidoye
1144 3199 1183 3250 se
1202 3200 1280 3250 oon
1296 3173 1482 3250 invenisse
1498 3171 1539 3248 in
1555 3171 1671 3250 domo
1690 3174 1839 3280 Templi

409 3302 588 3408 predicta.
613 3305 698 3378 Post
720 3279 793 3408 que
816 3303 906 3378 dicti
926 3303 1069 3378 domini
1093 3303 1338 3380 commissarii
1355 3301 1524 3380 lecerunt
1541 3304 1669 3380 venire
1689 3306 1737 3381 ad
1757 3335 1840 3412 pre·

411 3433 574 3508 senciam
591 3461 724 3510 eorum
740 3431 892 3509 fratrem
908 3431 1157 3510 Guillelmum
1177 3432 1225 3509 de
1245 3429 1407 3539 Arbleyo
1422 3431 1513 3508 olim
1535 3431 1839 3512 elemosinarium

410 3562 527 3668 regis,
545 3579 680 3640 testem
695 3591 808 3670 supra
822 3563 1095 3648 examinatum,
1116 3561 1183 3669 qui
1204 3561 1430 3668 deposuerat
1445 3561 1545 3638 inter
1559 3560 1630 3638 alie
1648 3591 1687 3639 se
1705 3563 1840 3642 vidisse

409 3693 602 3799 quoddam
614 3669 735 3799 capud
750 3693 789 3768 in
804 3693 976 3798 capitulis
990 3720 1123 3768 eorum
1136 3691 1390 3799 generalibus,
1407 3692 1466 3768 cui
1477 3693 1728 3770 reverenciam
1741 3695 1840 3771 exbi-

409 3822 564 3912 bebant,
587 3839 625 3899 et
640 3840 717 3900 erat
733 3821 950 3912 barbatum,
978 3839 1016 3898 et
1042 3821 1220 3899 credebat
1232 3849 1312 3900 esse
1327 3819 1484 3929 ydolum
1503 3822 1608 3930 qnod
1619 3821 1839 3902 dicebantur

410 3955 590 4045 adorare;
618 3972 656 4031 et
675 3953 923 4036 ostenderunt
947 3953 1070 4030 eidem
1091 3952 1196 4030 fratri
1225 3952 1434 4032 Guillelmo
1464 3953 1607 4030 dictum
1634 3955 1775 4060 capud,
1794 3954 1836 4032 ad

411 4084 608 4160 sciendum
623 4085 654 4160 si
681 4101 760 4160 erat
784 4083 879 4160 illud
904 4085 1025 4190 capud
1047 4086 1094 4161 de
1119 4112 1195 4190 quo
1214 4083 1316 4162 idem
1339 4082 1453 4162 frater
1470 4081 1700 4162 Guillelmus
1723 4083 1839 4192 depo-

411 4231 549 4303 suerat,
564 4231 602 4291 et
613 4213 810 4322 respondit
828 4216 932 4321 quod
952 4243 1049 4305 non,
1071 4241 1141 4289 nec
1157 4230 1236 4290 erat
1248 4231 1371 4292 certus
1384 4214 1414 4291 si
1436 4214 1526 4290 alias
1539 4213 1685 4289 viderat
1697 4213 1837 4293 dictum

410 4345 532 4448 capud
550 4346 590 4420 in
606 4345 722 4421 domo
741 4345 903 4452 Templi.

469 4475 559 4551 Acta
578 4473 735 4552 fuerunt
749 4477 820 4553 bec
835 4455 943 4554 dictis
961 4476 1023 4552 die
1044 4493 1083 4553 et
1100 4476 1200 4566 loco,
1226 4475 1466 4581 presentibus
1485 4473 1664 4579 magistro
1679 4474 1834 4564 Amisio,

411 4636 473 4684 me
493 4607 749 4682 Floriamonte
763 4605 981 4694 Dondedei,
1003 4619 1041 4682 et
1053 4605 1134 4683 aliis
1147 4605 1301 4684 notariis
1312 4632 1425 4712 supra
1442 4603 1581 4682 ultimo
1595 4605 1809 4682 nominatis.

468 4870 555 4945 Post
572 4869 657 4956 bec,
672 4869 733 4945 die
750 4867 925 4946 Mercurii
941 4868 1130 4974 sequenti,
1143 4895 1218 4973 que
1233 4865 1305 4944 fuit
1317 4891 1367 4946 xu
1380 4867 1462 4944 dies
1477 4865 1567 4943 dicti
1578 4865 1719 4944 mensis
1733 4867 1833 4952 Maii,
