4486 5890
605 440 672 511 na
987 417 1181 514 reeens
1208 439 1303 514 ess
1329 435 1632 514 rememoras

595 582 769 657 Ecclesie.
792 583 846 656 Ex
865 599 1041 686 precepto
1057 581 1294 688 superiorum
1311 581 1405 658 vidit
1421 580 1644 658 elemosinas
1661 595 1699 656 et
1721 577 2012 684 hospitalitatem

597 713 864 787 convenienter
883 709 965 788 lieri
988 729 1024 788 et
1043 712 1178 787 servari
1208 712 1247 786 in
1277 710 1455 787 domibus
1481 710 1624 788 ordinis
1652 707 1851 814 inquibus
1877 709 2015 785 exstitit

599 857 868 928 commoratus,
893 857 929 917 et
944 840 1085 916 audivit
1100 839 1267 918 dellendi
1281 867 1329 916 ne
1345 839 1513 917 indebite
1529 839 1768 945 requirerent
1782 837 1920 916 ordini.
1940 839 2018 916 Sta-

598 988 724 1047 tutum
747 971 925 1046 factumn
952 971 1127 1076 Magistro
1151 997 1199 1046 ne
1228 986 1400 1046 uteretur
1431 969 1542 1046 certis
1563 967 1711 1046 cibariis
1739 967 1779 1043 in
1804 983 1906 1044 sexta
1928 966 2017 1044 seria

599 1102 753 1178 servavit
772 1101 882 1186 ordo,
904 1117 1032 1178 contra
1052 1126 1166 1207 quem
1186 1129 1288 1177 nunc
1307 1100 1462 1207 grandia
1486 1098 1677 1187 scandala,
1700 1098 1865 1204 suspicio
1895 1117 1933 1175 et
1958 1099 2015 1174 in·
2073 1098 2077 1106 ’

600 1231 711 1306 samia
731 1248 818 1306 sunt
839 1246 979 1316 exorta,
1001 1247 1039 1306 et
1067 1247 1195 1306 contra
1225 1257 1339 1335 quem
1370 1228 1493 1306 dictus
1522 1228 1698 1338 Magister
1724 1227 1849 1333 aliqua
1882 1228 2018 1304 dicitur

600 1361 715 1436 fuisse
731 1359 938 1450 consessum
962 1362 1009 1436 ad
1024 1359 1133 1466 cujus
1151 1358 1294 1436 ordinis
1310 1357 1570 1436 defensionem
1590 1386 1630 1435 se
1646 1356 1848 1434 obtulerat.

657 1488 872 1594 Requisitus
886 1488 915 1564 si
929 1489 981 1564 sic
995 1488 1219 1593 deposuerat
1229 1514 1354 1592 prece,
1366 1503 1542 1594 precepto
1555 1547 1563 1575 ,
1575 1488 1732 1575 timore,
1751 1511 1892 1572 amore,
1909 1486 2016 1573 odio,

598 1618 656 1694 vel
671 1616 868 1722 temporali
889 1615 1049 1694 comodo
1064 1616 1193 1696 habito
1207 1617 1265 1694 vel
1284 1616 1475 1710 habendo,
1498 1615 1694 1722 respondit
1710 1616 1817 1722 quod
1836 1643 1929 1703 non,
1951 1615 2017 1692 sed

599 1775 668 1853 pro
686 1748 839 1825 veritate
861 1746 1035 1836 dicenda;
1057 1746 1118 1824 cui
1138 1744 1211 1822 luit
1237 1747 1448 1853 injunctum
1479 1746 1584 1851 quod
1615 1772 1693 1823 non
1717 1744 1900 1822 revelaret
1924 1745 2016 1822 banc

599 1907 706 1954 suam
726 1876 1021 1983 deposicionem,
1036 1903 1234 1986 quousque
1255 1875 1514 1955 attestaciones
1531 1874 1671 1953 luerint
1691 1874 1891 1982 publicate.

656 2141 783 2217 Frater
797 2139 953 2246 Egidius
967 2139 1014 2216 de
1035 2142 1243 2218 Lovencort
1257 2140 1437 2227 serviens,
1449 2138 1710 2216 Ambianensis
1725 2138 1897 2226 diocesis,
1917 2137 2018 2234 testis

599 2297 710 2372 supra
734 2268 904 2375 juratus,
945 2293 986 2347 tv
1021 2296 1206 2346 annorum
1244 2269 1303 2345 vel
1332 2268 1444 2358 circa,
1480 2269 1548 2374 qui
1582 2266 1806 2345 mantellum
1839 2282 2017 2342 vetustate

600 2415 865 2502 consumptum
884 2397 1098 2487 dimiserat,
1119 2396 1365 2504 postmodum
1380 2397 1460 2472 radi
1479 2396 1617 2472 lecerat
1636 2394 1707 2473 sibi
1726 2394 1900 2482 barbam,
1923 2412 1960 2471 et
1979 2395 2017 2469 in

598 2527 755 2603 consilio
775 2528 950 2604 Remensi
966 2524 1160 2604 absolutus
1178 2543 1217 2602 et
1235 2525 1496 2604 reconciliatus
1515 2525 1638 2606 luerat
1655 2554 1725 2631 per
1741 2523 1940 2602 dominum
1961 2551 2019 2598 ar-

599 2656 878 2762 chiepiscopum
906 2657 1131 2732 Remensem
1159 2656 1226 2762 qui
1259 2655 1500 2762 inquisiverat
1532 2685 1618 2732 cum
1645 2656 1795 2732 eodem.
1828 2653 1949 2730 Lectis
1984 2669 2019 2727 et

599 2784 801 2890 diligenter
821 2786 998 2890 expositis
1018 2785 1088 2863 sibi
1110 2785 1290 2862 omnibus
1309 2802 1348 2861 et
1373 2784 1529 2893 singulis
1553 2783 1738 2874 articulis,
1759 2781 1917 2888 repetita
1937 2809 2021 2887 pro-

599 2915 802 2992 testacione
820 2916 1004 3019 predicta,
1022 2914 1220 3021 respondit
1239 2941 1277 2992 se
1300 2915 1460 3005 nescire,
1478 2942 1548 2990 nec
1560 2914 1734 3004 credere,
1750 2941 1821 2991 nec
1836 2910 2019 2989 audivisse

599 3043 696 3119 adici
717 3045 764 3120 de
783 3044 967 3121 contentis
993 3045 1031 3120 in
1049 3045 1104 3121 eis
1124 3043 1197 3120 nisi
1215 3045 1319 3150 quod
1338 3045 1520 3150 sequitur.
1542 3043 1646 3120 Dixit
1666 3070 1804 3149 nempe
1823 3039 1930 3148 quod
1942 3042 2019 3145 ipse

599 3189 637 3248 et
656 3171 769 3248 frater
788 3171 1006 3277 Amulphus
1025 3173 1205 3261 servieus,
1226 3172 1332 3279 eujus
1352 3199 1561 3279 cognomen
1584 3188 1623 3248 et
1640 3172 1799 3277 patriam
1819 3171 1965 3279 ignorat
1984 3187 2020 3246 et

599 3332 646 3378 an
656 3303 767 3390 vivat,
788 3303 942 3380 luerunt
954 3302 1068 3379 simul
1083 3301 1240 3408 recepti,
1258 3302 1297 3377 in
1314 3301 1518 3380 crastinum
1533 3303 1702 3382 instantis
1720 3301 1805 3380 festi
1823 3300 2021 3378 nativitatis

597 3433 779 3510 lobannis
790 3433 952 3541 Baptiste
966 3452 1077 3512 erunt
1092 3461 1114 3512 x
1127 3433 1233 3524 anni,
1251 3434 1289 3509 in
1305 3431 1444 3539 capella
1458 3433 1595 3510 demus
1608 3431 1758 3539 Templi
1775 3431 1823 3509 de
1838 3432 2020 3510 Merman

598 3565 656 3640 cie
681 3563 927 3670 Lingonensis
956 3563 1135 3653 diocesis,
1165 3591 1234 3670 per
1260 3561 1411 3640 fratrem
1440 3563 1689 3640 Laurencium
1713 3563 1759 3640 de
1785 3561 1899 3639 Belna
1932 3578 2020 3636 tunc

597 3710 857 3799 preceptorem
882 3693 981 3771 dicte
1012 3695 1170 3781 domus,
1199 3690 1438 3799 presentibus
1465 3691 1642 3768 fratribus
1671 3689 1846 3770 Gnidone
1867 3689 1904 3766 lo
1925 3691 2020 3766 Mas-

598 3848 639 3897 so
656 3839 693 3896 et
700 3822 879 3900 Durando
894 3822 1002 3930 cujus
1017 3847 1228 3928 cognomen
1246 3820 1392 3928 ignorat
1413 3836 1451 3895 et
1469 3847 1516 3896 an
1536 3820 1612 3897 sint
1627 3819 1713 3910 vivi,
1731 3835 1768 3895 et
1793 3815 2018 3925 quibusdam

598 3950 681 4026 aliis
703 3949 750 4027 de
774 3950 914 4058 quibus
943 3979 1021 4027 non
1048 3949 1197 4041 recolit,
1220 3950 1259 4026 in
1284 3952 1385 4027 hunc
1412 3950 1570 4026 modum
1594 3980 1602 4023 :
1628 3977 1713 4024 nam
1740 3975 1825 4024 cum
1848 3947 2020 4052 peciisset

598 4107 733 4184 panem
755 4098 792 4157 et
812 4109 947 4187 aquam
967 4097 1005 4157 et
1025 4081 1240 4157 societatem
1265 4078 1408 4156 ordinis
1431 4095 1469 4154 et
1493 4081 1550 4155 eis
1573 4079 1829 4167 concessisset,
1850 4075 1938 4154 lecit
1957 4103 2019 4152 eos

599 4239 732 4286 vovere
748 4227 785 4287 et
794 4213 922 4320 jurare
942 4211 1164 4304 castitatem,
1185 4211 1465 4304 obedienciam,
1485 4210 1607 4286 vivere
1622 4210 1702 4286 sine
1722 4211 1874 4316 proprio
1890 4225 1929 4285 et
1947 4237 2020 4285 ser·

599 4365 682 4415 vare
695 4339 817 4418 bonos
833 4357 971 4418 ususet
984 4340 1572 4431 bonasconsuetudinesordinis3
1590 4356 1628 4417 et
1639 4339 1823 4446 impositis
1842 4338 1897 4416 eis
1917 4367 2018 4415 inan·

598 4469 715 4558 tellis,
734 4469 889 4548 fuerunt
908 4499 973 4548 eos
993 4499 1124 4548 omnes
1145 4471 1301 4548 osculati
1329 4471 1369 4548 in
1399 4499 1487 4548 ore:
1519 4487 1557 4547 et
1581 4469 1770 4547 instructis
1790 4485 1884 4576 quot
1912 4469 2020 4546 Pater

601 4616 714 4676 noster
732 4600 900 4676 dicerent
918 4630 986 4707 pro
1007 4601 1110 4678 horis
1129 4602 1224 4690 suis,
1250 4619 1289 4678 et
1306 4601 1469 4708 qualiter
1488 4629 1526 4678 se
1544 4601 1584 4676 in
1605 4599 1737 4680 ordine
1756 4617 1950 4706 regerent,
1964 4625 2018 4673 re-

599 4746 803 4808 cesserunt.
831 4730 972 4836 Elapsis
987 4759 1075 4812 vero
1094 4759 1156 4808 sex
1175 4731 1231 4808 vel
1253 4749 1397 4836 septem
1417 4730 1569 4822 diebus,
1591 4730 1714 4808 dictus
1731 4745 1905 4834 receptor
1918 4755 2018 4805 voca-
