4208 5886
399 507 473 578 rao
779 489 974 582 esoces
1007 507 1104 580 nas
1134 507 1439 582 rsurttsns

398 663 435 725 et
455 643 575 722 credit
589 644 694 751 quod
711 645 808 724 bene
829 649 1027 726 crederent
1043 646 1300 726 ecclesiasticis
1316 647 1570 736 sacramentis,
1590 645 1822 752 quibusipse

397 776 532 864 eredit,
551 792 589 852 et
602 775 708 881 quod
725 804 856 855 eorum
872 779 1100 868 sacerdotes,
1123 778 1217 855 sicut
1230 794 1268 854 et
1282 778 1361 884 ipse
1376 777 1482 856 testis
1494 776 1671 867 faciebat,
1694 777 1822 855 debite

396 924 434 983 et
453 908 662 984 secundum
683 906 842 985 formam
861 909 1024 986 Ecclesia
1043 906 1289 986 celebrarent.
1312 909 1445 988 Statim
1469 935 1539 1014 pro
1558 905 1735 1014 professis
1759 908 1824 984 ba-

366 1107 370 1114 .
394 1036 593 1114 bebantur.
614 1035 855 1116 Clandestine
871 1036 1161 1146 recipiebantur,
1174 1037 1297 1117 ¹nullis
1310 1037 1548 1146 presentibus
1559 1037 1632 1114 nisi
1647 1034 1823 1115 fratribus

396 1165 556 1255 ordinis,
578 1195 622 1243 ex
641 1195 719 1273 quo
742 1168 862 1245 credit
886 1168 991 1275 quod
1005 1185 1103 1246 esset
1117 1168 1279 1274 suspicio
1295 1184 1424 1247 contra
1439 1195 1515 1246 eos.
1526 1165 1706 1245 Cordulis
1718 1166 1822 1244 unde

397 1295 571 1375 volebant
584 1299 783 1404 assumptis
801 1299 1048 1408 cingebantur
1064 1327 1177 1406 super
1193 1300 1363 1378 camisias
1376 1329 1463 1377 cum
1483 1298 1622 1406 quibus
1634 1297 1819 1406 jacebant.

395 1425 416 1501 J
419 1425 576 1503 urebant
594 1455 671 1506 non
686 1429 850 1507 revelare
866 1446 1007 1506 secreta
1026 1428 1308 1537 capitoliorum,
1331 1431 1450 1508 eciam
1465 1425 1643 1507 fratribus
1661 1427 1820 1535 quinon

395 1554 592 1633 adfuerant
615 1557 655 1634 in
672 1557 839 1650 eisdem,
860 1559 907 1636 de
928 1559 1045 1636 modo
1059 1558 1289 1665 recepcionis
1310 1557 1461 1664 speciali
1480 1585 1559 1636 non
1574 1557 1702 1636 habita
1719 1585 1822 1634 men·

394 1684 520 1777 cione;
543 1689 666 1793 etqui
686 1688 928 1781 revelassent,
948 1689 1073 1796 puniti
1094 1686 1269 1778 fuissent,
1294 1704 1333 1765 et
1354 1689 1528 1766 habitum
1547 1687 1817 1796 perdidissent,

395 1831 438 1892 ut
458 1816 589 1892 credit.
609 1817 879 1926 Injungebatur
895 1819 949 1896 eis
969 1819 1074 1926 quod
1094 1819 1279 1926 quamdiu
1299 1834 1473 1925 poterant
1497 1815 1670 1896 confiteri
1699 1845 1819 1896 sacer-

395 1943 549 2022 dotibus
564 1947 724 2036 ordinis,
743 1977 820 2026 non
833 1947 1107 2027 confiterentur
1123 1947 1217 2026 aliis.
1235 1950 1382 2028 Fratres
1397 1948 1537 2056 quibus
1552 1947 1672 2024 credit
1690 1964 1819 2024 notarn

392 2071 506 2153 luisse
525 2075 817 2186 abnegationem
833 2078 1078 2157 confessatam
1105 2107 1174 2186 per
1189 2107 1277 2156 cum
1291 2076 1447 2156 suerunt
1466 2077 1714 2186 negligentes,
1731 2077 1820 2184 quia

393 2233 470 2282 non
491 2227 733 2285 correxerunt
757 2239 827 2286 nec
851 2210 1171 2288 denunciaverunt
1189 2209 1365 2288 Ecclesia.
1382 2208 1618 2288 Elemosinas
1635 2225 1673 2286 et
1691 2207 1820 2314 bospi-

391 2335 574 2413 talitatem
596 2338 689 2416 vidit
716 2342 984 2422 convenienter
1010 2341 1093 2418 fieri
1112 2358 1151 2419 et
1175 2341 1311 2418 servari
1340 2342 1379 2417 in
1407 2339 1584 2417 domibus
1609 2339 1752 2417 ordinis
1779 2339 1819 2416 in

391 2467 531 2573 quibus
553 2468 675 2546 extitit
694 2489 962 2562 commoratus,
986 2488 1024 2548 et
1045 2469 1321 2578 precipiebatur
1344 2470 1398 2548 eis
1418 2469 1525 2576 quod
1546 2467 1674 2546 debite
1692 2469 1820 2575 aequi-

389 2615 518 2674 rerent
546 2598 685 2677 ordini.
711 2599 865 2678 Audivit
887 2603 960 2678 dici
988 2602 1093 2708 quod
1119 2629 1251 2680 eorum
1269 2600 1444 2706 capitalia
1463 2599 1560 2676 clam
1579 2596 1818 2686 tenebantur,

391 2728 508 2805 nullis
527 2728 766 2836 presentibus
787 2731 859 2808 nisi
876 2730 1052 2809 fratribus
1079 2731 1240 2818 ordinis,
1253 2728 1381 2838 januis
1407 2727 1598 2806 demusin
1619 2755 1693 2834 qua
1711 2745 1819 2806 tene-

390 2857 504 2934 batur
527 2859 734 2967 capitulum
758 2861 904 2940 clausis.
925 2863 1108 2940 Ordinata
1127 2889 1195 2968 per
1206 2863 1426 2971 Magistrum
1440 2887 1527 2936 cum
1547 2875 1734 2936 conventu
1749 2889 1821 2936 ser-

390 3008 510 3067 vasset
527 3006 631 3069 totus
656 2992 770 3080 ordo,
795 3011 1059 3101 contraquam
1085 3021 1185 3070 nune
1210 2992 1364 3098 grandia
1386 2989 1577 3081 scandala,
1593 2990 1754 3096 suspicio
1782 3007 1821 3066 et

391 3119 544 3200 inlamia
569 3140 659 3199 sunt
679 3141 821 3216 exorta,
843 3141 882 3202 et
910 3142 1174 3230 contraquam
1199 3123 1320 3202 dictus
1338 3123 1515 3231 Magister
1541 3138 1580 3198 et
1603 3119 1666 3198 alii
1693 3119 1819 3227 aliqua

392 3249 571 3328 dicuntur
583 3252 698 3330 fuisse
712 3254 891 3344 conlassir
913 3255 960 3330 ad
977 3255 1083 3360 cujus
1099 3255 1243 3333 ordinis
1257 3252 1530 3332 deffensionem
1551 3279 1591 3329 se
1611 3279 1689 3330 non
1707 3250 1819 3329 obtu-

391 3380 501 3470 lerat,
518 3409 586 3460 nec
600 3382 723 3460 suerat
742 3385 840 3463 ultra
853 3413 968 3463 mare.

447 3516 663 3621 Requisitus
679 3516 709 3593 si
724 3516 776 3593 sic
792 3516 1019 3623 deposuerat
1033 3545 1163 3623 prece,
1185 3533 1376 3623 precepto,
1387 3515 1538 3606 timore,
1552 3539 1692 3604 amore,
1710 3513 1815 3600 odio,

251 3647 257 3664 '
390 3645 447 3728 vel
464 3645 662 3753 temporali
685 3647 849 3725 eomodo
863 3648 995 3726 habito
1012 3647 1071 3724 vel
1088 3646 1278 3737 habendo,
1300 3645 1496 3753 respondit
1514 3642 1619 3750 quod
1639 3669 1732 3734 non,
1751 3642 1819 3720 sed

390 3806 459 3883 pro
478 3779 630 3855 veritate
657 3778 833 3866 dicenda;
860 3779 921 3855 cui
949 3777 1021 3854 suit
1044 3777 1258 3885 injunctum
1283 3774 1388 3881 quod
1413 3801 1491 3852 non
1518 3772 1699 3851 revelaret
1723 3771 1819 3848 banc

391 3934 496 3982 suam
517 3906 816 4012 deposicionem,
837 3934 1036 4013 quousque
1055 3907 1316 3984 attestaciones
1334 3904 1475 3984 luerim
1493 3902 1693 4012 publicata.

447 4175 577 4250 Frater
596 4173 704 4280 Hugo
729 4172 776 4247 de
798 4172 918 4247 Fauro
939 4169 1064 4260 miles,
1086 4170 1361 4247 Lemovicensis
1385 4168 1562 4258 diocesis,
1583 4167 1688 4244 testis
1708 4193 1818 4272 supra

387 4305 551 4412 juranis,
568 4301 910 4410 quinquagenarius
925 4299 983 4377 vel
998 4298 1109 4390 circa,
1126 4327 1204 4377 non
1218 4298 1405 4377 defferens
1418 4297 1643 4376 mantellum
1658 4295 1817 4381 ordinis,

391 4434 479 4540 quia
504 4433 628 4540 ipsum
651 4433 845 4510 dimiserat
864 4447 1044 4509 vetustate
1065 4448 1349 4536 consumptum,
1375 4429 1532 4508 barbam
1552 4445 1681 4504 tamen
1701 4425 1820 4504 deffe-

391 4563 519 4652 rebat,
549 4591 636 4639 cnm
663 4591 739 4669 quo
767 4562 989 4668 inquisitum
1015 4562 1154 4651 luerat,
1182 4559 1376 4638 absolutus
1401 4576 1440 4636 et
1465 4555 1728 4636 reconciliatus
1752 4583 1849 4662 per,

392 4693 591 4772 dominum
620 4693 925 4772 Lemovicensem
950 4691 1187 4798 episcopum,
1214 4688 1322 4767 lectis
1345 4707 1384 4766 et
1410 4687 1612 4794 diligenter
1642 4685 1818 4793 expositis

390 4825 462 4904 eibi
479 4823 658 4904 omnibus
673 4841 712 4901 et
726 4822 884 4930 singulis
903 4820 1084 4911 articulis,
1106 4818 1302 4927 respondit
1321 4847 1360 4898 se
1381 4819 1537 4914 nescire,
1559 4845 1630 4897 nec
1649 4816 1815 4906 credere,
