<?xml version="1.0" encoding="UTF-8"?>
<!DOCTYPE html PUBLIC "-//W3C//DTD XHTML 1.0 Transitional//EN"
    "http://www.w3.org/TR/xhtml1/DTD/xhtml1-transitional.dtd">
<html xmlns="http://www.w3.org/1999/xhtml" xml:lang="en" lang="en">
 <head>
  <title>
</title>
<meta http-equiv="Content-Type" content="text/html;charset=utf-8" />
  <meta name='ocr-system' content='tesseract 3.04.00' />
  <meta name='ocr-capabilities' content='ocr_page ocr_carea ocr_par ocr_line ocrx_word'/>
</head>
<body>
  <div class='ocr_page' id='page_1' title='image "./procsdestemplie03defegoog/procsdestemplie03defegoog_0455.png"; bbox 0 0 4210 5882; ppageno 0'>
   <div class='ocr_carea' id='block_1_1' title="bbox 685 553 1726 650">
    <p class='ocr_par' dir='ltr' id='par_1_1' title="bbox 685 553 1726 650">
     <span class='ocr_line' id='line_1_1' title="bbox 685 553 1726 650; baseline 0.003 -4"><span class='ocrx_word' id='word_1_1' title='bbox 685 553 882 648; x_wconf 81' lang='lat' dir='ltr'><strong>rnocns</strong></span> <span class='ocrx_word' id='word_1_2' title='bbox 908 573 1005 646; x_wconf 84' lang='lat' dir='ltr'><strong>ons</strong></span> <span class='ocrx_word' id='word_1_3' title='bbox 1030 573 1334 648; x_wconf 72' lang='lat' dir='ltr'><strong>usurarias.</strong></span> <span class='ocrx_word' id='word_1_4' title='bbox 1651 573 1726 650; x_wconf 77' lang='lat' dir='ltr'><strong>aas</strong></span> 
     </span>
    </p>
   </div>
   <div class='ocr_carea' id='block_1_2' title="bbox 212 712 1810 4770">
    <p class='ocr_par' dir='ltr' id='par_1_2' title="bbox 290 712 1729 2926">
     <span class='ocr_line' id='line_1_2' title="bbox 350 712 1728 822; baseline 0.001 -28"><span class='ocrx_word' id='word_1_5' title='bbox 350 712 796 822; x_wconf 86' lang='lat' dir='ltr'><strong>Similiterqueviditfieri</strong></span> <span class='ocrx_word' id='word_1_6' title='bbox 811 715 1071 822; x_wconf 91' lang='lat' dir='ltr'><strong>recepcionem</strong></span> <span class='ocrx_word' id='word_1_7' title='bbox 1089 714 1249 795; x_wconf 87' lang='lat' dir='ltr'><strong>aliorum</strong></span> <span class='ocrx_word' id='word_1_8' title='bbox 1271 713 1427 792; x_wconf 75' lang='lat' dir='ltr'>fratrum</span> <span class='ocrx_word' id='word_1_9' title='bbox 1439 714 1675 794; x_wconf 79' lang='lat' dir='ltr'><strong>sacerdotum</strong></span> <span class='ocrx_word' id='word_1_10' title='bbox 1691 735 1728 795; x_wconf 89' lang='lat' dir='ltr'><strong>et</strong></span> 
     </span>
     <span class='ocr_line' id='line_1_3' title="bbox 292 845 1726 957; baseline 0.003 -35"><span class='ocrx_word' id='word_1_11' title='bbox 292 845 517 924; x_wconf 83' lang='lat' dir='ltr'><strong>secularium</strong></span> <span class='ocrx_word' id='word_1_12' title='bbox 537 875 798 953; x_wconf 90' lang='lat' dir='ltr'><strong>personarum,</strong></span> <span class='ocrx_word' id='word_1_13' title='bbox 821 847 868 924; x_wconf 91' lang='lat' dir='ltr'><strong>dc</strong></span> <span class='ocrx_word' id='word_1_14' title='bbox 887 846 1109 954; x_wconf 89' lang='lat' dir='ltr'><strong>recepcionc</strong></span> <span class='ocrx_word' id='word_1_15' title='bbox 1130 875 1292 954; x_wconf 87' lang='lat' dir='ltr'><strong>quorum</strong></span> <span class='ocrx_word' id='word_1_16' title='bbox 1316 846 1410 925; x_wconf 92' lang='lat' dir='ltr'><strong>ordo</strong></span> <span class='ocrx_word' id='word_1_17' title='bbox 1426 865 1464 924; x_wconf 93' lang='lat' dir='ltr'><strong>ct</strong></span> <span class='ocrx_word' id='word_1_18' title='bbox 1477 847 1582 924; x_wconf 91' lang='lat' dir='ltr'><strong>modi</strong></span> <span class='ocrx_word' id='word_1_19' title='bbox 1602 849 1726 957; x_wconf 84' lang='lat' dir='ltr'><strong>scripti</strong></span> 
     </span>
     <span class='ocr_line' id='line_1_4' title="bbox 292 976 1728 1086; baseline 0.002 -32"><span class='ocrx_word' id='word_1_20' title='bbox 292 978 435 1055; x_wconf 88' lang='lat' dir='ltr'><strong>suntin</strong></span> <span class='ocrx_word' id='word_1_21' title='bbox 456 976 558 1056; x_wconf 90' lang='lat' dir='ltr'><strong>dicto</strong></span> <span class='ocrx_word' id='word_1_22' title='bbox 578 977 676 1057; x_wconf 90' lang='lat' dir='ltr'><strong>libro</strong></span> <span class='ocrx_word' id='word_1_23' title='bbox 695 994 921 1058; x_wconf 90' lang='lat' dir='ltr'><strong>statutorum</strong></span> <span class='ocrx_word' id='word_1_24' title='bbox 943 996 981 1056; x_wconf 91' lang='lat' dir='ltr'><strong>et</strong></span> <span class='ocrx_word' id='word_1_25' title='bbox 1002 979 1132 1086; x_wconf 82' lang='lat' dir='ltr'><strong>regule</strong></span> <span class='ocrx_word' id='word_1_26' title='bbox 1154 978 1379 1086; x_wconf 82' lang='lat' dir='ltr'><strong>supradicte.</strong></span> <span class='ocrx_word' id='word_1_27' title='bbox 1409 980 1465 1057; x_wconf 91' lang='lat' dir='ltr'><strong>De</strong></span> <span class='ocrx_word' id='word_1_28' title='bbox 1493 979 1728 1086; x_wconf 86' lang='lat' dir='ltr'><strong>temporibus</strong></span> 
     </span>
     <span class='ocr_line' id='line_1_5' title="bbox 292 1110 1728 1218; baseline 0.002 -31"><span class='ocrx_word' id='word_1_29' title='bbox 292 1127 416 1188; x_wconf 88' lang='lat' dir='ltr'><strong>autem</strong></span> <span class='ocrx_word' id='word_1_30' title='bbox 431 1111 661 1216; x_wconf 88' lang='lat' dir='ltr'><strong>recepcionis</strong></span> <span class='ocrx_word' id='word_1_31' title='bbox 675 1110 834 1190; x_wconf 88' lang='lat' dir='ltr'><strong>aliorum</strong></span> <span class='ocrx_word' id='word_1_32' title='bbox 844 1111 909 1218; x_wconf 91' lang='lat' dir='ltr'><strong>qui</strong></span> <span class='ocrx_word' id='word_1_33' title='bbox 924 1111 1064 1218; x_wconf 81' lang='lat' dir='ltr'><strong>recepti</strong></span> <span class='ocrx_word' id='word_1_34' title='bbox 1076 1110 1230 1190; x_wconf 83' lang='lat' dir='ltr'><strong>fuerunt</strong></span> <span class='ocrx_word' id='word_1_35' title='bbox 1241 1128 1327 1218; x_wconf 91' lang='lat' dir='ltr'><strong>post</strong></span> <span class='ocrx_word' id='word_1_36' title='bbox 1336 1112 1598 1217; x_wconf 89' lang='lat' dir='ltr'><strong>recepcionem</strong></span> <span class='ocrx_word' id='word_1_37' title='bbox 1610 1111 1728 1218; x_wconf 88' lang='lat' dir='ltr'><strong>ipsius</strong></span> 
     </span>
     <span class='ocr_line' id='line_1_6' title="bbox 292 1241 1726 1349; baseline 0.003 -31"><span class='ocrx_word' id='word_1_38' title='bbox 292 1242 356 1348; x_wconf 91' lang='lat' dir='ltr'><strong>qui</strong></span> <span class='ocrx_word' id='word_1_39' title='bbox 376 1241 556 1348; x_wconf 89' lang='lat' dir='ltr'><strong>loquitur,</strong></span> <span class='ocrx_word' id='word_1_40' title='bbox 580 1241 673 1320; x_wconf 81' lang='lat' dir='ltr'><strong>dixit</strong></span> <span class='ocrx_word' id='word_1_41' title='bbox 691 1271 730 1320; x_wconf 88' lang='lat' dir='ltr'><strong>se</strong></span> <span class='ocrx_word' id='word_1_42' title='bbox 755 1270 832 1320; x_wconf 92' lang='lat' dir='ltr'><strong>non</strong></span> <span class='ocrx_word' id='word_1_43' title='bbox 851 1241 961 1349; x_wconf 88' lang='lat' dir='ltr'><strong>plene</strong></span> <span class='ocrx_word' id='word_1_44' title='bbox 984 1243 1188 1321; x_wconf 90' lang='lat' dir='ltr'><strong>recordari.</strong></span> <span class='ocrx_word' id='word_1_45' title='bbox 1217 1244 1273 1322; x_wconf 91' lang='lat' dir='ltr'><strong>De</strong></span> <span class='ocrx_word' id='word_1_46' title='bbox 1293 1244 1463 1349; x_wconf 85' lang='lat' dir='ltr'><strong>personis</strong></span> <span class='ocrx_word' id='word_1_47' title='bbox 1482 1272 1571 1321; x_wconf 86' lang='lat' dir='ltr'><strong>vero</strong></span> <span class='ocrx_word' id='word_1_48' title='bbox 1595 1271 1726 1322; x_wconf 89' lang='lat' dir='ltr'><strong>eorum</strong></span> 
     </span>
     <span class='ocr_line' id='line_1_7' title="bbox 292 1373 1728 1483; baseline 0.001 -33"><span class='ocrx_word' id='word_1_49' title='bbox 292 1401 388 1480; x_wconf 90' lang='lat' dir='ltr'><strong>quos</strong></span> <span class='ocrx_word' id='word_1_50' title='bbox 414 1375 493 1480; x_wconf 89' lang='lat' dir='ltr'><strong>ipsc</strong></span> <span class='ocrx_word' id='word_1_51' title='bbox 522 1373 615 1452; x_wconf 84' lang='lat' dir='ltr'><strong>vidit</strong></span> <span class='ocrx_word' id='word_1_52' title='bbox 643 1374 777 1481; x_wconf 88' lang='lat' dir='ltr'><strong>recipi,</strong></span> <span class='ocrx_word' id='word_1_53' title='bbox 812 1374 906 1452; x_wconf 88' lang='lat' dir='ltr'><strong>dixit</strong></span> <span class='ocrx_word' id='word_1_54' title='bbox 933 1375 1039 1483; x_wconf 90' lang='lat' dir='ltr'><strong>quod</strong></span> <span class='ocrx_word' id='word_1_55' title='bbox 1067 1375 1162 1454; x_wconf 87' lang='lat' dir='ltr'><strong>vidit</strong></span> <span class='ocrx_word' id='word_1_56' title='bbox 1191 1376 1308 1483; x_wconf 88' lang='lat' dir='ltr'><strong>recipi</strong></span> <span class='ocrx_word' id='word_1_57' title='bbox 1334 1374 1466 1453; x_wconf 89' lang='lat' dir='ltr'><strong>fratres</strong></span> <span class='ocrx_word' id='word_1_58' title='bbox 1494 1375 1728 1453; x_wconf 88' lang='lat' dir='ltr'><strong>Bemardum</strong></span> 
     </span>
     <span class='ocr_line' id='line_1_8' title="bbox 291 1504 1726 1613; baseline 0 -31"><span class='ocrx_word' id='word_1_59' title='bbox 291 1504 481 1583; x_wconf 90' lang='lat' dir='ltr'><strong>Guerrerii</strong></span> <span class='ocrx_word' id='word_1_60' title='bbox 502 1505 753 1612; x_wconf 89' lang='lat' dir='ltr'><strong>presbiterum</strong></span> <span class='ocrx_word' id='word_1_61' title='bbox 768 1523 874 1595; x_wconf 90' lang='lat' dir='ltr'><strong>tunc,</strong></span> <span class='ocrx_word' id='word_1_62' title='bbox 892 1506 1156 1613; x_wconf 83' lang='lat' dir='ltr'><strong>Raymundum</strong></span> <span class='ocrx_word' id='word_1_63' title='bbox 1170 1508 1300 1613; x_wconf 85' lang='lat' dir='ltr'><strong>Sapte,</strong></span> <span class='ocrx_word' id='word_1_64' title='bbox 1314 1506 1527 1585; x_wconf 87' lang='lat' dir='ltr'><strong>Johannem</strong></span> <span class='ocrx_word' id='word_1_65' title='bbox 1541 1506 1589 1584; x_wconf 90' lang='lat' dir='ltr'><strong>de</strong></span> <span class='ocrx_word' id='word_1_66' title='bbox 1603 1505 1726 1594; x_wconf 89' lang='lat' dir='ltr'><strong>Rosis,</strong></span> 
     </span>
     <span class='ocr_line' id='line_1_9' title="bbox 292 1637 1725 1745; baseline 0.001 -33"><span class='ocrx_word' id='word_1_67' title='bbox 292 1637 501 1714; x_wconf 80' lang='lat' dir='ltr'><strong>iohannem</strong></span> <span class='ocrx_word' id='word_1_68' title='bbox 512 1637 631 1716; x_wconf 88' lang='lat' dir='ltr'><strong>Coma</strong></span> <span class='ocrx_word' id='word_1_69' title='bbox 648 1655 736 1716; x_wconf 91' lang='lat' dir='ltr'><strong>tunc</strong></span> <span class='ocrx_word' id='word_1_70' title='bbox 751 1638 1001 1745; x_wconf 88' lang='lat' dir='ltr'><strong>presbiteros,</strong></span> <span class='ocrx_word' id='word_1_71' title='bbox 1019 1655 1058 1716; x_wconf 91' lang='lat' dir='ltr'><strong>et</strong></span> <span class='ocrx_word' id='word_1_72' title='bbox 1076 1637 1208 1715; x_wconf 84' lang='lat' dir='ltr'><strong>fratres</strong></span> <span class='ocrx_word' id='word_1_73' title='bbox 1226 1667 1328 1716; x_wconf 92' lang='lat' dir='ltr'><strong>nunc</strong></span> <span class='ocrx_word' id='word_1_74' title='bbox 1349 1638 1492 1716; x_wconf 91' lang='lat' dir='ltr'><strong>ordinis</strong></span> <span class='ocrx_word' id='word_1_75' title='bbox 1511 1637 1725 1744; x_wconf 83' lang='lat' dir='ltr'><strong>supradicti.</strong></span> 
     </span>
     <span class='ocr_line' id='line_1_10' title="bbox 292 1765 1725 1876; baseline 0 -32"><span class='ocrx_word' id='word_1_76' title='bbox 292 1765 395 1844; x_wconf 85' lang='lat' dir='ltr'><strong>Vidit</strong></span> <span class='ocrx_word' id='word_1_77' title='bbox 416 1770 534 1844; x_wconf 91' lang='lat' dir='ltr'><strong>eciam</strong></span> <span class='ocrx_word' id='word_1_78' title='bbox 562 1769 678 1874; x_wconf 87' lang='lat' dir='ltr'><strong>recipi</strong></span> <span class='ocrx_word' id='word_1_79' title='bbox 704 1766 837 1847; x_wconf 81' lang='lat' dir='ltr'><strong>fratres</strong></span> <span class='ocrx_word' id='word_1_80' title='bbox 857 1768 979 1876; x_wconf 90' lang='lat' dir='ltr'><strong>laycos</strong></span> <span class='ocrx_word' id='word_1_81' title='bbox 999 1767 1140 1846; x_wconf 87' lang='lat' dir='ltr'><strong>milites</strong></span> <span class='ocrx_word' id='word_1_82' title='bbox 1160 1769 1409 1846; x_wconf 88' lang='lat' dir='ltr'><strong>Bertrandum</strong></span> <span class='ocrx_word' id='word_1_83' title='bbox 1431 1766 1478 1844; x_wconf 91' lang='lat' dir='ltr'><strong>de</strong></span> <span class='ocrx_word' id='word_1_84' title='bbox 1496 1765 1725 1874; x_wconf 87' lang='lat' dir='ltr'><strong>Rippisaltis‚</strong></span> 
     </span>
     <span class='ocr_line' id='line_1_11' title="bbox 290 1897 1727 1990; baseline 0 -16"><span class='ocrx_word' id='word_1_85' title='bbox 290 1898 524 1976; x_wconf 87' lang='lat' dir='ltr'><strong>Beruardum</strong></span> <span class='ocrx_word' id='word_1_86' title='bbox 554 1898 601 1976; x_wconf 94' lang='lat' dir='ltr'><strong>de</strong></span> <span class='ocrx_word' id='word_1_87' title='bbox 622 1899 807 1990; x_wconf 87' lang='lat' dir='ltr'><strong>Miliariis,</strong></span> <span class='ocrx_word' id='word_1_88' title='bbox 830 1918 867 1979; x_wconf 90' lang='lat' dir='ltr'><strong>et</strong></span> <span class='ocrx_word' id='word_1_89' title='bbox 890 1899 1029 1978; x_wconf 92' lang='lat' dir='ltr'><strong>multos</strong></span> <span class='ocrx_word' id='word_1_90' title='bbox 1056 1899 1147 1977; x_wconf 88' lang='lat' dir='ltr'><strong>alios</strong></span> <span class='ocrx_word' id='word_1_91' title='bbox 1168 1899 1308 1977; x_wconf 90' lang='lat' dir='ltr'><strong>milites</strong></span> <span class='ocrx_word' id='word_1_92' title='bbox 1334 1915 1371 1976; x_wconf 92' lang='lat' dir='ltr'><strong>et</strong></span> <span class='ocrx_word' id='word_1_93' title='bbox 1395 1925 1472 1976; x_wconf 89' lang='lat' dir='ltr'><strong>non</strong></span> <span class='ocrx_word' id='word_1_94' title='bbox 1498 1897 1652 1988; x_wconf 85' lang='lat' dir='ltr'><strong>milites,</strong></span> <span class='ocrx_word' id='word_1_95' title='bbox 1680 1898 1727 1974; x_wconf 93' lang='lat' dir='ltr'><strong>de</strong></span> 
     </span>
     <span class='ocr_line' id='line_1_12' title="bbox 293 2029 1727 2138; baseline 0 -32"><span class='ocrx_word' id='word_1_96' title='bbox 293 2029 509 2108; x_wconf 89' lang='lat' dir='ltr'><strong>nominibus</strong></span> <span class='ocrx_word' id='word_1_97' title='bbox 523 2059 686 2138; x_wconf 85' lang='lat' dir='ltr'><strong>quorum</strong></span> <span class='ocrx_word' id='word_1_98' title='bbox 705 2032 798 2109; x_wconf 89' lang='lat' dir='ltr'><strong>dixit</strong></span> <span class='ocrx_word' id='word_1_99' title='bbox 814 2061 854 2110; x_wconf 92' lang='lat' dir='ltr'><strong>se</strong></span> <span class='ocrx_word' id='word_1_100' title='bbox 873 2059 949 2109; x_wconf 93' lang='lat' dir='ltr'><strong>non</strong></span> <span class='ocrx_word' id='word_1_101' title='bbox 969 2031 1081 2137; x_wconf 92' lang='lat' dir='ltr'><strong>plene</strong></span> <span class='ocrx_word' id='word_1_102' title='bbox 1101 2031 1305 2109; x_wconf 88' lang='lat' dir='ltr'><strong>recordari.</strong></span> <span class='ocrx_word' id='word_1_103' title='bbox 1328 2030 1403 2125; x_wconf 92' lang='lat' dir='ltr'><strong>Qui</strong></span> <span class='ocrx_word' id='word_1_104' title='bbox 1418 2029 1572 2107; x_wconf 79' lang='lat' dir='ltr'><strong>luerunt</strong></span> <span class='ocrx_word' id='word_1_105' title='bbox 1586 2030 1727 2137; x_wconf 88' lang='lat' dir='ltr'><strong>recepti</strong></span> 
     </span>
     <span class='ocr_line' id='line_1_13' title="bbox 293 2158 1729 2267; baseline -0.003 -29"><span class='ocrx_word' id='word_1_106' title='bbox 293 2159 446 2239; x_wconf 90' lang='lat' dir='ltr'><strong>diversis</strong></span> <span class='ocrx_word' id='word_1_107' title='bbox 474 2161 709 2267; x_wconf 90' lang='lat' dir='ltr'><strong>temporibus</strong></span> <span class='ocrx_word' id='word_1_108' title='bbox 735 2162 782 2238; x_wconf 93' lang='lat' dir='ltr'><strong>ad</strong></span> <span class='ocrx_word' id='word_1_109' title='bbox 808 2161 1019 2267; x_wconf 90' lang='lat' dir='ltr'><strong>predictum</strong></span> <span class='ocrx_word' id='word_1_110' title='bbox 1044 2160 1216 2238; x_wconf 87' lang='lat' dir='ltr'><strong>ordinem</strong></span> <span class='ocrx_word' id='word_1_111' title='bbox 1238 2161 1277 2236; x_wconf 93' lang='lat' dir='ltr'><strong>in</strong></span> <span class='ocrx_word' id='word_1_112' title='bbox 1298 2158 1454 2236; x_wconf 89' lang='lat' dir='ltr'><strong>ecclesia</strong></span> <span class='ocrx_word' id='word_1_113' title='bbox 1472 2159 1640 2266; x_wconf 86' lang='lat' dir='ltr'><strong>predicta</strong></span> <span class='ocrx_word' id='word_1_114' title='bbox 1660 2186 1729 2266; x_wconf 91' lang='lat' dir='ltr'><strong>per</strong></span> 
     </span>
     <span class='ocr_line' id='line_1_14' title="bbox 292 2289 1727 2400; baseline -0.001 -32"><span class='ocrx_word' id='word_1_115' title='bbox 292 2291 457 2372; x_wconf 87' lang='lat' dir='ltr'><strong>diversos</strong></span> <span class='ocrx_word' id='word_1_116' title='bbox 481 2311 738 2400; x_wconf 84' lang='lat' dir='ltr'><strong>preceptores,</strong></span> <span class='ocrx_word' id='word_1_117' title='bbox 767 2291 943 2370; x_wconf 84' lang='lat' dir='ltr'><strong>videlicet</strong></span> <span class='ocrx_word' id='word_1_118' title='bbox 961 2319 1029 2397; x_wconf 88' lang='lat' dir='ltr'><strong>per</strong></span> <span class='ocrx_word' id='word_1_119' title='bbox 1051 2291 1195 2368; x_wconf 91' lang='lat' dir='ltr'><strong>dictum</strong></span> <span class='ocrx_word' id='word_1_120' title='bbox 1219 2289 1369 2368; x_wconf 84' lang='lat' dir='ltr'><strong>fratrem</strong></span> <span class='ocrx_word' id='word_1_121' title='bbox 1389 2289 1654 2397; x_wconf 86' lang='lat' dir='ltr'><strong>Raymundum</strong></span> <span class='ocrx_word' id='word_1_122' title='bbox 1680 2289 1727 2367; x_wconf 93' lang='lat' dir='ltr'><strong>de</strong></span> 
     </span>
     <span class='ocr_line' id='line_1_15' title="bbox 290 2417 1727 2532; baseline -0.003 -30"><span class='ocrx_word' id='word_1_123' title='bbox 290 2426 404 2516; x_wconf 83' lang='lat' dir='ltr'><strong>Boeo,</strong></span> <span class='ocrx_word' id='word_1_124' title='bbox 424 2441 461 2502; x_wconf 90' lang='lat' dir='ltr'><strong>et</strong></span> <span class='ocrx_word' id='word_1_125' title='bbox 481 2453 548 2532; x_wconf 88' lang='lat' dir='ltr'><strong>per</strong></span> <span class='ocrx_word' id='word_1_126' title='bbox 567 2424 719 2502; x_wconf 84' lang='lat' dir='ltr'><strong>fratrem</strong></span> <span class='ocrx_word' id='word_1_127' title='bbox 740 2422 1005 2531; x_wconf 84' lang='lat' dir='ltr'><strong>Raymundum</strong></span> <span class='ocrx_word' id='word_1_128' title='bbox 1024 2420 1070 2499; x_wconf 92' lang='lat' dir='ltr'><strong>de</strong></span> <span class='ocrx_word' id='word_1_129' title='bbox 1082 2417 1258 2510; x_wconf 85' lang='lat' dir='ltr'><strong>Benaies,</strong></span> <span class='ocrx_word' id='word_1_130' title='bbox 1277 2437 1314 2499; x_wconf 89' lang='lat' dir='ltr'><strong>et</strong></span> <span class='ocrx_word' id='word_1_131' title='bbox 1330 2448 1399 2526; x_wconf 93' lang='lat' dir='ltr'><strong>per</strong></span> <span class='ocrx_word' id='word_1_132' title='bbox 1411 2419 1561 2498; x_wconf 82' lang='lat' dir='ltr'><strong>fratrem</strong></span> <span class='ocrx_word' id='word_1_133' title='bbox 1574 2419 1661 2498; x_wconf 84' lang='lat' dir='ltr'><strong>Am.</strong></span> <span class='ocrx_word' id='word_1_134' title='bbox 1679 2420 1727 2498; x_wconf 90' lang='lat' dir='ltr'><strong>de</strong></span> 
     </span>
     <span class='ocr_line' id='line_1_16' title="bbox 292 2551 1728 2662; baseline -0.001 -32"><span class='ocrx_word' id='word_1_135' title='bbox 292 2554 521 2644; x_wconf 89' lang='lat' dir='ltr'><strong>Torrosella,</strong></span> <span class='ocrx_word' id='word_1_136' title='bbox 537 2573 573 2634; x_wconf 90' lang='lat' dir='ltr'><strong>et</strong></span> <span class='ocrx_word' id='word_1_137' title='bbox 589 2584 655 2662; x_wconf 90' lang='lat' dir='ltr'><strong>per</strong></span> <span class='ocrx_word' id='word_1_138' title='bbox 674 2554 828 2642; x_wconf 85' lang='lat' dir='ltr'><strong>fratrem</strong></span> <span class='ocrx_word' id='word_1_139' title='bbox 844 2554 890 2633; x_wconf 90' lang='lat' dir='ltr'><strong>G.</strong></span> <span class='ocrx_word' id='word_1_140' title='bbox 904 2554 950 2631; x_wconf 92' lang='lat' dir='ltr'><strong>de</strong></span> <span class='ocrx_word' id='word_1_141' title='bbox 967 2552 1136 2643; x_wconf 84' lang='lat' dir='ltr'><strong>Abelars,</strong></span> <span class='ocrx_word' id='word_1_142' title='bbox 1160 2569 1198 2630; x_wconf 89' lang='lat' dir='ltr'><strong>et</strong></span> <span class='ocrx_word' id='word_1_143' title='bbox 1215 2580 1284 2659; x_wconf 87' lang='lat' dir='ltr'><strong>per</strong></span> <span class='ocrx_word' id='word_1_144' title='bbox 1298 2551 1449 2629; x_wconf 81' lang='lat' dir='ltr'><strong>fratrem</strong></span> <span class='ocrx_word' id='word_1_145' title='bbox 1464 2551 1728 2658; x_wconf 84' lang='lat' dir='ltr'><strong>Raymundum</strong></span> 
     </span>
     <span class='ocr_line' id='line_1_17' title="bbox 293 2683 1729 2793; baseline -0.001 -31"><span class='ocrx_word' id='word_1_146' title='bbox 293 2687 340 2763; x_wconf 91' lang='lat' dir='ltr'><strong>de</strong></span> <span class='ocrx_word' id='word_1_147' title='bbox 360 2686 514 2776; x_wconf 91' lang='lat' dir='ltr'><strong>Gardia,</strong></span> <span class='ocrx_word' id='word_1_148' title='bbox 537 2717 651 2793; x_wconf 89' lang='lat' dir='ltr'><strong>quem</strong></span> <span class='ocrx_word' id='word_1_149' title='bbox 675 2686 776 2764; x_wconf 90' lang='lat' dir='ltr'><strong>videt</strong></span> <span class='ocrx_word' id='word_1_150' title='bbox 802 2715 903 2763; x_wconf 92' lang='lat' dir='ltr'><strong>nunc</strong></span> <span class='ocrx_word' id='word_1_151' title='bbox 929 2703 966 2763; x_wconf 90' lang='lat' dir='ltr'><strong>et</strong></span> <span class='ocrx_word' id='word_1_152' title='bbox 990 2685 1084 2763; x_wconf 88' lang='lat' dir='ltr'><strong>vidit</strong></span> <span class='ocrx_word' id='word_1_153' title='bbox 1109 2683 1278 2791; x_wconf 86' lang='lat' dir='ltr'><strong>ejusdem</strong></span> <span class='ocrx_word' id='word_1_154' title='bbox 1305 2683 1442 2762; x_wconf 89' lang='lat' dir='ltr'><strong>domus</strong></span> <span class='ocrx_word' id='word_1_155' title='bbox 1463 2700 1678 2790; x_wconf 90' lang='lat' dir='ltr'><strong>presentem</strong></span> <span class='ocrx_word' id='word_1_156' title='bbox 1691 2701 1729 2762; x_wconf 90' lang='lat' dir='ltr'><strong>et</strong></span> 
     </span>
     <span class='ocr_line' id='line_1_18' title="bbox 293 2818 1590 2926; baseline 0.004 -31"><span class='ocrx_word' id='word_1_157' title='bbox 293 2818 469 2897; x_wconf 91' lang='lat' dir='ltr'><strong>ultimum</strong></span> <span class='ocrx_word' id='word_1_158' title='bbox 489 2836 761 2926; x_wconf 88' lang='lat' dir='ltr'><strong>preceptorem.</strong></span> <span class='ocrx_word' id='word_1_159' title='bbox 1584 2883 1590 2900; x_wconf 73' lang='lat'><strong>.</strong></span> 
     </span>
    </p>

    <p class='ocr_par' dir='ltr' id='par_1_3' title="bbox 212 2944 1728 3315">
     <span class='ocr_line' id='line_1_19' title="bbox 349 2944 1728 3058; baseline -0.003 -30"><span class='ocrx_word' id='word_1_160' title='bbox 349 2949 408 3028; x_wconf 85' lang='lat' dir='ltr'><strong>Ad</strong></span> <span class='ocrx_word' id='word_1_161' title='bbox 426 2952 560 3031; x_wconf 83' lang='lat' dir='ltr'><strong>lxxxvu</strong></span> <span class='ocrx_word' id='word_1_162' title='bbox 586 2951 783 3029; x_wconf 85' lang='lat' dir='ltr'><strong>articulum</strong></span> <span class='ocrx_word' id='word_1_163' title='bbox 803 2949 1051 3057; x_wconf 89' lang='lat' dir='ltr'><strong>respondens,</strong></span> <span class='ocrx_word' id='word_1_164' title='bbox 1073 2948 1220 3058; x_wconf 86' lang='lat' dir='ltr'><strong>negavit</strong></span> <span class='ocrx_word' id='word_1_165' title='bbox 1239 2946 1450 3055; x_wconf 88' lang='lat' dir='ltr'><strong>predictum</strong></span> <span class='ocrx_word' id='word_1_166' title='bbox 1470 2944 1668 3023; x_wconf 91' lang='lat' dir='ltr'><strong>articulum</strong></span> <span class='ocrx_word' id='word_1_167' title='bbox 1690 2963 1728 3024; x_wconf 90' lang='lat' dir='ltr'><strong>et</strong></span> 
     </span>
     <span class='ocr_line' id='line_1_20' title="bbox 293 3076 1727 3191; baseline -0.004 -30"><span class='ocrx_word' id='word_1_168' title='bbox 293 3084 419 3162; x_wconf 88' lang='lat' dir='ltr'><strong>omnia</strong></span> <span class='ocrx_word' id='word_1_169' title='bbox 440 3100 478 3160; x_wconf 91' lang='lat' dir='ltr'><strong>et</strong></span> <span class='ocrx_word' id='word_1_170' title='bbox 497 3082 643 3191; x_wconf 85' lang='lat' dir='ltr'><strong>singula</strong></span> <span class='ocrx_word' id='word_1_171' title='bbox 664 3099 835 3160; x_wconf 89' lang='lat' dir='ltr'><strong>contenta</strong></span> <span class='ocrx_word' id='word_1_172' title='bbox 856 3081 894 3158; x_wconf 92' lang='lat' dir='ltr'><strong>iu</strong></span> <span class='ocrx_word' id='word_1_173' title='bbox 917 3110 979 3171; x_wconf 92' lang='lat' dir='ltr'><strong>eo,</strong></span> <span class='ocrx_word' id='word_1_174' title='bbox 1007 3098 1045 3159; x_wconf 90' lang='lat' dir='ltr'><strong>et</strong></span> <span class='ocrx_word' id='word_1_175' title='bbox 1066 3077 1158 3158; x_wconf 84' lang='lat' dir='ltr'><strong>dixit</strong></span> <span class='ocrx_word' id='word_1_176' title='bbox 1177 3109 1217 3158; x_wconf 92' lang='lat' dir='ltr'><strong>se</strong></span> <span class='ocrx_word' id='word_1_177' title='bbox 1242 3079 1361 3158; x_wconf 90' lang='lat' dir='ltr'><strong>nichil</strong></span> <span class='ocrx_word' id='word_1_178' title='bbox 1386 3079 1479 3157; x_wconf 88' lang='lat' dir='ltr'><strong>scire</strong></span> <span class='ocrx_word' id='word_1_179' title='bbox 1503 3078 1654 3184; x_wconf 89' lang='lat' dir='ltr'><strong>penitus</strong></span> <span class='ocrx_word' id='word_1_180' title='bbox 1679 3076 1727 3155; x_wconf 92' lang='lat' dir='ltr'><strong>de</strong></span> 
     </span>
     <span class='ocr_line' id='line_1_21' title="bbox 212 3213 874 3315; baseline -0.008 -20"><span class='ocrx_word' id='word_1_181' title='bbox 212 3307 219 3315; x_wconf 32' lang='grc' dir='ltr'>Ι</span> <span class='ocrx_word' id='word_1_182' title='bbox 293 3216 476 3294; x_wconf 86' lang='lat' dir='ltr'><strong>contentis</strong></span> <span class='ocrx_word' id='word_1_183' title='bbox 496 3214 535 3292; x_wconf 91' lang='lat' dir='ltr'><strong>in</strong></span> <span class='ocrx_word' id='word_1_184' title='bbox 557 3243 602 3292; x_wconf 91' lang='lat' dir='ltr'><strong>co</strong></span> <span class='ocrx_word' id='word_1_185' title='bbox 619 3243 689 3292; x_wconf 89' lang='lat' dir='ltr'><strong>nec</strong></span> <span class='ocrx_word' id='word_1_186' title='bbox 709 3213 874 3291; x_wconf 90' lang='lat' dir='ltr'><strong>credere.</strong></span> 
     </span>
    </p>

    <p class='ocr_par' dir='ltr' id='par_1_4' title="bbox 292 3341 1810 4246">
     <span class='ocr_line' id='line_1_22' title="bbox 349 3341 1727 3450; baseline -0.005 -25"><span class='ocrx_word' id='word_1_187' title='bbox 349 3347 407 3425; x_wconf 89' lang='lat' dir='ltr'><strong>Ad</strong></span> <span class='ocrx_word' id='word_1_188' title='bbox 428 3349 576 3427; x_wconf 85' lang='lat' dir='ltr'><strong>lxxxvur</strong></span> <span class='ocrx_word' id='word_1_189' title='bbox 597 3363 635 3425; x_wconf 90' lang='lat' dir='ltr'><strong>et</strong></span> <span class='ocrx_word' id='word_1_190' title='bbox 656 3345 829 3424; x_wconf 89' lang='lat' dir='ltr'><strong>ultimum</strong></span> <span class='ocrx_word' id='word_1_191' title='bbox 847 3344 1047 3422; x_wconf 88' lang='lat' dir='ltr'><strong>articulum</strong></span> <span class='ocrx_word' id='word_1_192' title='bbox 1063 3343 1313 3450; x_wconf 86' lang='lat' dir='ltr'><strong>respondens,</strong></span> <span class='ocrx_word' id='word_1_193' title='bbox 1336 3342 1429 3418; x_wconf 86' lang='lat' dir='ltr'><strong>dixit</strong></span> <span class='ocrx_word' id='word_1_194' title='bbox 1442 3370 1482 3421; x_wconf 85' lang='lat' dir='ltr'><strong>se</strong></span> <span class='ocrx_word' id='word_1_195' title='bbox 1494 3341 1638 3420; x_wconf 91' lang='lat' dir='ltr'><strong>nescire</strong></span> <span class='ocrx_word' id='word_1_196' title='bbox 1652 3367 1727 3447; x_wconf 87' lang='lat' dir='ltr'><strong>que</strong></span> 
     </span>
     <span class='ocr_line' id='line_1_23' title="bbox 293 3459 1728 3586; baseline -0.008 -28"><span class='ocrx_word' id='word_1_197' title='bbox 293 3459 419 3586; x_wconf 79' lang='lat' dir='ltr'><strong>capita·</strong></span> <span class='ocrx_word' id='word_1_198' title='bbox 427 3479 491 3557; x_wconf 88' lang='lat' dir='ltr'><strong>illa</strong></span> <span class='ocrx_word' id='word_1_199' title='bbox 505 3480 580 3557; x_wconf 90' lang='lat' dir='ltr'><strong>sint</strong></span> <span class='ocrx_word' id='word_1_200' title='bbox 598 3477 645 3556; x_wconf 91' lang='lat' dir='ltr'><strong>de</strong></span> <span class='ocrx_word' id='word_1_201' title='bbox 666 3476 803 3586; x_wconf 89' lang='lat' dir='ltr'><strong>quibus</strong></span> <span class='ocrx_word' id='word_1_202' title='bbox 824 3476 947 3582; x_wconf 83' lang='lat' dir='ltr'><strong>agitur</strong></span> <span class='ocrx_word' id='word_1_203' title='bbox 967 3475 1005 3551; x_wconf 95' lang='lat' dir='ltr'><strong>in</strong></span> <span class='ocrx_word' id='word_1_204' title='bbox 1026 3473 1199 3564; x_wconf 84' lang='lat' dir='ltr'><strong>articulo;</strong></span> <span class='ocrx_word' id='word_1_205' title='bbox 1222 3501 1292 3550; x_wconf 88' lang='lat' dir='ltr'><strong>nec</strong></span> <span class='ocrx_word' id='word_1_206' title='bbox 1311 3500 1470 3578; x_wconf 91' lang='lat' dir='ltr'><strong>usquam</strong></span> <span class='ocrx_word' id='word_1_207' title='bbox 1490 3501 1591 3550; x_wconf 91' lang='lat' dir='ltr'><strong>nunc</strong></span> <span class='ocrx_word' id='word_1_208' title='bbox 1610 3471 1650 3546; x_wconf 92' lang='lat' dir='ltr'><strong>in</strong></span> <span class='ocrx_word' id='word_1_209' title='bbox 1666 3499 1728 3549; x_wconf 92' lang='lat' dir='ltr'><strong>or-</strong></span> 
     </span>
     <span class='ocr_line' id='line_1_24' title="bbox 293 3601 1724 3719; baseline -0.006 -31"><span class='ocrx_word' id='word_1_210' title='bbox 293 3611 540 3719; x_wconf 90' lang='lat' dir='ltr'><strong>dineTempli</strong></span> <span class='ocrx_word' id='word_1_211' title='bbox 551 3637 719 3717; x_wconf 90' lang='lat' dir='ltr'><strong>unquam</strong></span> <span class='ocrx_word' id='word_1_212' title='bbox 734 3607 878 3686; x_wconf 86' lang='lat' dir='ltr'><strong>audivit</strong></span> <span class='ocrx_word' id='word_1_213' title='bbox 888 3606 1118 3684; x_wconf 88' lang='lat' dir='ltr'><strong>mentionem</strong></span> <span class='ocrx_word' id='word_1_214' title='bbox 1131 3603 1214 3681; x_wconf 87' lang='lat' dir='ltr'><strong>lieri</strong></span> <span class='ocrx_word' id='word_1_215' title='bbox 1229 3604 1277 3681; x_wconf 93' lang='lat' dir='ltr'><strong>de</strong></span> <span class='ocrx_word' id='word_1_216' title='bbox 1289 3603 1447 3693; x_wconf 90' lang='lat' dir='ltr'><strong>eisdem,</strong></span> <span class='ocrx_word' id='word_1_217' title='bbox 1463 3630 1532 3680; x_wconf 89' lang='lat' dir='ltr'><strong>nec</strong></span> <span class='ocrx_word' id='word_1_218' title='bbox 1544 3601 1607 3679; x_wconf 93' lang='lat' dir='ltr'><strong>illa</strong></span> <span class='ocrx_word' id='word_1_219' title='bbox 1619 3602 1724 3691; x_wconf 83' lang='lat' dir='ltr'><strong>vidit,</strong></span> 
     </span>
     <span class='ocr_line' id='line_1_25' title="bbox 293 3732 1810 3853; baseline -0.007 -31"><span class='ocrx_word' id='word_1_220' title='bbox 293 3773 364 3822; x_wconf 90' lang='lat' dir='ltr'><strong>nec</strong></span> <span class='ocrx_word' id='word_1_221' title='bbox 383 3771 614 3853; x_wconf 88' lang='lat' dir='ltr'><strong>quemquam</strong></span> <span class='ocrx_word' id='word_1_222' title='bbox 631 3741 774 3819; x_wconf 91' lang='lat' dir='ltr'><strong>audivit</strong></span> <span class='ocrx_word' id='word_1_223' title='bbox 788 3739 1009 3846; x_wconf 89' lang='lat' dir='ltr'><strong>loquentem</strong></span> <span class='ocrx_word' id='word_1_224' title='bbox 1028 3737 1088 3815; x_wconf 84' lang='lat' dir='ltr'><strong>vel</strong></span> <span class='ocrx_word' id='word_1_225' title='bbox 1110 3735 1348 3814; x_wconf 91' lang='lat' dir='ltr'><strong>mencionem</strong></span> <span class='ocrx_word' id='word_1_226' title='bbox 1368 3735 1440 3812; x_wconf 92' lang='lat' dir='ltr'><strong>sibi</strong></span> <span class='ocrx_word' id='word_1_227' title='bbox 1457 3732 1657 3812; x_wconf 84' lang='lat' dir='ltr'><strong>facientem</strong></span> <span class='ocrx_word' id='word_1_228' title='bbox 1678 3732 1727 3812; x_wconf 89' lang='lat' dir='ltr'><strong>de</strong></span> <span class='ocrx_word' id='word_1_229' title='bbox 1807 3777 1810 3784; x_wconf 91' lang='lat'>·</span> 
     </span>
     <span class='ocr_line' id='line_1_26' title="bbox 293 3865 1800 3983; baseline -0.006 -30"><span class='ocrx_word' id='word_1_230' title='bbox 293 3876 367 3954; x_wconf 85' lang='lat' dir='ltr'><strong>illis</strong></span> <span class='ocrx_word' id='word_1_231' title='bbox 377 3875 560 3983; x_wconf 84' lang='lat' dir='ltr'><strong>capitibus</strong></span> <span class='ocrx_word' id='word_1_232' title='bbox 574 3873 793 3951; x_wconf 89' lang='lat' dir='ltr'><strong>maledictis.</strong></span> <span class='ocrx_word' id='word_1_233' title='bbox 810 3873 886 3949; x_wconf 93' lang='lat' dir='ltr'><strong>Nec</strong></span> <span class='ocrx_word' id='word_1_234' title='bbox 904 3870 973 3948; x_wconf 89' lang='lat' dir='ltr'><strong>scit</strong></span> <span class='ocrx_word' id='word_1_235' title='bbox 987 3868 1053 3948; x_wconf 88' lang='lat' dir='ltr'><strong>uhi</strong></span> <span class='ocrx_word' id='word_1_236' title='bbox 1067 3869 1140 3945; x_wconf 84' lang='lat' dir='ltr'><strong>illa</strong></span> <span class='ocrx_word' id='word_1_237' title='bbox 1154 3869 1246 3956; x_wconf 88' lang='lat' dir='ltr'><strong>sint,</strong></span> <span class='ocrx_word' id='word_1_238' title='bbox 1264 3895 1334 3944; x_wconf 90' lang='lat' dir='ltr'><strong>nec</strong></span> <span class='ocrx_word' id='word_1_239' title='bbox 1352 3883 1454 3944; x_wconf 88' lang='lat' dir='ltr'><strong>retro</strong></span> <span class='ocrx_word' id='word_1_240' title='bbox 1467 3865 1625 3956; x_wconf 69' lang='lat' dir='ltr'><strong>fuerint,</strong></span> <span class='ocrx_word' id='word_1_241' title='bbox 1636 3893 1727 3973; x_wconf 85' lang='lat' dir='ltr'><strong>ymo</strong></span> <span class='ocrx_word' id='word_1_242' title='bbox 1795 3923 1800 3928; x_wconf 91' lang='lat'>-</span> 
     </span>
     <span class='ocr_line' id='line_1_27' title="bbox 293 3989 1726 4104; baseline -0.008 -20"><span class='ocrx_word' id='word_1_243' title='bbox 293 4007 412 4086; x_wconf 90' lang='lat' dir='ltr'><strong>credit</strong></span> <span class='ocrx_word' id='word_1_244' title='bbox 441 4005 505 4084; x_wconf 89' lang='lat' dir='ltr'><strong>illa</strong></span> <span class='ocrx_word' id='word_1_245' title='bbox 529 4007 569 4083; x_wconf 95' lang='lat' dir='ltr'><strong>in</strong></span> <span class='ocrx_word' id='word_1_246' title='bbox 596 4003 700 4083; x_wconf 91' lang='lat' dir='ltr'><strong>nullo</strong></span> <span class='ocrx_word' id='word_1_247' title='bbox 725 4004 811 4082; x_wconf 92' lang='lat' dir='ltr'><strong>loco</strong></span> <span class='ocrx_word' id='word_1_248' title='bbox 833 4001 914 4080; x_wconf 86' lang='lat' dir='ltr'><strong>sore</strong></span> <span class='ocrx_word' id='word_1_249' title='bbox 939 4001 978 4078; x_wconf 95' lang='lat' dir='ltr'><strong>in</strong></span> <span class='ocrx_word' id='word_1_250' title='bbox 997 4017 1078 4079; x_wconf 89' lang='lat' dir='ltr'><strong>toto</strong></span> <span class='ocrx_word' id='word_1_251' title='bbox 1098 3999 1261 4088; x_wconf 90' lang='lat' dir='ltr'><strong>mundo,</strong></span> <span class='ocrx_word' id='word_1_252' title='bbox 1283 4025 1354 4076; x_wconf 88' lang='lat' dir='ltr'><strong>nec</strong></span> <span class='ocrx_word' id='word_1_253' title='bbox 1378 3997 1469 4075; x_wconf 87' lang='lat' dir='ltr'><strong>olim</strong></span> <span class='ocrx_word' id='word_1_254' title='bbox 1488 3989 1603 4074; x_wconf 81' lang='lat' dir='ltr'><strong>fuisse</strong></span> <span class='ocrx_word' id='word_1_255' title='bbox 1626 3994 1726 4104; x_wconf 91' lang='lat' dir='ltr'><strong>apud</strong></span> 
     </span>
     <span class='ocr_line' id='line_1_28' title="bbox 292 4131 1326 4246; baseline -0.01 -29"><span class='ocrx_word' id='word_1_256' title='bbox 292 4138 541 4246; x_wconf 87' lang='lat' dir='ltr'><strong>Templarios,</strong></span> <span class='ocrx_word' id='word_1_257' title='bbox 563 4165 632 4214; x_wconf 91' lang='lat' dir='ltr'><strong>nec</strong></span> <span class='ocrx_word' id='word_1_258' title='bbox 650 4134 750 4244; x_wconf 90' lang='lat' dir='ltr'><strong>apud</strong></span> <span class='ocrx_word' id='word_1_259' title='bbox 768 4134 900 4212; x_wconf 86' lang='lat' dir='ltr'><strong>iideles</strong></span> <span class='ocrx_word' id='word_1_260' title='bbox 920 4133 1065 4241; x_wconf 90' lang='lat' dir='ltr'><strong>aliquos</strong></span> <span class='ocrx_word' id='word_1_261' title='bbox 1083 4131 1326 4210; x_wconf 89' lang='lat' dir='ltr'><strong>Christianos.</strong></span> 
     </span>
    </p>

    <p class='ocr_par' dir='ltr' id='par_1_5' title="bbox 291 4259 1728 4770">
     <span class='ocr_line' id='line_1_29' title="bbox 348 4259 1724 4376; baseline -0.008 -27"><span class='ocrx_word' id='word_1_262' title='bbox 348 4271 471 4376; x_wconf 86' lang='lat' dir='ltr'><strong>Super</strong></span> <span class='ocrx_word' id='word_1_263' title='bbox 494 4268 578 4346; x_wconf 88' lang='lat' dir='ltr'><strong>aliis</strong></span> <span class='ocrx_word' id='word_1_264' title='bbox 597 4297 683 4346; x_wconf 89' lang='lat' dir='ltr'><strong>vero</strong></span> <span class='ocrx_word' id='word_1_265' title='bbox 708 4266 755 4346; x_wconf 90' lang='lat' dir='ltr'><strong>de</strong></span> <span class='ocrx_word' id='word_1_266' title='bbox 780 4266 919 4374; x_wconf 85' lang='lat' dir='ltr'><strong>quibus</strong></span> <span class='ocrx_word' id='word_1_267' title='bbox 939 4264 1145 4374; x_wconf 90' lang='lat' dir='ltr'><strong>precipitur</strong></span> <span class='ocrx_word' id='word_1_268' title='bbox 1163 4262 1245 4340; x_wconf 88' lang='lat' dir='ltr'><strong>lieri</strong></span> <span class='ocrx_word' id='word_1_269' title='bbox 1267 4261 1504 4370; x_wconf 75' lang='lat' dir='ltr'><strong>[inquisicioi]</strong></span> <span class='ocrx_word' id='word_1_270' title='bbox 1525 4259 1724 4368; x_wconf 85' lang='lat' dir='ltr'><strong>generalis,</strong></span> 
     </span>
     <span class='ocr_line' id='line_1_30' title="bbox 291 4392 1728 4510; baseline -0.009 -28"><span class='ocrx_word' id='word_1_271' title='bbox 291 4419 406 4510; x_wconf 89' lang='lat' dir='ltr'><strong>prout</strong></span> <span class='ocrx_word' id='word_1_272' title='bbox 420 4402 540 4480; x_wconf 88' lang='lat' dir='ltr'><strong>visum</strong></span> <span class='ocrx_word' id='word_1_273' title='bbox 560 4401 633 4478; x_wconf 88' lang='lat' dir='ltr'><strong>suit</strong></span> <span class='ocrx_word' id='word_1_274' title='bbox 648 4399 748 4477; x_wconf 92' lang='lat' dir='ltr'><strong>dicto</strong></span> <span class='ocrx_word' id='word_1_275' title='bbox 764 4398 918 4476; x_wconf 92' lang='lat' dir='ltr'><strong>domino</strong></span> <span class='ocrx_word' id='word_1_276' title='bbox 939 4397 1115 4504; x_wconf 88' lang='lat' dir='ltr'><strong>episcopo</strong></span> <span class='ocrx_word' id='word_1_277' title='bbox 1136 4412 1174 4472; x_wconf 93' lang='lat' dir='ltr'><strong>et</strong></span> <span class='ocrx_word' id='word_1_278' title='bbox 1193 4394 1367 4502; x_wconf 86' lang='lat' dir='ltr'><strong>predictis</strong></span> <span class='ocrx_word' id='word_1_279' title='bbox 1385 4393 1466 4471; x_wconf 89' lang='lat' dir='ltr'><strong>aliis</strong></span> <span class='ocrx_word' id='word_1_280' title='bbox 1487 4392 1652 4470; x_wconf 86' lang='lat' dir='ltr'><strong>dominis</strong></span> <span class='ocrx_word' id='word_1_281' title='bbox 1668 4420 1728 4469; x_wconf 91' lang='lat' dir='ltr'><strong>ca-</strong></span> 
     </span>
     <span class='ocr_line' id='line_1_31' title="bbox 292 4521 1728 4640; baseline -0.01 -28"><span class='ocrx_word' id='word_1_282' title='bbox 292 4533 436 4612; x_wconf 90' lang='lat' dir='ltr'><strong>nonicis</strong></span> <span class='ocrx_word' id='word_1_283' title='bbox 454 4552 492 4611; x_wconf 91' lang='lat' dir='ltr'><strong>et</strong></span> <span class='ocrx_word' id='word_1_284' title='bbox 510 4531 694 4640; x_wconf 82' lang='lat' dir='ltr'><strong>religiosis</strong></span> <span class='ocrx_word' id='word_1_285' title='bbox 707 4529 811 4620; x_wconf 89' lang='lat' dir='ltr'><strong>viris,</strong></span> <span class='ocrx_word' id='word_1_286' title='bbox 835 4529 1107 4635; x_wconf 79' lang='lat' dir='ltr'><strong>inquirentibus?</strong></span> <span class='ocrx_word' id='word_1_287' title='bbox 1129 4527 1268 4633; x_wconf 88' lang='lat' dir='ltr'><strong>pariter</strong></span> <span class='ocrx_word' id='word_1_288' title='bbox 1288 4554 1374 4603; x_wconf 92' lang='lat' dir='ltr'><strong>cum</strong></span> <span class='ocrx_word' id='word_1_289' title='bbox 1395 4523 1547 4615; x_wconf 89' lang='lat' dir='ltr'><strong>eodem,</strong></span> <span class='ocrx_word' id='word_1_290' title='bbox 1568 4521 1728 4631; x_wconf 88' lang='lat' dir='ltr'><strong>requisi-</strong></span> 
     </span>
     <span class='ocr_line' id='line_1_32' title="bbox 292 4661 963 4770; baseline -0.006 -26"><span class='ocrx_word' id='word_1_291' title='bbox 292 4685 352 4744; x_wconf 93' lang='lat' dir='ltr'><strong>tus</strong></span> <span class='ocrx_word' id='word_1_292' title='bbox 379 4666 473 4744; x_wconf 87' lang='lat' dir='ltr'><strong>dixit</strong></span> <span class='ocrx_word' id='word_1_293' title='bbox 486 4694 526 4744; x_wconf 90' lang='lat' dir='ltr'><strong>se</strong></span> <span class='ocrx_word' id='word_1_294' title='bbox 541 4663 656 4743; x_wconf 91' lang='lat' dir='ltr'><strong>nichil</strong></span> <span class='ocrx_word' id='word_1_295' title='bbox 678 4663 838 4770; x_wconf 89' lang='lat' dir='ltr'><strong>amplius</strong></span> <span class='ocrx_word' id='word_1_296' title='bbox 857 4661 963 4740; x_wconf 90' lang='lat' dir='ltr'><strong>scire.</strong></span> 
     </span>
    </p>
   </div>
   <div class='ocr_carea' id='block_1_3' title="bbox 351 4915 1720 5129">
    <p class='ocr_par' dir='ltr' id='par_1_6' title="bbox 351 4915 1720 5129">
     <span class='ocr_line' id='line_1_33' title="bbox 351 4915 1720 5038; baseline -0.009 -32"><span class='ocrx_word' id='word_1_297' title='bbox 351 4931 392 5038; x_wconf 80' lang='lat' dir='ltr'><strong>ll.</strong></span> <span class='ocrx_word' id='word_1_298' title='bbox 403 4930 533 5008; x_wconf 86' lang='lat' dir='ltr'><strong>Frater</strong></span> <span class='ocrx_word' id='word_1_299' title='bbox 541 4929 675 5006; x_wconf 88' lang='lat' dir='ltr'><strong>Petrus</strong></span> <span class='ocrx_word' id='word_1_300' title='bbox 685 4927 800 5007; x_wconf 91' lang='lat' dir='ltr'><strong>Bleda</strong></span> <span class='ocrx_word' id='word_1_301' title='bbox 810 4925 954 5006; x_wconf 90' lang='lat' dir='ltr'><strong>ordinis</strong></span> <span class='ocrx_word' id='word_1_302' title='bbox 967 4922 1118 5031; x_wconf 87' lang='lat' dir='ltr'><strong>Templi</strong></span> <span class='ocrx_word' id='word_1_303' title='bbox 1130 4940 1168 5002; x_wconf 90' lang='lat' dir='ltr'><strong>et</strong></span> <span class='ocrx_word' id='word_1_304' title='bbox 1180 4922 1316 5002; x_wconf 87' lang='lat' dir='ltr'><strong>domus</strong></span> <span class='ocrx_word' id='word_1_305' title='bbox 1327 4921 1445 5002; x_wconf 88' lang='lat' dir='ltr'><strong>Mansi</strong></span> <span class='ocrx_word' id='word_1_306' title='bbox 1457 4918 1528 4999; x_wconf 89' lang='lat' dir='ltr'><strong>Dei</strong></span> <span class='ocrx_word' id='word_1_307' title='bbox 1539 4915 1720 5024; x_wconf 89' lang='lat' dir='ltr'><strong>predicte,</strong></span> 
     </span>
     <span class='ocr_line' id='line_1_34' title="bbox 1527 5067 1577 5129; baseline -0.04 0"><span class='ocrx_word' id='word_1_308' title='bbox 1527 5067 1577 5129; x_wconf 79' lang='lat'><strong>55.</strong></span> 
     </span>
    </p>
   </div>
   <div class='ocr_carea' id='block_1_4' title="bbox 0 0 2110 5882">
    <p class='ocr_par' dir='ltr' id='par_1_7' title="bbox 0 0 2110 5882">
     <span class='ocr_line' id='line_1_35' title="bbox 0 0 2110 5882; baseline 0 0"><span class='ocrx_word' id='word_1_309' title='bbox 0 0 2110 5882; x_wconf 95' lang='lat' dir='ltr'><strong> </strong></span> 
     </span>
    </p>
   </div>
  </div>
 </body>
</html>
