4208 5886
396 539 471 614 roa
778 525 974 618 rnocts
1006 543 1102 616 ons
1134 541 1443 660 rennuens.

397 708 607 787 cognomen
631 680 793 789 ignorat,
822 702 903 762 erat
925 701 1053 761 tamma
1085 684 1132 760 de
1162 684 1430 794 burdegalensi
1459 684 1600 762 diocesi
1626 683 1824 765 oriundus.

396 814 523 906 Quem
538 811 640 889 idem
670 827 843 917 receptor
863 813 1003 921 recepit
1022 814 1061 890 in
1088 813 1220 890 eadem
1245 814 1408 922 capella,
1438 813 1681 922 presentibus
1707 833 1828 893 astan-

395 940 500 1019 tibus
529 968 642 1046 supra
666 941 884 1030 nominatis,
913 943 1009 1020 inlra
1034 943 1237 1021 dimidium
1264 973 1406 1021 annum
1429 943 1689 1051 areccpcione
1710 946 1829 1052 ipsius

397 1072 517 1162 testis;
539 1086 624 1148 voto
643 1088 770 1149 tamen
800 1074 938 1165 emisso
963 1101 1033 1181 per
1052 1074 1196 1151 dictum
1218 1067 1462 1154 ‘Gathardum
1492 1091 1531 1152 et
1549 1075 1731 1154 mantello
1756 1075 1827 1154 sibi

396 1201 555 1290 tradito,
585 1202 707 1280 dictus
730 1203 850 1295 testis,
878 1203 926 1282 de
949 1203 1126 1282 mandato
1148 1205 1237 1281 dicti
1258 1199 1673 1311 recepturis,recessit,
1692 1223 1737 1283 ut
1750 1235 1830 1314 pre-

398 1349 545 1438 pararet
572 1359 757 1424 mensam,
785 1350 824 1409 et
849 1333 969 1410 nescit
1004 1334 1111 1440 quod
1137 1361 1181 1410 ex
1210 1350 1302 1410 tunc
1336 1349 1509 1441 egerunt.
1540 1333 1672 1412 Credit
1699 1351 1828 1412 tamen

399 1463 505 1570 quod
522 1460 692 1538 fecerunt
707 1489 796 1538 eum
815 1461 1017 1573 abnegare,
1039 1463 1136 1540 sicut
1154 1462 1322 1540 fecerant
1341 1465 1467 1570 ipsum
1488 1481 1642 1557 testem,
1666 1482 1705 1542 et
1724 1489 1829 1544 man-

400 1592 582 1670 daverunt
600 1593 706 1698 quod
726 1610 880 1698 spueret
906 1620 1021 1698 super
1048 1620 1196 1670 crucem
1222 1593 1320 1671 sicut
1345 1595 1613 1672 mandaverant
1631 1595 1702 1702 ipsi
1721 1598 1826 1684 testi,

400 1742 438 1803 et
456 1724 564 1831 quod
592 1723 846 1800 communiter
873 1739 911 1799 et
937 1723 1080 1828 ubique
1110 1723 1214 1800 idem
1239 1740 1449 1802 servaretur
1467 1725 1508 1800 in
1542 1726 1829 1830 recepcionibus

400 1855 715 1947 aliorum.'ltem,
747 1853 839 1930 dixit
864 1854 970 1958 quod
996 1852 1076 1958 ipse
1105 1853 1203 1966 bene
1232 1854 1409 1932 credebat
1434 1854 1690 1932 ecclesiasticis
1715 1885 1829 1934 sacra·

318 2037 322 2048 -
399 1986 557 2076 mentis,
579 1985 736 2062 credens
762 1983 867 2089 quod
887 1981 948 2059 alii
967 1981 1099 2060 fratres
1123 1981 1268 2061 ordinis
1290 1983 1432 2061 eodem
1461 1984 1578 2062 modo
1609 1985 1825 2077 crederent,

401 2131 439 2193 et
462 2114 567 2223 quod
598 2141 729 2192 eorum
759 2112 970 2190 sacerdotes
999 2110 1127 2188 debite
1160 2111 1412 2203 celebrarent;
1446 2141 1524 2192 non
1552 2131 1679 2191 tamen
1708 2117 1829 2194 credit

399 2247 505 2350 quod
525 2245 649 2322 dictus
675 2261 847 2349 receptor
868 2243 934 2350 qui
961 2241 1050 2319 lecit
1083 2241 1252 2349 predicta
1278 2242 1376 2321 lieri'
1389 2260 1486 2322 esset
1509 2243 1634 2322 bonus
1656 2247 1828 2324 christia-

400 2404 489 2465 nus,
518 2404 587 2453 nec
618 2375 722 2481 quod
747 2373 886 2450 laceret
906 2372 1008 2452 bona
1027 2373 1244 2451 intencione
1274 2375 1454 2480 predicta.
1484 2375 1626 2452 Juravit
1652 2376 1827 2454 ordinem

399 2533 478 2584 non
496 2506 612 2597 exire,
645 2504 803 2582 credens
820 2504 926 2610 quod
957 2502 1019 2579 alii
1052 2502 1156 2580 idern
1183 2505 1367 2612 jurarent.
1399 2504 1642 2583 Clandestine
1668 2505 1828 2612 recipie-

400 2637 550 2728 bantur,
564 2635 681 2742 nullis
696 2634 934 2741 presentibus
955 2634 1026 2711 nisi
1047 2633 1225 2712 fratribus
1239 2634 1403 2726 ordinis,
1425 2663 1469 2713 ex
1482 2662 1559 2742 quo
1580 2635 1702 2713 credit
1722 2637 1829 2743 quod

402 2784 499 2844 esset
524 2766 687 2873 suspicio
716 2780 846 2842 contra
876 2791 952 2843 eos.
980 2763 1112 2842 Credit
1133 2757 1242 2870 ‘quod
1274 2763 1483 2842 revelantes
1514 2781 1656 2842 secreta
1685 2765 1828 2871 capitu·

402 2895 542 2974 liorum
561 2895 685 3002 puniti
718 2893 888 2972 luissent.
919 2895 1066 2972 Fratres
1094 2919 1190 3000 quos
1217 2893 1338 2971 credit
1362 2893 1509 2972 scivisse
1536 2921 1683 2972 errores
1698 2894 1828 3000 predi·
1924 2885 1926 2896 ’

282 3063 286 3074 ·
401 3044 481 3103 ctos
500 3024 654 3104 fuerunt
675 3024 924 3135 negligentes,
951 3024 1041 3130 quia
1059 3052 1136 3101 non
1153 3041 1395 3101 correxerunt
1410 3051 1559 3102 cosnec
1579 3023 1827 3104 denunciave-

343 3177 348 3187 '
400 3175 489 3234 runt
506 3156 683 3234 Ecclesia.
711 3155 945 3234 Elemosinas
964 3169 1003 3232 et
1026 3153 1318 3260 hospitalitatem
1346 3154 1440 3232 vidit
1465 3155 1505 3230 in
1530 3155 1628 3232 dicta
1650 3153 1767 3233 domo
1786 3157 1826 3232 in

402 3315 476 3392 qua
503 3287 676 3392 receptus
694 3285 766 3362 fuit
792 3302 829 3362 et
849 3301 1016 3362 moratus
1049 3283 1314 3363 convenienter
1343 3283 1427 3361 fieri
1457 3299 1495 3360 et
1521 3283 1673 3374 servari,
1696 3301 1735 3362 et
1757 3283 1828 3364 tuit

402 3417 436 3493 ei
456 3417 601 3494 dictum
620 3415 726 3523 qu'od
745 3414 958 3522 acquireret
972 3413 1114 3504 ordini,
1136 3441 1214 3490 non
1230 3412 1456 3491 declarando
1475 3441 1542 3519 per
1561 3411 1615 3492 las
1634 3412 1693 3492 vel
1710 3414 1825 3494 nefas.

401 3548 532 3628 Credit
559 3548 665 3654 quod
695 3546 866 3624 ordinata
896 3573 964 3652 per
995 3544 1216 3653 Magistrum
1248 3572 1335 3621 cum
1371 3561 1575 3639 conventu,
1608 3545 1639 3623 si
1670 3543 1827 3626 fuissent

399 3676 519 3767 bona,
551 3695 730 3756 servasset
759 3692 863 3755 totus
892 3677 1005 3766 ordo,
1043 3692 1174 3753 contra
1202 3703 1316 3780 quem
1347 3692 1502 3782 propter
1526 3675 1695 3782 predicta
1727 3704 1828 3755 nunc

400 3807 554 3915 grandia
574 3807 762 3899 scandala,
789 3807 951 3913 suspicio
974 3823 1012 3883 et
1039 3804 1192 3883 infamia
1218 3821 1308 3882 sunt
1333 3823 1476 3898 exorta,
1498 3821 1537 3884 et
1560 3822 1827 3913 contraquam

401 3965 560 4045 magnus
587 3938 764 4043 Magister
793 3952 831 4013 et
859 3935 923 4012 alii
951 3935 1129 4012 dicuntur
1159 3933 1285 4040 aliqua
1314 3933 1428 4014 fuisse
1453 3933 1631 4025 confesse
1652 3935 1701 4012 ad
1721 3937 1828 4045 cujus

402 4063 674 4142 deffensionem
693 4063 837 4142 ordinis
855 4091 894 4140 se
923 4089 1000 4140 non
1025 4062 1231 4156 obtulerat,
1249 4090 1318 4140 nec
1340 4062 1463 4140 fuerat
1482 4063 1583 4140 ultra
1596 4091 1713 4141 mare.

457 4195 672 4301 Requisitus
706 4195 736 4271 si
771 4195 824 4270 sic
849 4192 1076 4300 deposuerat
1100 4222 1232 4300 prece,
1265 4210 1462 4300 precept0,
1494 4194 1650 4284 timore,
1681 4221 1825 4289 amore,

374 4353 377 4358 ·
403 4323 510 4411 odio,
537 4324 596 4400 vel
622 4323 822 4431 temporali
858 4323 1020 4402 comodo
1044 4323 1176 4402 habito
1202 4323 1259 4401 vel
1286 4323 1481 4414 habendo,
1508 4323 1706 4430 respondit
1724 4324 1828 4432 quod

403 4479 497 4540 non,
517 4453 585 4530 sed
611 4453 855 4559 proceritate
882 4452 1058 4543 dicenda,
1079 4455 1138 4532 cui
1156 4453 1229 4532 luit
1245 4454 1458 4564 injunctum
1486 4455 1592 4561 quod
1623 4481 1701 4532 non
1731 4483 1829 4532 reve

401 4582 496 4662 laret
523 4585 620 4663 hanc
639 4615 746 4664 suam
767 4585 1069 4692 deposicionem,
1091 4614 1292 4693 quousque
1313 4586 1573 4664 attestaciones
1590 4585 1732 4664 fuerint
1762 4615 1828 4692 pu·

399 4712 556 4806 blicate;
578 4732 615 4794 et
635 4714 871 4824 intelligebat
889 4714 1061 4794 latinum.
