4208 5886
687 503 885 604 Prosus
916 519 1014 600 ons
1044 519 1350 600 Tauriscus.
1662 529 1733 600 229

306 671 448 750 instans
467 664 604 748 festum
624 663 862 747 discensionis
880 668 1032 747 Domini
1054 685 1164 744 erunt
1178 695 1274 746 xxvii
1294 668 1392 754 anni,
1414 665 1651 771 presentibus
1669 667 1736 742 sra-

305 801 427 880 tribus
447 800 616 880 lohanne
636 800 689 876 las
704 799 939 879 Chaussadas
957 815 1175 905 preceptore
1196 789 1294 874 dicte
1316 789 1467 884 domus,
1494 795 1667 874 Dionisio
1688 796 1735 872 de

308 930 446 1010 Castris
473 947 511 1008 et
543 931 729 1008 Ademaro
761 931 796 1007 la
829 929 1031 1036 Brugieyra
1065 927 1327 1016 servientibus,
1361 925 1577 1016 deffunctis;
1608 956 1628 1002 a
1661 957 1736 1033 quo
1806 927 1807 930 '

307 1078 516 1167 receptore,
542 1062 745 1138 instructus
770 1090 839 1167 per
861 1060 969 1148 alios,
996 1059 1114 1166 peciit
1132 1087 1267 1164 panem
1289 1076 1327 1136 et
1350 1087 1485 1164 aquam
1514 1074 1551 1133 et
1581 1058 1737 1135 societa-

306 1207 383 1269 tem
414 1192 573 1278 ordinis;
601 1208 639 1268 et
666 1193 814 1269 cumei
841 1190 1053 1296 predictum
1077 1189 1209 1268 fuisset
1240 1190 1344 1295 quod
1367 1189 1465 1266 bene
1494 1188 1733 1277 deliberaret,

307 1323 393 1428 quia
420 1339 611 1428 oporteret
635 1349 722 1398 eum
750 1322 868 1398 multa
887 1321 980 1398 dura
1007 1337 1045 1394 et
1068 1347 1197 1424 aspera
1223 1319 1423 1408 sustinere,
1453 1337 1490 1396 et
1515 1321 1677 1400 finaliter
1701 1323 1735 1398 ei

306 1451 471 1557 predicta
494 1452 754 1540 concessisset,
782 1451 871 1528 lecit
899 1479 986 1528 eum
1014 1478 1146 1526 vovere
1178 1466 1215 1526 et
1241 1451 1367 1556 jurare
1395 1451 1616 1540 castitatem,
1645 1451 1735 1529 obe-

307 1582 506 1670 dienciam,
530 1599 567 1658 et
586 1583 706 1660 vivere
731 1583 809 1658 sine
834 1581 1005 1687 proprio,
1037 1607 1180 1656 servare
1205 1580 1326 1658 bonos
1345 1607 1436 1654 usus
1463 1597 1500 1656 et
1511 1581 1629 1658 bonas
1648 1610 1737 1658 con-

306 1713 524 1792 suetudines
551 1712 716 1802 ordinis,
739 1741 816 1791 non
841 1713 1003 1788 revelare
1028 1728 1168 1789 secreta
1198 1710 1447 1815 capitulorum
1479 1739 1548 1786 nec
1575 1712 1734 1788 modum

305 1845 535 1952 recepcionis
550 1871 635 1932 sue,
654 1861 690 1920 et
710 1845 815 1950 quod
834 1841 976 1920 dictum
998 1841 1172 1918 ordinem
1184 1869 1261 1919 non
1278 1840 1484 1918 dimitteret
1493 1869 1562 1945 pro
1583 1841 1674 1930 alio,
1698 1859 1735 1916 et

305 1975 483 2080 imposito
502 1974 571 2052 sibi
590 1973 768 2052 mantello
790 1990 827 2050 et
846 1999 941 2078 aqua
958 1971 1156 2050 benedicta
1175 1999 1322 2075 aspersa
1342 1999 1454 2076 super
1474 1999 1562 2047 eum
1581 1999 1649 2077 per
1668 1969 1735 2046 sra-

306 2121 403 2182 trem
422 2107 461 2182 P.
489 2105 536 2182 de
556 2107 714 2211 Remeys
737 2103 1000 2209 presbiterum,
1022 2101 1088 2206 qui
1109 2101 1226 2176 eciam
1247 2101 1389 2189 aderat,
1413 2129 1529 2207 quem
1549 2101 1669 2177 credit
1687 2102 1735 2177 vi-

305 2263 406 2324 vere,
435 2254 471 2312 et
499 2237 599 2314 dicto
628 2235 771 2341 psalmo
799 2233 963 2312 Ecclesie
995 2231 1108 2324 Quam
1146 2233 1281 2316 bonnm,
1310 2248 1481 2338 receptor
1508 2247 1546 2306 et
1574 2249 1733 2308 astantes

305 2365 459 2444 suerunt
482 2395 571 2444 cum
594 2365 748 2444 oscidati
773 2365 812 2442 in
838 2393 919 2452 ore,
948 2379 986 2438 et
1009 2363 1089 2466 ipse
1112 2361 1218 2438 testis
1242 2361 1312 2438 fuit
1337 2363 1454 2438 eciam
1475 2361 1661 2442 osculatus
1681 2363 1734 2439 re·

307 2513 497 2601 ceptorem
513 2513 614 2574 retro
629 2496 668 2572 in
683 2497 845 2572 humero
861 2521 973 2599 super
992 2509 1120 2570 vestes.
1136 2493 1328 2596 Postque,
1346 2493 1529 2570 instructo
1544 2493 1625 2598 ipso
1639 2509 1732 2570 teste

309 2624 469 2732 qualiter
483 2641 631 2732 regeret
653 2653 692 2702 se
717 2627 757 2700 in
783 2623 932 2714 ordine,
950 2623 1116 2730 precepit
1142 2622 1265 2698 dictus
1284 2640 1457 2728 receptor
1483 2623 1607 2699 eidem
1630 2624 1731 2714 testi,

308 2755 347 2831 in
369 2755 562 2861 presencia
583 2732 763 2846 aliorum,
786 2755 890 2860 quod
915 2753 1117 2860 abnegaret
1140 2752 1314 2839 lhesum,
1337 2768 1374 2827 et
1393 2754 1473 2856 ipse
1493 2753 1600 2830 testis
1619 2751 1734 2828 abne·

307 2887 569 2994 gavitlhesum
586 2914 669 2974 ore,
685 2913 761 2962 non
780 2885 905 2962 corde.
917 2885 1066 2961 Deinde
1080 2883 1186 2960 duxit
1199 2883 1324 2989 ipsum
1337 2899 1473 2960 testem
1490 2883 1537 2959 ad
1551 2877 1729 2990 angulum

309 3015 407 3093 dicte
433 3014 591 3122 capelle,
615 3044 658 3092 ex
687 3033 790 3121 perte
811 3015 955 3103 dextra,
977 3013 1074 3091 intra
1096 3013 1212 3090 altare
1244 3031 1282 3090 et
1301 3012 1475 3102 chorum,
1507 3031 1545 3089 et
1579 3013 1671 3088 dixit
1696 3013 1729 3088 ei
1860 3051 1867 3060 ·

309 3149 413 3253 quod
437 3162 589 3252 spueret
611 3146 651 3222 in
677 3145 777 3222 dicto
807 3145 910 3236 loco,
936 3145 1025 3251 quia
1057 3143 1109 3221 ibi
1133 3162 1212 3222 erat
1233 3145 1398 3250 quedam
1419 3172 1523 3234 crux,
1545 3173 1658 3249 quam
1682 3163 1731 3220 ta·

308 3303 397 3354 men
419 3276 498 3380 ipse
519 3274 626 3352 testis
647 3301 724 3352 nou
747 3273 857 3363 vidit,
884 3276 972 3379 quia
997 3275 1103 3352 locus
1132 3291 1209 3352 erat
1233 3273 1430 3364 obscurus,
1459 3290 1496 3350 et
1524 3274 1602 3378 ipse
1629 3277 1733 3352 testis

181 3475 186 3486 .
309 3406 410 3513 spuit
424 3406 463 3481 in
481 3405 581 3482 dicto
600 3403 702 3490 loco,
718 3431 796 3480 non
815 3421 944 3481 tamen
961 3404 1161 3482 declaravit
1184 3405 1218 3480 ei
1234 3405 1339 3510 quod
1352 3405 1521 3509 predicta
1535 3422 1659 3481 essent
1684 3406 1732 3481 de

308 3535 458 3642 punctis
477 3533 634 3611 ordinis.
660 3531 741 3612 Alia
762 3533 891 3610 illicita
922 3559 1000 3610 non
1031 3534 1313 3610 intervenerunt
1338 3535 1376 3608 in
1400 3533 1499 3610 dicta
1524 3563 1588 3610 sua
1612 3561 1733 3640 recep

309 3664 418 3742 cione
435 3692 505 3740 nec
524 3679 626 3770 post,
650 3679 688 3739 et
714 3664 761 3740 de
785 3663 895 3740 dictis
913 3663 1056 3740 illicitis
1078 3663 1172 3738 dixit
1202 3691 1241 3740 se
1272 3663 1385 3742 luisse
1417 3663 1643 3752 consessum,
1672 3695 1733 3741 ne-

309 3794 378 3873 scit
395 3795 465 3872 cui.
494 3795 609 3886 Item,
641 3793 734 3870 dixit
760 3793 863 3900 quod
890 3810 979 3870 sunt
1003 3792 1150 3870 circiter
1168 3821 1241 3868 xxii
1262 3796 1351 3869 anni
1382 3795 1486 3900 quod
1514 3793 1593 3898 ipse
1608 3798 1728 3884 testis,

309 3925 397 4030 quie
422 3923 640 4031 frequenter
663 3923 856 4002 audiverat
875 3923 1013 4000 cantari
1044 3922 1152 4000 llesu
1183 3925 1338 4000 salvator
1375 3927 1501 4011 secali,
1534 3926 1646 4029 peciit
1676 3957 1733 4002 se-

310 4073 411 4134 creto
436 4085 456 4132 a
488 4054 600 4131 fratre
621 4056 660 4131 Ρ.
681 4051 804 4134 Dalbo
827 4053 1040 4160 quondam,
1063 4071 1284 4160 preceptore
1304 4071 1396 4131 tuuc
1425 4055 1562 4132 domus
1581 4058 1731 4163 Templi

310 4185 358 4265 de
374 4187 485 4264 Ulmo
503 4186 651 4264 Tuendi
677 4185 917 4264 Bituricensis
941 4185 1116 4276 diocesis,
1143 4186 1298 4291 antiquo
1326 4184 1498 4276 homine,
1519 4213 1635 4292 quare
1655 4218 1733 4292 pre-

310 4316 518 4422 cipiebatur
535 4314 710 4392 iratribus
733 4313 877 4392 ordinis
898 4315 1003 4420 quod
1019 4315 1251 4424 abnegarent
1266 4315 1439 4406 Jhesum,
1462 4343 1549 4392 cum
1569 4317 1641 4394 hoc
1661 4347 1733 4396 ma-

309 4446 390 4523 lum
413 4461 525 4536 esset,
547 4444 635 4551 quia
661 4443 784 4521 dictus
811 4444 961 4552 hypnus
981 4443 1129 4520 dicebat
1155 4444 1260 4550 quod
1283 4463 1362 4521 erat
1389 4444 1548 4522 salvator
1563 4447 1680 4524 seculi
1697 4467 1734 4525 et

310 4575 411 4653 filius
425 4573 589 4683 Virginis
611 4573 745 4663 Marie;
770 4589 808 4649 et
823 4572 946 4650 dictus
961 4571 1074 4650 frater
1099 4575 1229 4685 Petrus
1253 4575 1449 4679 respondit
1473 4575 1507 4650 ei
1527 4578 1632 4682 quod
1657 4607 1734 4657 non

310 4721 408 4784 esset
434 4705 603 4782 curiosus
632 4702 681 4780 ad
706 4702 976 4809 inquirendum
999 4702 1046 4780 de
1070 4702 1163 4803 hoc,
1193 4703 1281 4809 quie
1302 4703 1436 4782 exhor
1463 4725 1588 4810 posset
1613 4709 1733 4785 incur-

309 4863 392 4914 rere
408 4836 713 4945 indignacionem
739 4832 894 4912 fratrum
912 4850 952 4911 et
964 4831 1200 4939 superiorum
1221 4835 1381 4926 ordinis,
1404 4853 1441 4912 et
1462 4838 1565 4942 quod
1593 4839 1663 4916 iret
1684 4841 1731 4916 ad
