4486 5890
453 517 521 589 iss
839 497 1033 592 nnocns
1061 489 1156 589 nn's
1183 513 1481 590 reustum.

447 655 533 733 lecit
553 683 641 732 eum
664 683 796 734 vovere
821 674 860 735 et
878 659 1007 766 jurare
1030 658 1253 746 castitatem,
1282 654 1562 743 obedienciam,
1589 669 1628 731 et
1645 653 1767 735 vivere
1792 651 1873 734 sine

448 785 617 892 proprio,
642 802 681 863 et
702 814 848 864 servare
872 787 996 866 bonos
1021 817 1113 866 usus
1134 803 1173 865 et
1193 785 1313 866 bonas
1337 785 1630 866 consuetudines
1651 785 1812 877 ordinis,
1836 801 1874 863 et

446 915 551 1022 quod
567 943 645 993 non
668 916 849 995 revelaret
862 935 1005 996 secreta
1033 905 1304 1024 capitulorumss
1324 932 1363 994 et
1379 915 1556 1024 imposito
1580 915 1652 994 sibi
1676 915 1872 1006 mantello,

448 1062 620 1152 receptor
635 1063 672 1123 et
686 1074 820 1124 omnes
837 1064 998 1126 astantes
1018 1047 1174 1127 osculati
1195 1046 1351 1126 fuerunt
1372 1077 1461 1126 eum
1481 1047 1520 1124 in
1539 1073 1617 1125 ore.
1639 1048 1773 1124 Postea
1792 1075 1877 1154 pre-

449 1176 547 1283 cepit
565 1176 721 1283 siquod
740 1177 973 1257 oscularetur
994 1178 1119 1286 ipsum
1135 1193 1370 1285 receptorem
1394 1179 1433 1256 in
1453 1204 1544 1256 anca
1559 1194 1597 1268 et
1612 1177 1651 1254 in
1673 1176 1874 1266 umbilico,

450 1305 599 1382 camisia
621 1307 864 1396 intermedia,
895 1326 933 1385 et
958 1307 1032 1386 luit
1055 1336 1143 1385 eum
1167 1307 1261 1386 inihi
1283 1307 1484 1386 osculatus.
1511 1305 1682 1414 Precepit
1704 1308 1822 1384 eciam
1842 1307 1877 1385 ei

392 1483 395 1492 ⁴
450 1436 553 1544 quod
568 1437 771 1544 abnegaret
781 1437 816 1513 le
832 1438 1016 1544 propheta
1030 1439 1116 1542 (sie).
1131 1437 1351 1545 Requisitus
1364 1439 1458 1544 quid
1473 1437 1707 1546 intelligebat
1720 1463 1788 1544 per
1798 1467 1879 1544 pro

450 1567 622 1674 phetam,
647 1567 842 1673 respondit
870 1595 910 1644 se
931 1568 1074 1644 nescire
1100 1567 1130 1645 si
1154 1568 1310 1645 Jhesum
1335 1567 1529 1646 Christum
1553 1567 1612 1644 vel
1632 1595 1767 1675 quem,
1790 1569 1878 1674 quia

446 1698 595 1802 juvenis
614 1713 711 1787 erat3
725 1714 853 1776 tamen
874 1697 1068 1806 abnegavit
1086 1697 1311 1804 prophetam
1336 1726 1401 1776 ore
1416 1727 1494 1776 non
1516 1699 1646 1786 cordo,
1670 1695 1816 1776 hebens
1831 1698 1879 1776 de

451 1828 523 1904 hoc
538 1855 750 1905 remorsum
765 1829 1015 1920 consciencie,
1038 1829 1124 1936 quia
1140 1828 1332 1906 audiverat
1353 1828 1428 1905 dici
1444 1829 1550 1936 quod
1566 1829 1678 1906 tudei
1697 1827 1879 1906 vocabant

452 1959 575 2034 Deum
603 1975 774 2036 nostrum
799 1957 1034 2065 prophetem.
1063 1959 1167 2036 Dixit
1193 1959 1312 2036 eciam
1343 1959 1376 2035 ei
1402 1959 1507 2067 quod
1529 1975 1677 2065 poterat
1702 1956 1880 2036 fratribus

453 2088 597 2166 ordinis
617 2087 814 2166 carnaliter
832 2088 1066 2167 commisceri
1091 2106 1129 2168 et
1149 2089 1218 2197 ipsi
1240 2117 1327 2166 cum
1347 2117 1412 2175 eos
1430 2089 1504 2166 hoc
1528 2107 1656 2167 tamen
1677 2117 1755 2168 non
1775 2087 1878 2177 fecit,

453 2247 522 2296 nec
545 2219 666 2296 credit
689 2219 795 2326 quod
821 2217 929 2297 fieret
955 2221 995 2297 in
1020 2220 1167 2298 ordine.
1200 2219 1370 2327 Precepit
1399 2221 1434 2297 ei
1461 2220 1567 2328 quod
1595 2237 1747 2327 spueret
1767 2249 1881 2326 super

452 2351 656 2456 quamdam
681 2377 832 2428 crucem
853 2349 1034 2456 sculptam
1061 2351 1100 2426 in
1121 2350 1286 2457 quodam
1313 2349 1437 2455 lapide
1453 2349 1558 2457 juxta
1582 2349 1710 2428 locum
1738 2350 1778 2425 in
1803 2377 1879 2456 quo

454 2481 646 2588 legebatur
668 2480 843 2588 epistola,
866 2481 1001 2588 etipse
1025 2480 1130 2558 testis
1153 2480 1256 2588 spuit
1281 2508 1359 2560 non
1383 2509 1495 2586 supra
1518 2480 1585 2558 sed
1607 2481 1735 2588 juxta;
1762 2459 1881 2558 et'est

454 2611 650 2692 sciendum
686 2610 793 2715 quod
835 2608 958 2686 dictus
983 2609 1089 2687 testis
1116 2608 1296 2716 deposuit
1317 2609 1528 2716 supradicta
1557 2607 1723 2686 multum
1753 2609 1879 2714 tepide

455 2757 492 2816 et
514 2740 692 2816 remisse:
720 2755 858 2814 etcum
884 2737 1145 2815 exhortaretur
1166 2765 1235 2844 per
1259 2737 1378 2816 dictos
1404 2737 1579 2816 dominos
1605 2735 1880 2816 commissarios

455 2870 502 2945 ad
528 2871 718 2947 veritatem
750 2869 949 2947 dicendam
976 2899 1063 2946 cum
1094 2870 1311 2958 securitate,
1344 2869 1438 2946 dixit
1472 2867 1576 2975 quod
1610 2865 1766 2946 nolebat
1798 2897 1881 2974 per-

456 3001 545 3078 dere
566 3028 779 3109 personam.
796 3001 1012 3107 Requisitus
1032 2999 1064 3077 si
1083 3000 1168 3092 scit,
1185 2999 1322 3088 credit,
1336 2998 1394 3077 vel
1411 2998 1555 3076 audivit
1569 2998 1641 3074 dici
1662 2998 1767 3106 quod
1783 2999 1880 3076 dicta
1973 3045 1978 3052 ·

456 3129 585 3206 illicita
611 3129 669 3208 vel
691 3129 761 3207 alia
788 3129 1059 3208 intervenirent
1082 3129 1336 3208 communiter
1360 3129 1400 3206 in
1415 3127 1700 3235 recepcionibus
1718 3127 1879 3206 aliorum

457 3261 613 3340 fratrum
635 3261 779 3339 ordinis
798 3259 857 3338 vel
876 3277 976 3367 post,
994 3260 1192 3367 respondit
1210 3257 1320 3367 qood
1337 3285 1427 3336 non.
1448 3259 1550 3336 Item·
1562 3257 1654 3334 dixit
1669 3285 1707 3336 se
1726 3258 1881 3335 credere

457 3392 562 3496 quod
578 3391 709 3468 fratres
722 3390 867 3468 ordinis
879 3391 1079 3467 crederent
1096 3389 1353 3468 ecclesiasticis
1373 3388 1787 3496 sacramentis,quibus
1804 3388 1881 3495 ipse

458 3519 652 3614 credebat,
680 3538 716 3599 et
739 3522 844 3628 quod
872 3548 1006 3598 eorum
1036 3520 1248 3599 sacerdotes
1276 3517 1404 3597 debite
1419 3517 1676 3612 celebrarent.
1708 3517 1883 3596 Promisit

458 3650 631 3728 ordinem
645 3678 723 3729 non
737 3651 852 3740 exire,
875 3648 1033 3728 credens
1047 3650 1153 3758 quod
1171 3648 1235 3728 alii
1249 3649 1354 3728 idem
1371 3649 1647 3755 promitterent.
1668 3649 1802 3727 Statim
1813 3675 1881 3755 pro

458 3781 633 3887 professis
655 3778 903 3858 habebantur.
925 3780 1166 3859 Clandestine
1191 3778 1485 3886 recipiebantur,
1513 3777 1628 3856 nullis
1646 3777 1884 3886 presentibus

459 3913 531 3990 nisi
550 3910 727 3990 fratribus
747 3911 902 3988 ordinis.
919 3911 1097 3988 Cordulis
1117 3909 1220 3986 unde
1238 3909 1415 3990 volebant
1429 3908 1885 4018 assumptiscingebantur
1905 3969 1909 3978 .

460 4069 572 4148 super
596 4041 764 4119 camisias
796 4069 881 4118 cum
913 4039 1053 4146 quibus
1080 4039 1266 4148 jacebant.
1295 4036 1566 4146 lnjungebatur
1594 4039 1649 4116 eis
1675 4037 1780 4145 quod
1809 4067 1884 4117 non

462 4170 735 4248 confiterentur
744 4170 826 4248 aliis
838 4199 952 4277 quam
963 4169 1222 4250 sacerdotibus
1231 4170 1386 4259 ordinis,
1398 4169 1583 4276 quamdiu
1591 4169 1736 4277 copiam
1747 4167 1885 4246 hebere

462 4318 636 4409 poterant
651 4301 888 4379 eorumdem.
910 4301 1189 4408 Precipiebatur
1209 4301 1263 4378 eis
1282 4299 1387 4407 quud
1407 4327 1486 4378 non
1505 4297 1714 4378 revelarent
1729 4298 1886 4378 modum

463 4461 529 4510 sue
545 4433 774 4541 recepcionis
793 4432 868 4509 illis
884 4433 951 4539 qui
967 4448 1164 4511 nouerant
1184 4432 1231 4510 de
1250 4430 1383 4509 ordine
1400 4458 1546 4510 eorum.
1568 4429 1645 4525 Qui
1664 4429 1887 4508 revelassent

463 4560 521 4641 vel
536 4580 681 4641 secreta·
695 4562 982 4671 capitoliorum,
1002 4563 1126 4671 puniti
1150 4561 1328 4654 luissent,
1347 4561 1415 4640 sed
1434 4561 1554 4640 nescit
1570 4559 1745 4668 qualiter.
1767 4559 1886 4668 siqui

464 4711 570 4772 erant
584 4693 714 4772 fratres
727 4694 886 4772 scientes
899 4720 1045 4772 errores
1057 4721 1136 4772 esse
1153 4694 1191 4770 in
1204 4692 1356 4785 ordine,
1370 4691 1526 4770 fuerunt
1540 4691 1791 4800 negligentes,
1801 4690 1888 4799 qnia

464 4853 540 4902 non
553 4840 795 4903 correxerunt
807 4851 872 4902 eos
884 4852 955 4902 nec
970 4823 1293 4903 denunciaverunt
1303 4821 1478 4900 Ecclesie.
1496 4823 1538 4899 ln
1555 4820 1733 4901 domibus
1746 4821 1888 4901 ordinis
