4320 5898
708 524 905 618 ruocbs
932 545 1026 619 nus
1054 546 1357 621 Taurumue.
1700 551 1747 630 ts

318 683 422 792 quod
443 711 558 792 super
573 684 646 762 boc
666 683 853 779 crederet,
876 690 965 798 quia
985 717 1063 768 non
1083 690 1277 799 inquisivit
1294 691 1342 768 de
1357 689 1461 770 factis
1482 689 1643 784 ordinis,
1662 695 1750 803 adji-

317 816 420 895 ciens
440 844 479 896 se
506 816 621 895 luisse
647 817 861 897 confessum
882 819 930 900 de
951 821 1131 930 predictis
1157 820 1349 902 erroribus
1376 824 1416 900 in
1445 823 1650 904 crastinum
1680 854 1748 906 sue

316 951 567 1058 recepcionis,
591 951 632 1029 in
657 949 773 1029 domo
800 949 958 1031 fratrum
978 953 1171 1033 Minorum
1188 954 1236 1033 de
1255 947 1430 1047 Belvaco,
1448 954 1553 1034 fratri
1567 958 1678 1036 Petro
1700 959 1748 1036 de

316 1099 444 1161 sancto
457 1085 562 1163 Justo
580 1085 818 1165 conventuali
836 1086 926 1164 dicti
942 1085 1015 1164 loci
1030 1087 1240 1182 Minorum,
1256 1088 1322 1196 qui
1337 1088 1498 1168 absolvit
1510 1119 1617 1179 eum,
1633 1089 1751 1198 impo

316 1216 384 1293 sita
404 1217 617 1324 penitencia
638 1217 744 1324 quod
768 1245 962 1328 nunquam
988 1218 1187 1299 interesset
1205 1219 1290 1298 loco
1315 1219 1354 1296 in
1380 1247 1458 1328 quo
1483 1219 1572 1298 talia
1592 1221 1745 1316 fierent,

316 1365 352 1426 et
373 1350 479 1455 quod
493 1348 686 1460 jejunaret
704 1350 909 1430 intendens
927 1351 1012 1461 [sic]
1034 1353 1115 1430 sine
1135 1352 1269 1460 pannis
1289 1350 1400 1430 lineis
1419 1350 1533 1429 sextis
1552 1351 1655 1431 feriis
1680 1382 1748 1462 per

314 1509 467 1560 aunum.
482 1484 597 1574 ltem,
614 1482 709 1560 dixit
719 1511 758 1562 se
768 1479 868 1562 bene
884 1485 1038 1564 credere
1051 1483 1310 1576 ecclesiasticis
1319 1485 1578 1574 sacramentis,
1592 1502 1631 1562 et
1642 1488 1748 1594 quod

315 1613 377 1690 alii
402 1615 619 1707 crederent,
647 1634 685 1695 et
704 1618 811 1722 quod
836 1645 970 1694 eorum
994 1619 1207 1694 sacerdotes
1227 1616 1357 1695 debite
1378 1615 1633 1708 celebrarent;
1654 1619 1745 1710 etin

316 1747 378 1824 die
393 1747 552 1826 Veneris
572 1765 695 1825 sancta
711 1746 806 1826 vidit
818 1775 890 1855 per
904 1776 968 1827 eos
983 1776 1133 1826 crucem
1147 1747 1282 1827 devote
1301 1764 1339 1826 et
1352 1765 1568 1827 reverenter
1580 1749 1745 1840 adorari,

316 1878 577 1956 calceameutis
593 1877 791 1985 depositis,
808 1895 846 1956 et
863 1879 1042 1986 capuciis,
1060 1879 1212 1958 birretis
1228 1897 1265 1958 et
1280 1879 1404 1988 pilleis
1422 1875 1578 1972 amotis;
1597 1897 1635 1958 et
1651 1881 1747 1959 dicta

315 2009 375 2086 die
388 2011 613 2120 jejunabant
632 2011 671 2088 in
693 2037 792 2118 pane
811 2026 849 2087 et
868 2037 964 2120 aqua
985 2029 1023 2090 et
1040 2013 1293 2092 comedebant
1311 2014 1393 2092 sine
1414 2013 1571 2122 mappis.
1593 2013 1745 2091 Dictum

314 2143 435 2220 fuitei
452 2141 492 2220 in
508 2144 730 2250 recepcione
746 2171 811 2222 sua
828 2143 935 2252 quod
954 2141 1080 2222 statim
1095 2173 1165 2251 pro
1180 2145 1351 2252 professo
1371 2145 1595 2235 habebatur,
1614 2145 1653 2222 in
1668 2173 1746 2254 quo

314 2274 410 2352 nulli
437 2273 642 2354 adsuerunt
659 2275 732 2354 uisi
754 2273 888 2354 lratres
908 2273 1064 2354 ordinis.
1087 2275 1268 2355 Cordulis
1286 2277 1392 2356 unde
1412 2276 1591 2356 volebant
1610 2303 1748 2356 assum·

312 2407 388 2512 ptis
408 2407 656 2518 cingebantur
671 2435 783 2515 supra
798 2407 968 2486 camisias
988 2435 1075 2484 cum
1096 2408 1237 2516 quibus
1252 2409 1439 2518 jacebant.
1463 2411 1506 2486 ln
1523 2407 1745 2514 recepcione

314 2566 380 2616 sua
395 2538 467 2616 luit
481 2540 514 2616 ei
527 2567 596 2646 per
612 2557 848 2648 receptorem
864 2557 1087 2648 preceptum
1104 2539 1209 2650 quod
1227 2541 1370 2619 nemini
1386 2539 1570 2618 revelaret
1586 2539 1746 2616 modum

314 2697 381 2748 sue
395 2667 627 2780 recepcionis
644 2690 684 2752 et
697 2671 828 2750 illicita
847 2701 922 2782 que
942 2672 1223 2752 intervenerant
1239 2674 1279 2750 in
1296 2674 1443 2750 eadem.
1462 2673 1612 2750 Fratres
1629 2671 1748 2749 scien-

313 2820 370 2881 tes
395 2831 557 2895 errores,
579 2805 610 2882 si
634 2804 699 2913 qui
726 2822 849 2899 erant,
880 2804 1049 2894 fuerunt,
1077 2823 1121 2883 ut
1140 2805 1277 2897 credit,
1298 2802 1535 2912 negligentes
1557 2802 1746 2911 quianon

313 2953 561 3014 correxerunt
574 2963 645 3014 nec
661 2935 987 3014 denunciaverunt
1005 2936 1182 3016 Ecclesia.
1201 2938 1244 3014 ln
1258 2953 1423 3045 quatuor
1443 2933 1624 3013 domibus
1644 2934 1746 3011 ordi-

315 3069 374 3145 nis
390 3065 430 3142 in
448 3066 591 3176 quibus
607 3067 730 3145 extitit
744 3067 914 3177 claviger,
933 3066 1023 3145 fecit
1042 3085 1079 3146 et
1103 3067 1198 3146 vidit
1211 3068 1438 3147 elemosinas
1458 3082 1497 3144 et
1511 3065 1746 3173 hospitalita-

314 3216 392 3274 tem
423 3199 692 3276 convenieuter
718 3197 801 3276 lieri
833 3216 870 3276 et
900 3198 1061 3288 servari,
1095 3217 1133 3277 et
1163 3199 1376 3278 deffensum
1406 3197 1480 3277 luit
1498 3196 1570 3277 sibi
1599 3214 1638 3274 et
1664 3196 1746 3274 aliis

205 3420 213 3437 ι
313 3311 619 3423 deflendebatur,
649 3347 692 3406 ut
724 3328 868 3418 credit,
896 3358 965 3436 per
998 3329 1143 3408 dictum
1173 3349 1412 3438 receptorem
1445 3357 1558 3407 suum
1585 3345 1623 3407 et
1653 3329 1747 3409 alios

313 3478 529 3569 receptores
548 3462 653 3568 quod
673 3461 843 3539 indebite
863 3490 942 3540 nou
963 3464 1204 3570 acquirerent
1225 3463 1363 3541 ordini.
1380 3461 1535 3542 Audivit
1551 3459 1626 3539 dici
1639 3463 1747 3571 quod

314 3596 408 3672 clam
437 3611 475 3670 et
498 3591 606 3670 valde
631 3621 743 3670 mane
767 3619 900 3671 eorum
921 3591 1095 3700 capitulia
1114 3593 1355 3671 tenebantur.
1377 3591 1648 3700 Ordinataper
1667 3595 1747 3672 Ma-

311 3727 470 3837 gistrum
499 3753 585 3803 cum
607 3741 795 3803 conventu
819 3721 977 3802 luissent
1000 3742 1158 3818 servata,
1182 3741 1226 3802 ut
1251 3724 1390 3813 credit,
1420 3723 1459 3800 in
1481 3740 1563 3801 toto
1592 3723 1743 3816 ordine,

313 3875 441 3938 contra
461 3885 575 3968 quern
594 3885 698 3935 nunc
716 3856 870 3968 grandia
886 3855 1075 3948 scaudala,
1093 3856 1259 3965 suspicio
1273 3874 1312 3934 et
1327 3853 1481 3933 infamia
1494 3871 1584 3934 sunt
1599 3871 1744 3948 exorta;

315 3990 362 4067 ad
392 3989 498 4100 cujus
523 3989 798 4068 deffensionem
823 4017 863 4066 se
877 4001 968 4067 ‘uon
995 3989 1195 4068 obtulerat.
1225 3988 1444 4098 Requisitus
1468 3987 1499 4067 si
1526 3979 1589 4065 alii
1613 3981 1746 4067 fratres

313 4121 379 4228 qui
399 4121 604 4200 adfuerunt
623 4121 837 4229 recepcioni
856 4149 923 4200 sue
947 4122 1147 4202 audierant
1165 4120 1223 4199 vel
1241 4121 1414 4201 viderant
1431 4119 1496 4198 illa
1520 4117 1652 4198 illicita
1670 4151 1745 4230 que

317 4253 406 4332 dicti
421 4271 596 4362 receptor
610 4270 649 4332 et
664 4271 814 4332 curatus
834 4254 1006 4332 dixerant
1020 4254 1074 4346 ei,
1095 4253 1292 4363 respondit
1307 4281 1346 4333 se
1363 4252 1516 4332 credere
1532 4254 1637 4362 quod
1653 4281 1743 4331 non.
1782 4269 1789 4286 '

370 4385 587 4493 Requisitus
600 4386 629 4464 si
644 4387 696 4464 sio
711 4388 937 4495 deposuerat
950 4413 1076 4496 prece,
1092 4404 1287 4496 precepto,
1302 4387 1456 4477 timore,
1474 4411 1620 4476 amore,
1636 4387 1743 4476 odio,

313 4517 373 4596 vel
405 4518 606 4626 temporali
631 4521 793 4600 comodo
826 4519 960 4600 habito
986 4518 1046 4598 vel
1072 4519 1268 4615 babendo,
1298 4518 1495 4628 respondit
1519 4517 1623 4626 quod
1650 4547 1745 4612 non,

317 4650 384 4727 sed
417 4680 485 4757 pro
515 4651 668 4730 veritate
697 4650 879 4744 dicenda3
905 4653 966 4732 cui
991 4651 1063 4730 luit
1088 4653 1301 4760 injunctum
1328 4653 1435 4760 quod
1460 4677 1538 4730 non
1565 4649 1749 4729 revelaret

316 4781 412 4858 hanc
434 4812 539 4861 suam
567 4785 849 4892 depositionem
874 4810 1075 4892 quousque
1100 4785 1361 4864 attestaciones
1381 4783 1523 4863 luerint
1543 4782 1744 4892 publicato.

1588 5052 1616 5116 6.
