4210 5882
378 547 451 622 att
770 527 969 620 ruocts
995 545 1091 617 uus
1117 543 1417 617 reuertens.

377 692 424 768 de
444 720 571 780 causa,
594 688 760 795 aliquam
786 688 921 768 dixerit
938 686 1136 765 falsitatem
1161 686 1218 765 vel
1235 684 1484 764 immiscuerit
1503 684 1542 761 in
1566 683 1809 792 deposicione

374 852 457 908 sua,
490 823 581 899 dixit
599 849 668 928 per
689 821 946 928 juramentum
969 847 1078 898 suum
1093 817 1198 926 quod
1225 845 1323 908 non;
1353 818 1472 896 immo
1496 815 1588 895 dixit
1616 844 1748 924 puram
1772 835 1810 895 et

375 981 517 1032 meram
534 953 740 1030 veritatem.

430 1219 522 1293 ltem
543 1213 657 1292 frater
675 1214 866 1294 lohannes
882 1215 929 1290 de
942 1213 1021 1292 Gisi
1037 1213 1221 1318 presbiter
1236 1211 1327 1289 dicti
1353 1210 1509 1299 ordinis,
1524 1209 1632 1288 etatis
1650 1237 1732 1289 xxvt
1750 1239 1809 1288 an·

375 1375 512 1424 normn
531 1347 588 1423 vel
619 1346 730 1434 circa,
749 1345 895 1452 juratus
916 1344 1053 1422 eodem
1074 1343 1190 1422 modo
1214 1343 1261 1422 de
1291 1371 1332 1420 se
1350 1359 1388 1420 et
1414 1341 1496 1420 aliis
1516 1341 1556 1418 in
1582 1369 1691 1418 causa
1717 1339 1807 1420 fidei

374 1477 501 1554 dicere
517 1476 726 1564 veritatem,
741 1492 778 1551 et
792 1474 1040 1582 interrogatus
1053 1475 1100 1552 de
1116 1491 1288 1580 tempore
1303 1483 1343 1550 et
1357 1471 1473 1551 modo
1483 1499 1550 1550 sue
1560 1471 1806 1579 recepcionis,

375 1609 466 1685 dixit
481 1635 549 1714 per
558 1607 814 1714 juramentum
836 1635 946 1684 suum
963 1606 1070 1713 quod
1090 1623 1264 1713 receptus
1287 1603 1361 1684 luit
1380 1605 1419 1681 in
1442 1604 1558 1683 domo
1586 1605 1634 1682 de
1653 1603 1808 1712 Laigne-

374 1737 459 1815 ville
477 1737 710 1818 belvacensis
730 1737 907 1826 diocesis,
926 1754 1003 1815 tres
1026 1737 1112 1814 anni
1135 1737 1275 1815 suntin
1290 1735 1386 1814 leste
1402 1735 1806 1814 sanctorumJohannis

374 1886 413 1945 et
435 1869 559 1957 Pauli,
587 1895 654 1973 per
685 1866 839 1945 fratrem
864 1867 1104 1973 Radulphum
1134 1869 1182 1946 de
1211 1867 1291 1947 Gisi
1327 1855 1560 1972 receptorem
1586 1865 1805 1972 Campania,

373 1999 610 2107 presentibus
629 1997 807 2086 iratribus
825 1999 1008 2077 Durando
1038 1999 1158 2076 milite
1186 1998 1275 2077 dicti
1305 1999 1465 2084 ordinis,
1485 2015 1523 2074 et
1540 1996 1711 2075 iohanne
1727 2025 1807 2103 pre·

373 2147 523 2236 ceptore
545 2129 642 2208 dicte
664 2129 814 2222 domus,
836 2129 1058 2236 presbitero.
1080 2129 1182 2208 Dixit
1202 2130 1319 2208 eciam
1336 2157 1405 2236 per
1417 2129 1674 2236 juramentum
1694 2155 1805 2206 suum

372 2262 492 2367 quod,
515 2277 600 2368 post
620 2261 754 2340 multas
773 2261 1042 2367 promissiones
1062 2261 1109 2340 ab
1131 2290 1176 2338 eo
1196 2258 1308 2339 factas
1328 2261 1377 2338 de
1397 2258 1641 2338 observandis
1661 2259 1807 2336 statutis

374 2409 411 2469 et
430 2392 581 2469 secretis
602 2391 692 2470 dicti
713 2392 875 2482 ordinis,
898 2391 1018 2470 dictus
1038 2392 1223 2498 recipiens
1243 2391 1410 2470 ostendit
1427 2391 1497 2468 sibi
1517 2389 1676 2500 figuram
1690 2391 1805 2470 Jhesu

372 2522 508 2600 Christi
527 2523 712 2630 depictam
728 2525 768 2599 in
785 2523 949 2630 quodam
970 2523 1126 2613 missali,
1149 2541 1187 2603 et
1206 2523 1337 2631 petivit
1358 2523 1405 2602 ab
1425 2551 1473 2600 eo
1487 2539 1615 2601 utrum
1636 2523 1807 2600 crederet

372 2653 411 2730 in
430 2653 541 2732 illum
556 2654 663 2761 cujus
674 2652 794 2764 figura
815 2672 894 2731 erat
914 2655 988 2744 ibi;
1011 2673 1048 2732 et
1059 2655 1138 2761 ipse
1155 2655 1247 2731 dixit
1261 2639 1364 2762 quod
1380 2653 1449 2746 sic,
1466 2672 1504 2732 et
1512 2672 1602 2732 tunc
1621 2651 1714 2732 dixit
1730 2653 1801 2732 sibi

372 2785 477 2890 quod
498 2785 701 2893 abnegaret
721 2807 811 2862 eum
824 2802 894 2874 ter,
913 2803 951 2863 et
968 2803 1026 2863 ter
1041 2803 1191 2892 spueret
1210 2815 1322 2892 supra
1348 2814 1517 2876 erucem3
1542 2802 1581 2862 et
1607 2813 1695 2862 oum
1724 2784 1802 2890 ipse

374 2915 449 2992 hoc
472 2913 593 2993 facere
620 2918 841 3025 denegaret,
867 2933 993 2992 tamen
1026 2916 1210 3023 compulit
1239 2946 1326 2994 eum
1357 2917 1406 2993 ad
1429 2917 1518 3006 hoc,
1546 2915 1676 2994 dicens
1699 2915 1803 3023 quod

373 3045 569 3152 oportebat
588 3047 693 3153 quod
711 3045 785 3125 boc
800 3045 952 3134 faceret,
976 3064 1013 3124 et
1035 3065 1124 3124 tunc
1144 3076 1209 3126 ore
1228 3067 1265 3127 ct
1280 3075 1357 3127 non
1381 3046 1495 3126 corde
1518 3047 1712 3154 abnegavit
1732 3064 1800 3134 ter,

374 3194 411 3252 et
431 3194 489 3252 ter
507 3175 615 3254 fiuxit
628 3205 761 3283 spuere
782 3205 891 3282 supra
912 3205 1077 3266 cmcem,
1100 3178 1168 3256 sed
1187 3179 1288 3286 spuit
1303 3179 1519 3284 adpartem.

429 3307 524 3384 Item
544 3307 636 3385 dixit
655 3337 724 3416 per
737 3307 995 3414 juramentum
1014 3337 1125 3386 suum
1141 3310 1246 3416 quod
1265 3310 1453 3388 osculatus
1467 3307 1540 3386 fuit
1559 3335 1648 3385 eum
1663 3307 1803 3386 solum-

372 3438 488 3514 modo
510 3439 548 3514 in
568 3466 655 3526 ore,
677 3437 766 3514 licet
783 3437 900 3518 suerit
916 3437 1120 3545 requisitus
1135 3439 1184 3516 de
1199 3439 1403 3517 osculando
1426 3467 1514 3517 eum
1538 3439 1577 3514 in
1603 3437 1800 3527 umbilico;

372 3569 440 3644 sed
469 3568 681 3646 assistentes
706 3568 881 3646 dixerunt
910 3568 1014 3675 quod
1044 3586 1214 3675 parceret
1247 3569 1334 3659 sibi,
1369 3571 1456 3676 quia
1487 3585 1566 3646 erat
1589 3568 1636 3645 de
1663 3595 1800 3676 genere

372 3726 440 3776 suo
462 3716 499 3776 et
513 3699 697 3777 sacerdos.

427 3831 520 3906 ltem
544 3829 637 3906 dixit
650 3859 718 3936 per
727 3830 985 3938 juramentum
1001 3857 1113 3908 suum
1131 3831 1236 3936 quod
1256 3828 1380 3909 dictus
1399 3830 1583 3936 recipiens
1604 3829 1713 3908 dedit
1730 3829 1799 3907 sibi

371 3961 565 4038 licenciam
587 3960 780 4039 habitandi
797 3990 883 4039 cum
903 3959 1081 4038 fratribus
1106 3961 1197 4039 dicti
1223 3961 1383 4052 ordinis,
1404 3963 1434 4039 si
1460 3990 1537 4040 non
1559 3980 1687 4068 posset
1713 3991 1798 4040 con-

371 4092 516 4178 tinerez
543 4091 611 4170 sed
635 4091 727 4169 dixit
748 4120 817 4200 per
839 4092 1095 4199 juramentum
1122 4121 1233 4170 suum
1258 4094 1363 4201 quod
1384 4121 1576 4200 nunquam
1602 4093 1705 4182 lecit,
1732 4121 1799 4170 nec

372 4220 444 4299 fuit
468 4221 671 4329 requisitus
697 4223 744 4302 ab
769 4222 908 4330 aliquo.
933 4221 1036 4300 Dixit
1055 4223 1172 4300 eciam
1202 4253 1271 4331 per
1287 4227 1546 4331 jurameutum
1565 4253 1676 4304 suum
1697 4226 1799 4334 quod

371 4352 464 4430 vidit
481 4370 558 4430 tres
583 4352 702 4461 recipi
719 4383 787 4461 per
811 4353 953 4432 dictum
975 4353 1126 4432 fratrem
1151 4357 1193 4433 R.
1222 4356 1268 4434 de
1288 4356 1385 4448 Gisi,
1411 4386 1480 4464 per
1504 4358 1617 4435 istum
1642 4359 1799 4436 modum

371 4510 440 4590 per
458 4513 573 4592 quem
587 4485 679 4562 dixit
692 4485 833 4564 ¹se-'esse
849 4502 1059 4592 receptum,
1078 4504 1115 4564 et
1135 4488 1255 4565 credit
1269 4489 1373 4595 quod
1390 4517 1520 4566 omnes
1541 4487 1602 4565 alii
1618 4487 1798 4595 recipiun-

370 4633 432 4693 tur
446 4645 516 4724 per
535 4615 643 4696 illum
664 4617 834 4696 modum.

425 4747 677 4858 Interrogatus
686 4765 813 4827 utrum
829 4749 880 4838 vi,
897 4749 954 4826 vel
967 4769 1071 4826 metu
1087 4751 1244 4828 carceris
1259 4779 1327 4828 seu
1341 4769 1631 4843 tormentorum,
1652 4769 1716 4831 aut
1729 4751 1796 4828 alia

370 4875 418 4953 de
438 4907 562 4968 causa,
585 4879 750 4986 aliquam
773 4879 906 4958 dixerit
924 4879 1122 4959 falsitatem
1146 4883 1203 4960 vel
1224 4881 1469 4962 immiscuerit
1493 4885 1531 4960 in
1558 4883 1794 4990 deposicione
