4208 5886
398 571 472 642 212
776 545 973 638 esoces
1005 563 1103 638 uns
1133 561 1439 639 rnnrmnss.

396 708 478 786 aliis
499 705 717 797 deliunctis,
744 705 785 784 in
807 705 911 784 hunc
937 703 1119 783 modum:
1142 731 1230 780 nam
1253 730 1340 779 cum
1365 701 1621 810 requisivisset
1643 701 1825 780 instanter

397 839 615 917 societatem
623 836 832 944 proborum
847 835 1011 923 ordinis,
1036 851 1074 912 et
1097 830 1169 913 sibi
1185 859 1359 912 concessa
1377 830 1527 922 diisset,
1545 831 1744 938 dimusque
1764 859 1825 907 re-

397 984 527 1075 ceptor
547 967 637 1046 lecit
662 996 751 1045 enm
776 993 909 1044 vovere
932 982 970 1042 et
987 965 1116 1072 jurare
1147 963 1372 1057 casotatem,
1397 959 1677 1049 obedienciam,
1703 960 1825 1042 vivere

398 1099 478 1178 sine
493 1098 665 1206 proprio,
689 1096 794 1204 quod
808 1111 904 1174 esset
920 1121 1048 1174 servus
1068 1093 1232 1172 esclavus
1248 1091 1416 1183 ordinis,
1436 1107 1476 1170 et
1494 1090 1602 1200 quod
1624 1117 1703 1168 non
1720 1119 1827 1168 reve-

397 1229 494 1307 laret
507 1245 650 1308 secreta
665 1225 951 1336 capitoliorum,
972 1242 1010 1303 et
1023 1226 1201 1331 imposito
1216 1223 1288 1303 sibi
1303 1221 1504 1314 mantello,
1518 1223 1600 1328 ipse
1613 1238 1652 1301 et
1664 1238 1827 1300 astantes

396 1357 552 1436 fuerunt
569 1385 658 1435 eum
673 1355 829 1434 osculati
850 1357 890 1431 in
910 1383 988 1432 ore.
1008 1356 1097 1446 Quo
1113 1354 1210 1431 lacto
1224 1353 1328 1430 idem
1343 1371 1515 1459 receptor
1533 1351 1627 1431 dixit
1639 1353 1675 1430 ei
1690 1353 1730 1428 in
1740 1379 1828 1458 pre-

398 1487 522 1564 sencia
541 1485 703 1564 aliorum
728 1484 853 1592 quod,
879 1513 923 1561 ex
942 1511 1021 1590 quo
1041 1484 1265 1589 promiserat
1291 1483 1464 1575 obedire,
1483 1483 1634 1562 volebat
1651 1501 1690 1562 ct
1705 1485 1826 1589 preci-

397 1615 524 1723 piebat
544 1616 650 1723 quod
664 1615 867 1722 abnegaret
883 1615 1007 1692 Deum
1025 1629 1063 1690 et
1078 1614 1196 1691 eciam
1213 1641 1379 1704 crucem,
1402 1632 1440 1692 et
1456 1615 1539 1720 ipso
1558 1629 1654 1692 teste
1670 1641 1827 1720 respon·

398 1746 513 1824 dente
527 1745 635 1852 quod
645 1745 721 1824 hoc
733 1744 840 1822 nullo
853 1743 970 1822 modo
982 1743 1136 1834 laceret,
1149 1743 1243 1820 dixit
1251 1743 1358 1850 quod
1370 1745 1571 1850 oportebat
1583 1773 1671 1822 eum
1685 1741 1824 1836 lacere,

399 1875 488 1981 quia
509 1875 560 1952 ita
578 1891 657 1954 erat
676 1891 899 1952 consuetum
919 1872 1003 1952 fieri
1019 1874 1059 1949 in
1075 1871 1227 1964 ordine,
1249 1889 1289 1950 et
1300 1889 1393 1950 tunc
1411 1873 1493 1979 ipse
1507 1873 1613 1950 testis
1629 1873 1827 1982 abnegavit

400 2032 466 2082 ore
484 2033 561 2082 non
578 2004 708 2092 corde,
725 2021 770 2082 ut
785 2003 888 2080 dixit.
903 2003 1121 2110 Requisitus
1139 2003 1187 2080 de
1202 2002 1301 2080 dicta
1313 2029 1441 2094 cruce,
1457 2002 1525 2082 ubi
1542 2020 1580 2082 et
1593 2003 1716 2110 qualis
1729 2022 1824 2096 erat,

391 2134 594 2240 'respondit
609 2134 714 2240 quod
730 2149 809 2210 erat
823 2149 945 2210 erecta
959 2161 1073 2239 supra
1091 2133 1224 2224 altare,
1246 2149 1284 2210 et
1297 2132 1498 2212 videbatur
1516 2149 1693 2242 argentea
1710 2135 1827 2213 deur·

398 2277 488 2339 rata.
511 2263 624 2352 Item,
651 2261 744 2340 dixit
766 2262 872 2368 quod
891 2279 976 2368 post
995 2263 1163 2369 predicta
1193 2261 1318 2341 dictus
1341 2279 1525 2370 receptor,
1555 2263 1753 2342 extrahens
1776 2263 1824 2345 de

398 2393 485 2470 sinu
502 2419 572 2470 suo
593 2392 795 2501 quomdam
816 2419 965 2499 parvam
985 2393 1200 2502 ymaginem
1222 2393 1270 2470 de
1287 2392 1399 2472 leone
1418 2391 1478 2472 vel
1494 2394 1542 2471 de
1555 2389 1665 2502 euros,
1681 2421 1757 2500 que
1771 2395 1826 2470 vi—

400 2522 560 2600 debatur
577 2523 720 2602 habere
741 2519 904 2636 effigiem
918 2523 1165 2617 muliebrem,
1188 2523 1281 2602 dixit
1301 2524 1460 2633 siquod
1479 2524 1649 2602 crederet
1668 2525 1707 2601 in
1724 2551 1823 2616 eam,

400 2671 438 2729 et
456 2653 614 2731 haberet
626 2653 666 2730 in
682 2681 725 2732 ea
741 2652 939 2741 fiduciam,
956 2671 995 2734 et
1010 2653 1109 2732 bene
1129 2653 1201 2732 sibi
1219 2671 1328 2734 esset.
1346 2655 1565 2764 Requisitus
1579 2655 1611 2734 si
1627 2655 1827 2734 declaravit

401 2782 436 2859 ei
454 2784 562 2891 cujus
579 2798 676 2862 esset
702 2782 800 2860 dicta
810 2811 961 2892 ymago,
982 2783 1040 2862 vel
1061 2785 1092 2861 si
1109 2785 1183 2863 hoc
1203 2786 1286 2875 scit,
1306 2785 1507 2893 respondit
1519 2787 1626 2894 quod
1643 2814 1738 2874 non,
1756 2813 1826 2864 nec

401 2941 445 2988 ex
463 2927 555 2990 tunc
573 2911 667 2989 vidit
686 2939 785 3002 erm,
805 2913 892 3020 quia
917 2915 1136 2992 immediate
1163 2915 1286 2994 dictus
1304 2931 1478 3024 receptor
1495 2916 1664 3022 reposuit
1682 2942 1766 2992 eam
1785 2917 1825 2994 in

399 3041 486 3119 sinu
509 3069 599 3129 suo;
631 3041 762 3148 pocius
785 3059 912 3120 tamen
937 3043 1056 3120 credit
1080 3045 1186 3150 quod
1211 3061 1486 3151 representaret
1504 3045 1669 3152 aliquam
1690 3045 1824 3126 malam

397 3198 479 3248 rem
500 3199 613 3277 quam
631 3171 791 3257 bonam,
810 3187 965 3276 propter
982 3173 1276 3278 abnegacionem
1295 3175 1503 3276 predictam
1517 3199 1631 3277 quam
1646 3177 1823 3276 pecierat.

400 3302 509 3390 ltem,
525 3298 618 3377 dixit
633 3299 754 3408 quod,
770 3325 857 3378 cum
874 3298 1040 3404 predicta
1059 3315 1139 3376 acta
1150 3298 1326 3390 inissent,
1341 3299 1700 3408 dictusRaynaudus
1715 3299 1826 3379 miles

399 3429 492 3506 dixit
515 3429 546 3506 si
561 3428 726 3508 facerent
745 3428 828 3506 fieri
848 3430 1057 3536 peripsum
1074 3446 1210 3507 testem
1231 3429 1404 3509 osculum
1422 3446 1551 3536 turpe,
1570 3447 1607 3508 et
1624 3429 1750 3508 dictus
1767 3459 1825 3510 re·

399 3575 529 3664 ceptor
548 3557 642 3636 dixit
665 3558 771 3666 quod
790 3559 1083 3667 supersederent
1099 3575 1211 3650 tunc,
1238 3559 1326 3666 quia
1342 3557 1433 3638 olias
1456 3559 1577 3638 fieret.
1594 3557 1677 3636 Alia
1695 3557 1825 3639 illicita

398 3714 476 3789 non
496 3688 781 3766 intervenerunt
796 3688 835 3764 in
853 3688 950 3766 dicta
966 3717 1032 3768 sua
1047 3689 1270 3797 recepoione
1284 3717 1355 3768 nee
1372 3705 1468 3796 post.
1485 3691 1597 3779 Item,
1613 3689 1706 3766 dixit
1721 3693 1825 3797 quod

399 3845 467 3924 per
492 3817 671 3896 eumdem
699 3819 860 3895 modum
886 3819 981 3896 vidit
1008 3820 1126 3925 recipi
1155 3819 1309 3897 fratrem
1349 3819 1571 3898 Amandum
1600 3821 1824 3898 servientem

399 3949 607 4056 quondam,
628 3948 927 4055 Engolismcnsis
941 3949 1115 4038 diocesis,
1131 3965 1176 4026 ut
1187 3949 1323 4044 credit,
1339 3949 1447 4056 cujus
1456 3978 1667 4058 cognomen
1678 3952 1826 4061 ignorat

399 4077 439 4154 in
456 4078 620 4184 quadam
646 4103 792 4156 camera
817 4077 988 4184 ejusdem
1011 4079 1085 4156 loci
1105 4095 1144 4156 et
1165 4106 1233 4185 per
1256 4077 1437 4158 eumdem
1456 4099 1707 4189 receptorem,
1736 4101 1825 4162 sunt

404 4207 551 4283 circiter
578 4228 716 4284 novem
747 4205 855 4298 anni,
881 4207 1120 4313 presentibus
1151 4207 1328 4288 fratribus
1358 4209 1568 4289 Guillelmo
1593 4211 1641 4292 de
1665 4213 1819 4292 Motone

402 4338 556 4415 detento
576 4336 678 4444 apud
703 4335 922 4442 Rupellam,
953 4340 1065 4418 Petro
1092 4338 1241 4432 Auriol,
1273 4340 1430 4420 detento
1449 4341 1627 4434 Senonis,
1655 4359 1695 4420 et
1718 4343 1825 4423 Guil-

400 4464 517 4544 lelmo
533 4465 581 4544 de
597 4463 719 4544 Minoo
735 4463 1045 4574 Engolismcnsis‚
1070 4485 1112 4546 ut
1135 4469 1270 4560 credit,
1293 4469 1470 4566 diocesis,
1494 4499 1612 4578 quem
1633 4471 1753 4550 credit
1772 4473 1824 4550 vi-

399 4621 501 4684 vere,
529 4595 699 4674 lohanne
711 4593 852 4674 Costati
872 4598 1067 4704 quondam
1082 4598 1196 4677 lmtre
1212 4600 1302 4678 dicti
1316 4599 1424 4680 Helie
1439 4601 1580 4692 Cotati,
1601 4618 1640 4679 et
1653 4588 1824 4709 predicto

398 4725 606 4832 Rsynaudo
624 4725 821 4804 Bertrandi
841 4725 962 4804 milite
979 4762 989 4819 t
1008 4757 1122 4836 quare
1138 4729 1260 4808 credit
1275 4730 1382 4837 quod
1395 4760 1464 4839 per
1480 4731 1649 4812 eundem
1663 4733 1824 4812 modum

396 4853 543 4962 ubique
561 4854 694 4934 iratres
711 4855 800 4933 dicti
817 4855 961 4934 ordinis
974 4859 1244 4963 reciperentur.
1263 4862 1375 4952 Item,
1397 4861 1491 4939 dixit
1506 4859 1614 4969 qrrod
1628 4861 1708 4968 ipse
1724 4863 1823 4940 bene
