4320 5898
402 501 449 576 ot
676 557 687 584 ,
789 479 1437 598 rnoctsnusruupxmas.

399 671 584 731 mensem,
607 641 763 748 repetita
784 639 1057 747 protestacione
1078 636 1184 744 quod
1205 666 1281 714 non
1302 635 1473 713 intenditv
1484 633 1660 712 recedere
1678 665 1698 712 a
1716 637 1828 744 depo·

398 774 538 852 sicione
559 802 627 880 per
654 802 742 850 eum
764 770 859 848 lacta
880 797 1004 848 coram
1035 769 1136 846 dicto
1167 767 1323 846 domino
1348 767 1645 874 archiepiscopo,
1664 766 1771 846 lectis
1790 785 1828 845 et

403 905 604 1014 diligenter
629 903 806 1019 expositis
830 902 901 980 sibi
922 899 1102 978 omnibus
1126 917 1165 976 et
1189 898 1346 1007 singulis
1366 898 1550 988 articulis,
1572 898 1768 1005 respondit
1788 927 1826 976 se

399 1037 562 1124 nescire,
585 1065 654 1114 nec
675 1035 845 1123 credere,
863 1061 932 1110 nec
948 1031 1133 1109 audivisse
1150 1031 1224 1107 dici
1244 1029 1291 1108 de
1307 1029 1493 1107 contentis
1509 1029 1548 1106 in
1566 1029 1619 1106 eis
1636 1029 1707 1108 nisi
1723 1031 1827 1136 quod

398 1168 581 1274 sequitur.
607 1167 708 1244 Dixit
733 1193 869 1272 nempe
894 1193 933 1242 se
958 1163 1072 1242 fuisse
1098 1180 1308 1269 receptum,
1332 1161 1428 1238 circa
1456 1160 1595 1266 festum
1621 1160 1825 1238 Natiuitatis

397 1297 552 1376 Domini
577 1273 747 1404 proxime
772 1296 993 1404 preteritum
1021 1293 1175 1372 fuerunt
1206 1319 1277 1370 xxx
1303 1293 1389 1370 anni
1422 1309 1460 1369 et
1489 1291 1591 1398 plus,
1617 1291 1657 1367 in
1685 1291 1826 1397 capella

398 1430 538 1506 domus
555 1429 688 1534 templi
709 1430 756 1506 de
778 1429 984 1506 Somorens
1003 1423 1265 1502 Ambianensis
1286 1423 1462 1510 diocesis,
1482 1449 1551 1528 per
1570 1419 1724 1500 fratrem
1744 1421 1826 1500 Gal·
1893 1437 1900 1454 '

396 1577 522 1636 terum
542 1559 664 1640 d‘Este
685 1559 879 1664 quondam
895 1555 1073 1643 militem,
1093 1571 1186 1654 tunc
1205 1569 1467 1660 preceptorem
1489 1553 1538 1630 de
1558 1553 1731 1644 Pontivo‚
1749 1581 1828 1659 pre

397 1689 567 1767 sentibus
593 1688 771 1766 fratribus
794 1687 995 1793 Radulpho
1027 1688 1074 1764 de
1101 1687 1258 1794 Sorney,
1281 1684 1420 1762 Jacobo
1447 1681 1493 1760 de
1520 1683 1654 1762 Rubeo
1675 1685 1825 1774 Monte,

397 1820 666 1898 Bartholomeo
694 1820 741 1896 de
766 1821 861 1926 (lays
881 1835 920 1894 et
938 1817 1104 1896 Roberto
1122 1817 1169 1894 de
1187 1817 1296 1894 Rozis
1317 1815 1540 1904 deffunctis;
1562 1843 1680 1922 aquo
1700 1815 1826 1920 petitis

396 1979 493 2058 pane
510 1968 547 2028 et
563 1980 675 2058 aqua,
693 1950 869 2028 societate
886 1968 924 2026 et
938 1976 1102 2058 paupere
1117 1947 1253 2025 vestitu
1269 1945 1413 2024 ordinis
1424 1955 1553 2024 'amore
1566 1947 1637 2025 Dei
1653 1946 1724 2024 sibi
1740 1975 1829 2024 con-

397 2081 496 2170 cedi,
522 2099 561 2160 et
579 2108 760 2188 responso
781 2081 815 2156 ei
836 2081 941 2186 quod
962 2080 1061 2156 bene
1079 2078 1323 2168 deliberaret,
1341 2077 1476 2184 quiesi
1498 2077 1674 2172 intraret,
1696 2078 1820 2156 statim

396 2240 466 2317 pro
485 2211 653 2317 professo
681 2211 896 2297 baberetur,
924 2228 961 2286 et
985 2227 1176 2316 oporteret
1201 2237 1289 2284 eum
1314 2207 1497 2285 voluntati
1524 2207 1658 2315 subjici
1684 2207 1824 2296 aliene,

396 2360 432 2418 et
454 2343 573 2420 multa
594 2343 688 2419 dura
710 2357 748 2418 et
768 2369 896 2446 aspera
921 2341 1125 2428 sustinere,
1149 2340 1337 2446 cumipse
1365 2338 1470 2416 testis
1495 2339 1650 2416 instaret
1669 2367 1738 2446 pro
1758 2369 1828 2418 sua

394 2471 626 2577 recepcione,
656 2470 839 2576 imposuit
859 2469 893 2546 ei
913 2468 1154 2556 mantellum,
1178 2488 1215 2546 et
1233 2469 1313 2575 ipse
1330 2487 1369 2546 et
1382 2485 1545 2546 astantes
1565 2468 1721 2548 luerunt
1736 2499 1825 2548 eum

396 2600 552 2680 osculati
576 2601 616 2676 in
638 2628 715 2676 ore.
743 2602 877 2676 Postea
901 2579 990 2675 lecit
1010 2627 1099 2676 eum
1121 2626 1254 2676 vovere
1276 2615 1313 2676 et
1333 2599 1461 2706 jurare
1486 2627 1600 2705 super
1621 2602 1825 2708 quemdam
1924 2591 1931 2600 ’

396 2729 536 2806 librum
556 2729 778 2820 castitatem,
801 2728 1079 2818 obedienciam,
1104 2744 1142 2805 et
1165 2728 1287 2805 vivere
1308 2728 1389 2804 sine
1410 2730 1575 2837 proprio.
1601 2731 1750 2808 Deinde
1775 2732 1825 2808 al-

395 2859 468 2936 lata
487 2887 556 2965 per
571 2887 691 2937 unum
712 2887 756 2936 ex
783 2857 894 2935 dictis
913 2857 1107 2944 fratribus,
1132 2857 1252 2935 nescit
1274 2886 1342 2965 per
1370 2887 1501 2964 quem,
1527 2860 1692 2968 quadam
1713 2891 1826 2940 cruce

395 2987 534 3095 lignea,
556 2989 596 3065 in
615 3017 688 3095 qua
709 3016 787 3066 non
807 2989 940 3066 recolit
960 2988 991 3064 si
1012 3005 1092 3064 erat
1108 3017 1242 3096 ymago
1263 2987 1458 3077 (becilini,
1481 2991 1576 3068 etin
1596 3010 1734 3070 terram
1755 3023 1822 3101 po-

396 3118 481 3204 sita,
502 3119 671 3224 precepit
691 3119 725 3195 ei
744 3119 850 3224 quod
865 3118 1068 3226 abnegaret
1085 3118 1211 3195 Deum
1231 3135 1270 3195 et
1292 3119 1430 3196 dictam
1447 3149 1596 3199 crucem
1617 3139 1656 3200 et
1670 3143 1823 3230 spueret

308 3351 310 3358 Ι
396 3275 511 3353 super
534 3273 637 3340 eam,
658 3247 746 3356 qnia
771 3247 844 3324 hoc
865 3246 1029 3324 debebat
1052 3246 1170 3325 facere
1197 3249 1408 3326 secundum
1429 3269 1567 3356 puncta
1587 3253 1732 3332 ordinis
1755 3282 1822 3332 eo-

395 3405 506 3468 rum3
531 3395 569 3455 et
587 3378 668 3483 ipse
685 3377 809 3466 testis,
832 3378 872 3454 in
895 3377 1087 3484 presencia
1112 3378 1392 3483 predictorum,
1419 3380 1616 3490 abnegavit
1639 3383 1765 3462 Deum
1785 3404 1822 3463 et

398 3507 536 3585 dictam
556 3537 724 3598 crucem,
746 3525 785 3586 et
799 3509 902 3615 spuit
911 3509 1017 3616 juxta
1033 3537 1113 3586 non
1136 3537 1250 3615 super
1276 3511 1415 3617 ipsam,
1437 3541 1503 3591 ore
1530 3542 1607 3591 non
1628 3514 1763 3607 corde,
1786 3536 1823 3595 et

396 3633 468 3715 fuit
487 3657 583 3716 eum'
595 3639 801 3728 osculatus,
824 3640 872 3718 de
892 3640 1070 3718 mandato
1086 3641 1203 3747 ipsius
1217 3643 1438 3748 receptoria,
1455 3645 1495 3720 in
1511 3645 1695 3724 umbilico
1710 3675 1822 3755 super

313 3837 315 3842 ,
395 3771 597 3848 camisiam.
623 3770 727 3849 Dixit
745 3771 780 3848 ei
801 3772 958 3877 insuper
977 3771 1100 3880 quod,
1122 3774 1332 3852 secundum
1359 3775 1458 3853 dicta
1483 3793 1644 3882 puncta,
1675 3797 1821 3885 poterat

395 3900 593 3978 carnaliter
608 3893 844 3978 commisceri
864 3900 1041 3978 fratribus
1063 3901 1226 3996 ordinis,
1250 3921 1289 3980 et
1308 3905 1384 4010 ipsi
1400 3935 1487 3983 cum
1513 3935 1581 3998 eo;
1602 3908 1676 3986 boc
1693 3927 1821 3988 tamen

396 4045 484 4105 non
499 4028 603 4119 fecit,
632 4029 848 4110 neceredit
874 4030 979 4137 quod
1006 4031 1044 4108 in
1070 4033 1202 4111 ordine
1229 4033 1349 4112 fieret.
1376 4037 1591 4144 Requisitus
1615 4041 1646 4116 si
1673 4040 1742 4117 seit
1764 4041 1820 4118 vel

397 4158 608 4247 credit,'vel
628 4159 771 4238 audivit
789 4159 880 4251 dici,
902 4161 1008 4267 quod
1028 4161 1130 4240 licita
1144 4163 1203 4242 vel
1219 4164 1350 4244 illicita
1368 4194 1443 4273 que
1465 4169 1643 4276 deposuit
1662 4170 1821 4248 interve·

397 4289 494 4366 nisse
520 4289 559 4364 in
583 4289 802 4397 recepcione
823 4319 889 4368 sua
909 4290 1180 4371 intervenirent
1203 4297 1455 4376 communiter
1475 4300 1515 4376 in
1537 4300 1820 4408 recepcionibus

396 4419 556 4502 aliorum
579 4418 738 4497 fratrum
761 4420 923 4512 ordinis,
943 4425 1140 4529 respondit
1159 4426 1266 4532 quod
1287 4428 1367 4533 ipse
1386 4429 1531 4508 viderat
1549 4433 1665 4541 recipi
1685 4461 1819 4512 secun-

396 4549 489 4628 dum
514 4549 680 4628 eundem
704 4553 864 4630 modum
892 4552 1041 4632 fratrem
1069 4556 1190 4634 Adam
1216 4560 1264 4636 de
1287 4557 1455 4654 lnlemo,
1485 4578 1620 4640 testem
1647 4565 1818 4671 proximo

395 4682 663 4774 examinatum,
681 4711 748 4789 per-
761 4682 915 4760 fratrem
929 4685 1141 4772 Johannem
1159 4687 1207 4768 de
1223 4690 1322 4768 Nans
1339 4691 1592 4796 presbiterum
1606 4695 1816 4802 quondam,

393 4841 461 4918 per
485 4840 606 4890 unum
627 4840 769 4892 annum
795 4813 854 4892 vel
876 4815 972 4894 circa
997 4835 1083 4896 ante
1103 4820 1320 4926 capcionem
1345 4849 1495 4914 eorum,
1521 4823 1560 4900 in
1586 4823 1725 4930 capella
1753 4827 1817 4904 do·
