4320 5898
736 463 932 563 ruoots
959 474 1064 563 uns
1081 491 1385 565 rrurmnns.
1753 503 1775 576 e

347 626 463 718 dinis,
482 644 577 706 etse
598 625 773 706 dubitare
789 630 896 737 quod
916 629 1014 710 male
1029 631 1083 710 eis
1098 649 1256 740 propter
1274 634 1454 741 premissa
1470 639 1721 746 contingeret,
1740 658 1778 719 et

346 759 419 838 hoc
436 759 587 840 dicebat
607 762 696 869 quia
712 762 891 840 credebat
907 780 944 841 et
961 763 1083 843 credit
1103 765 1208 872 quod
1222 783 1377 873 propter
1388 768 1589 876 premissas
1607 770 1778 849 clandes-

345 890 553 972 tinaciones
583 891 771 972 seculares
798 892 984 971 haberent
1015 893 1269 1001 suspicionem
1299 915 1428 976 contra
1456 927 1532 978 eos.
1561 900 1778 1009 Requisitus

347 1051 443 1128 quos
461 1023 604 1100 viderat
624 1023 665 1101 in
684 1023 820 1101 ordine
839 1025 976 1131 recipi,
999 1026 1196 1133 respondit
1212 1053 1252 1104 se
1273 1054 1350 1105 non
1370 1031 1577 1120 recordari,
1601 1050 1639 1109 et
1658 1033 1779 1111 credit
1808 1031 1811 1038 ’

347 1153 452 1260 quod
482 1181 615 1234 omncs
646 1155 721 1234 sint
748 1156 912 1247 mortui;
938 1155 1006 1233 sed
1035 1156 1073 1232 in
1100 1155 1260 1265 Rupella
1289 1131 1379 1237 sunt
1407 1162 1502 1238 circe
1530 1189 1576 1242 xv
1594 1161 1682 1254 vivi,
1711 1165 1777 1272 qui

346 1283 503 1366 fuerunt
536 1287 678 1395 recepti
704 1287 924 1365 auctoritate
957 1287 1124 1396 magistri
1151 1289 1342 1368 Pictavie:
1368 1309 1406 1369 et
1437 1293 1486 1370 de
1515 1294 1693 1374 mandato
1721 1297 1779 1404 ip-

347 1417 426 1496 sius
440 1418 624 1527 magistri,
644 1419 723 1524 ipse
739 1420 847 1496 testis
865 1419 1071 1526 recipiebat
1089 1448 1153 1499 eos
1172 1420 1221 1497 ad
1239 1418 1423 1526 beneficia
1434 1422 1595 1515 ordinis,
1614 1442 1651 1504 et
1664 1455 1781 1506 reser-

305 1543 308 1548 ’
347 1549 456 1628 vebat
484 1550 564 1660 ipse
583 1549 691 1630 testis
710 1549 956 1628 inducionem
978 1579 1111 1628 eorum
1133 1549 1450 1660 dicto‘magistro,
1473 1573 1512 1633 et
1530 1558 1776 1664 postmodum

348 1680 430 1788 ipso
450 1698 546 1760 teste
565 1680 737 1776 absente,
755 1679 1014 1762 induebantur
1034 1711 1103 1789 per
1119 1683 1245 1790 ipsum
1265 1684 1502 1792 magistrum,
1522 1686 1580 1766 vel
1599 1717 1667 1794 per
1687 1687 1780 1769 alios

349 1811 489 1920 quibus
516 1812 596 1921 ipse
616 1812 793 1921 magister
818 1812 1080 1892 committebat
1100 1841 1214 1921 super
1240 1814 1314 1892 hoc
1334 1814 1433 1893 vices
1460 1844 1559 1904 suas,
1589 1817 1779 1925 quianon

350 1946 505 2025 curabat
524 1945 604 2053 ipse
618 1945 725 2052 testis
746 1973 811 2024 eos
824 1945 985 2027 induere
1006 1974 1076 2024 nec
1096 1945 1250 2052 quando
1271 1943 1529 2026 induebantur
1550 1947 1691 2027 adesse.
1713 1953 1784 2028 Re·

350 2079 513 2186 quisitus
533 2105 649 2185 quare
670 2103 748 2156 non
766 2077 921 2156 curabat
940 2105 1006 2156 eos
1025 2077 1186 2155 induere
1209 2105 1279 2154 nec
1298 2077 1481 2156 interesse
1496 2079 1783 2186 recepcionibus

352 2233 485 2289 eorum
507 2209 566 2286 vel
585 2208 765 2300 aliorum,
786 2208 985 2316 respondit
1006 2207 1113 2314 quod
1132 2225 1288 2315 propter
1305 2209 1561 2316 suspicionem
1583 2240 1698 2318 quam
1716 2213 1782 2292 hs-

299 2429 308 2436 „
350 2341 467 2421 bebat
486 2341 592 2448 quod
611 2339 722 2417 fieret
735 2339 880 2447 spuicio
898 2339 1123 2447 supradicta.
1145 2338 1362 2446 Requisitus
1378 2339 1408 2418 si
1431 2358 1509 2418 erat
1523 2341 1660 2450 aliquis
1675 2371 1784 2452 supe·

353 2474 431 2553 rior
447 2502 491 2551 eo
513 2473 579 2579 qui
596 2472 744 2549 adesset
762 2469 1051 2578 recepcionibus
1065 2469 1222 2550 illorum
1240 2499 1336 2578 quos
1351 2472 1430 2578 ipse
1451 2473 1594 2582 recepit
1610 2491 1648 2552 et
1666 2477 1782 2586 recipi

352 2603 561 2693 mandavit,
580 2601 787 2709 ,respondit
813 2601 917 2711 quod
944 2630 1034 2682 non.
1057 2602 1274 2712 Requisitus
1299 2602 1329 2680 si
1362 2603 1483 2682 credit
1513 2606 1618 2712 quod
1646 2606 1784 2717 aliquis

353 2736 508 2816 illorum
528 2735 595 2844 qui
616 2734 823 2816 adfuerunt
847 2734 1135 2841 recepcionibus
1155 2733 1311 2815 illorum
1335 2765 1433 2843 quos
1453 2736 1533 2843 ip'se
1556 2739 1699 2847 recepit
1725 2737 1784 2816 vel

353 2869 469 2978 recipi
488 2867 694 2961 mandavit,
713 2867 925 2978 preceperit
941 2868 1051 2948 dictis
1070 2865 1230 2976 receptis
1242 2869 1348 2975 quod
1363 2866 1530 2947 facerent
1544 2871 1689 2978 aliquid
1708 2869 1785 2950 illi-

355 3002 491 3090 citum,
513 2999 711 3109 respondit
728 3029 768 3080 se
784 3000 939 3080 credere
958 2997 1064 3108 quod
1083 3027 1186 3093 non,
1207 2999 1275 3078 sed
1296 2999 1417 3077 credit
1436 3001 1541 3107 quod
1563 3000 1619 3078 illi
1640 3003 1706 3110 qui
1727 3030 1786 3079 re-

355 3131 546 3240 cipiebant
561 3131 655 3212 alios
675 3139 771 3239 'quos
791 3132 872 3239 ipse
891 3132 986 3209 vidit
1001 3130 1137 3239 recipi,
1161 3129 1220 3208 vel
1243 3129 1360 3237 aliqui
1382 3157 1427 3208 es
1453 3133 1675 3222 astantibus,
1700 3148 1787 3240 post

243 3243 244 3246 Ἴ
354 3293 543 3344 recessum
560 3263 658 3372 ejus,
670 3279 923 3372 preceperunt
938 3263 992 3341 eis
1006 3262 1112 3371 quod
1125 3278 1321 3370 spuerent,
1341 3279 1380 3340 et
1392 3263 1497 3372 quod
1510 3264 1583 3370 ipsi
1598 3263 1786 3370 spuissent

354 3397 394 3474 in
422 3396 561 3474 dictam
585 3423 735 3474 crucem
752 3395 812 3473 vel
828 3423 946 3504 prope
968 3423 1063 3473 eam.
1085 3393 1303 3503 Requisitus
1322 3393 1354 3474 si
1378 3394 1448 3473 scit
1461 3393 1521 3472 vel
1541 3395 1662 3474 credit
1680 3396 1786 3505 quod

357 3528 456 3607 dicto
477 3527 624 3638 spuicio
650 3525 760 3605 fieret
786 3526 998 3634 expunctis
1021 3526 1166 3604 ordinis
1192 3526 1251 3603 vel
1276 3553 1321 3602 ex
1345 3543 1525 3633 precepto
1547 3528 1784 3635 superiorum

356 3659 521 3752 ordinis,
539 3658 737 3766 respondit
755 3685 794 3736 sc
817 3657 961 3736 nescire
983 3657 1087 3736 unde
1112 3655 1408 3750 ortumbabuit,
1431 3685 1501 3735 nee
1519 3685 1540 3734 a
1557 3657 1697 3766 quibus
1716 3687 1787 3738 nec

355 3792 534 3901 quand03
552 3821 623 3870 nec
643 3789 764 3870 credit
783 3789 888 3898 quod
909 3789 983 3867 hoc
1002 3789 1112 3869 fieret
1130 3789 1334 3897 expunctis
1349 3787 1493 3866 ordinis
1511 3817 1581 3867 nec
1600 3820 1643 3868 ex
1658 3790 1788 3901 regula

357 3953 508 4014 eorum,
531 3919 599 4002 sed
618 3922 725 4030 quod
746 3921 871 4000 dictus
894 3949 1001 4000 error
1023 3920 1139 3999 fucrit
1158 3909 1398 3998 introductus
1423 3920 1471 3998 sb
1493 3918 1681 4032 aliquibus
1704 3951 1788 4030 per-

355 4057 470 4136 versis
486 4057 533 4135 de
550 4053 810 4162 superioribus
826 4052 981 4133 ordinis.
996 4052 1212 4160 Requisitus
1231 4050 1261 4128 si
1277 4050 1363 4139 scit,
1385 4049 1444 4128 vel
1464 4050 1607 4130 audivit
1622 4051 1713 4145 dici,
1728 4051 1788 4132 vel

357 4185 593 4294 creditquod
607 4184 746 4294 aliquis
760 4183 857 4263 atius
872 4184 1128 4291 errorvigeret
1145 4183 1184 4260 iu
1202 4181 1350 4274 ordine,
1368 4182 1618 4290 responditse
1634 4184 1788 4264 credere

355 4319 461 4427 quod
482 4345 580 4412 non,
599 4317 668 4396 sed
687 4314 800 4395 multi
821 4343 864 4394 ex
887 4315 940 4394 eis
961 4331 1067 4394 erant
1085 4313 1238 4422 superbi
1265 4329 1304 4391 et
1324 4310 1417 4392 alios
1438 4314 1710 4422 opprimentes,
1733 4344 1790 4394 ex·

355 4451 545 4530 torsiones
567 4447 614 4528 ab
640 4448 694 4528 eis
714 4447 912 4542 facientes,
935 4447 1001 4554 per
1027 4447 1189 4525 abusum
1209 4445 1423 4524 litterarum
1441 4446 1731 4553 apostolicarum
1750 4466 1789 4526 et

356 4582 439 4660 aliis
465 4580 602 4660 modis.
634 4580 853 4687 Requisitus
877 4579 908 4658 si
935 4579 1005 4657 scit
1029 4577 1088 4658 vel
1109 4577 1229 4656 credit
1253 4576 1359 4685 quod
1380 4578 1595 4657 comuniter
1620 4577 1789 4686 precipe-

357 4731 463 4793 retur
482 4713 522 4790 in
539 4713 673 4792 ordine
692 4709 1082 4820 quodfieretspuicio
1098 4707 1345 4818 supradicta,
1362 4709 1559 4818 respondit
1574 4739 1614 4789 se
1629 4711 1787 4801 nescire,

359 4875 428 4924 nec
449 4844 627 4924 credebat
650 4845 757 4952 quod
784 4844 1037 4924 communiter
1056 4843 1096 4921 in
1117 4843 1219 4921 dicto
1239 4840 1374 4921 ordine
1401 4839 1511 4920 fieret
1531 4870 1602 4922 nec
1621 4843 1789 4950 precipe-

444 5002 548 5068 rsociss
568 5023 623 5066 uss
644 5021 816 5066 rsurnrsns.
829 5037 871 5050 -
883 5023 916 5062 11.
1621 5021 1637 5063 2
