4242 5890
372 553 446 626 aso
762 525 959 620 rnoons
984 545 1081 618 ons
1108 543 1413 618 restruere.

283 696 286 704 ’
370 710 470 770 tacta
490 692 616 770 dicere
633 690 673 766 in
689 697 798 768 causa
811 687 902 766 fidei
917 705 994 764 tam
1011 688 1059 766 de
1078 715 1119 766 se
1133 715 1248 796 quam
1264 686 1313 764 de
1334 686 1417 765 aliis
1431 685 1602 794 plenam,
1617 715 1750 795 puram
1767 708 1805 768 et

371 826 557 933 integram
571 821 781 913 veritatem,
801 838 839 897 et
858 821 1107 927 interrogatus
1122 818 1170 900 de
1188 835 1359 926 tempore
1381 836 1418 896 et
1437 818 1553 897 modo
1573 823 1805 928 receptionis

371 985 456 1046 sue,
480 955 572 1034 dixit
587 981 656 1060 per
664 953 922 1061 juramentum
938 980 1050 1030 suum
1065 951 1171 1060 quod
1185 967 1349 1059 quatuor
1362 950 1470 1029 annis
1488 951 1547 1030 vel
1562 952 1658 1030 circa
1670 952 1805 1060 elapsis

371 1104 545 1194 receptus
573 1061 648 1163 luit
673 1084 774 1190 apud
792 1083 996 1164 Mamiliam
1015 1112 1085 1191 per
1102 1082 1258 1162 fratrem
1277 1084 1484 1192 Symoncm
1511 1083 1558 1162 de
1583 1084 1803 1179 Quinciaco,

372 1215 611 1323 presentibus
629 1214 742 1294 fratre
758 1213 940 1295 Gaufrido
962 1214 1208 1294 deCharnaio
1229 1232 1268 1292 et
1280 1213 1507 1322 quibusdam
1526 1213 1611 1292 aliis
1629 1214 1806 1294 fratribus

373 1349 464 1426 dicti
479 1347 628 1455 Templi
647 1347 714 1455 qui
733 1364 822 1426 sunt
834 1347 875 1424 in
892 1346 1019 1452 Cipro.

428 1483 521 1558 Item
541 1480 634 1558 dixit
651 1507 720 1585 per
731 1478 990 1585 juramentum
1007 1507 1119 1556 suum
1138 1479 1262 1586 quod,
1276 1497 1363 1586 post
1380 1477 1516 1556 multas
1539 1477 1806 1587 promissiones

373 1613 420 1690 ab
441 1641 486 1690 co
502 1611 616 1690 factas
636 1611 690 1689 de
700 1611 848 1689 statutis
863 1627 900 1690 et
919 1609 1071 1688 secretis
1086 1610 1229 1690 ordinis
1254 1610 1513 1702 observandis,
1531 1609 1721 1690 osculatus
1734 1609 1808 1690 fnit

372 1744 619 1851 recipientem
639 1743 678 1820 in
698 1771 781 1832 ore,
808 1743 848 1819 in
875 1741 1055 1820 umbilico
1075 1759 1113 1820 et
1135 1743 1175 1820 in
1200 1743 1277 1822 fine
1297 1743 1405 1850 spine
1433 1741 1552 1832 dorsi,
1580 1759 1618 1821 et
1641 1761 1807 1850 apostata

373 1875 444 1953 sibi
470 1904 597 1965 cruce,
620 1874 792 1952 fecerunt
818 1903 906 1951 eum
924 1892 983 1951 ter
1010 1901 1144 1980 spuere
1169 1901 1390 1981 supeream
1415 1874 1455 1952 in
1480 1872 1676 1980 despectu,
1698 1890 1737 1950 et
1764 1903 1806 1951 ea

373 2007 587 2086 intencione
600 2023 645 2084 ut
656 2007 856 2114 recipiens,
870 2006 950 2112 ipsc
967 2006 1033 2114 qui
1051 2006 1223 2114 loquitur
1243 2024 1281 2084 et
1298 2005 1361 2084 alii
1381 2005 1514 2085 fratres
1527 2023 1724 2114 presentes
1743 2007 1809 2082 de-

372 2139 562 2243 spicerent
580 2165 743 2216 caricem.
759 2139 806 2215 Et
826 2137 919 2215 dixit
937 2137 1045 2245 quod
1063 2136 1219 2215 fuerunt
1236 2138 1315 2218 duo
1336 2139 1423 2216 anni
1441 2138 1540 2216 inter
1558 2137 1698 2218 festum
1713 2138 1808 2216 Pen-

371 2259 559 2346 thecostes
579 2287 617 2346 et
635 2269 861 2346 nativitatem
883 2268 982 2347 beati
1009 2268 1191 2347 Johannis
1216 2271 1399 2376 Baptiste‚
1422 2268 1530 2377 quod
1549 2269 1629 2376 ipse
1649 2269 1745 2346 vidit
1768 2271 1807 2344 in

373 2400 502 2505 Cipro,
521 2401 560 2477 in
576 2399 660 2478 villa
676 2400 725 2478 de
744 2401 942 2490 Limecon‚
962 2399 1083 2508 capud
1103 2399 1200 2478 illud
1219 2401 1324 2508 qnod
1340 2401 1509 2478 adorant.

405 2539 408 2545 '
429 2533 682 2641 Interrogatus
690 2549 820 2610 utrum
834 2532 1018 2638 recipiens
1029 2531 1180 2610 dederit
1190 2533 1224 2610 ei
1236 2531 1430 2611 licenciam
1447 2531 1612 2610 habendi
1628 2561 1709 2610 rem
1723 2561 1809 2610 cum

281 2669 285 2674 '
374 2662 616 2752 mulieribus,
639 2663 732 2741 dixit
751 2663 857 2770 quod
877 2664 948 2770 ipsi
964 2663 1185 2769 prohibent,
1208 2665 1273 2742 sed
1295 2692 1372 2744 non
1392 2663 1598 2771 prohibent
1618 2664 1665 2742 de
1685 2664 1807 2744 homi·

373 2794 499 2872 nibus.
513 2795 560 2872 Et
576 2794 668 2871 dixit
683 2793 789 2901 quod
803 2794 924 2901 major
937 2796 1115 2902 Magister
1134 2795 1224 2873 dicti
1242 2795 1395 2903 Templi
1410 2795 1545 2873 habuit
1560 2824 1643 2872 rem
1659 2823 1745 2874 cum
1762 2823 1808 2872 eo

374 2922 569 3001 carnaliter
596 2941 654 3002 ter
681 2925 721 3000 in
750 2953 825 3002 una
850 2943 977 3014 nocte,
1008 2926 1047 3002 in
1067 2926 1193 3032 Cipro.
1223 2926 1440 3034 Requisitus
1462 2954 1532 3033 per
1551 2927 1807 3034 juramentum

375 3083 486 3132 suum
502 3073 630 3132 utrum
646 3055 698 3143 vi,
716 3055 773 3131 vel
792 3073 897 3132 metu
906 3073 1201 3149 tormentorum,
1213 3057 1272 3134 vel
1283 3058 1420 3135 timore
1437 3055 1594 3165 alicujus
1608 3085 1723 3164 pene,
1740 3085 1809 3134 seu

375 3185 499 3292 aliqua
518 3185 588 3264 alia
607 3213 844 3292 quacumque
865 3187 913 3263 de
934 3214 1058 3278 causa,
1076 3186 1240 3292 aliquam
1264 3187 1464 3266 falsitatem
1480 3187 1633 3266 dixisset
1656 3187 1716 3266 vel
1740 3189 1811 3265 im·

374 3315 587 3395 miscuisset
605 3317 644 3392 in
660 3315 900 3423 deposicione
914 3345 998 3405 sua,
1016 3317 1109 3394 dixit
1123 3346 1192 3424 per
1197 3318 1460 3426 juramentum
1476 3348 1588 3397 suum
1603 3320 1708 3427 quod
1718 3347 1808 3408 non,

377 3464 416 3524 et
429 3449 535 3553 quod
554 3475 686 3552 puram
707 3465 744 3524 et
760 3475 902 3526 meram
923 3447 1066 3525 dixerat
1081 3448 1288 3526 veritatem.

433 3713 524 3788 Item
546 3738 662 3799 anno,
683 3709 889 3798 indicione,
910 3739 1058 3803 mense,
1077 3709 1316 3816 pontificatu,
1338 3739 1436 3790 anno
1458 3729 1496 3790 et
1510 3711 1593 3790 loco
1613 3713 1808 3819 predictis,

280 3923 285 3937 ,
378 3841 477 3920 dicta
503 3842 677 3920 vicesima
702 3841 824 3947 prima
844 3841 906 3919 die
928 3841 1099 3948 ejusdcm
1118 3842 1257 3920 mensis
1278 3841 1459 3935 octobris,
1482 3845 1521 3919 in
1541 3843 1631 3922 dieti
1651 3844 1812 3951 inquisi-

376 3972 485 4061 toris,
507 3989 681 4050 nostrum
697 3972 932 4050 notariorum
948 3989 987 4049 et
1005 3971 1327 4080 infrascriptorum
1346 3974 1499 4052 testium
1519 3951 1711 4080 presencia
1730 4003 1812 4082 per-

378 4102 554 4180 sonaliter
569 4103 793 4182 constitutus
812 4101 927 4180 frater
940 4103 1130 4184 Gerardns
1146 4105 1193 4182 de
1216 4105 1369 4186 Gauclre
1395 4105 1504 4184 miles
1532 4106 1620 4184 dicti
1650 4087 1808 4194 ordinis,

378 4234 630 4312 Ruthenensis
659 4234 836 4324 diocesis,
867 4251 1066 4341 preceptor
1095 4236 1232 4314 domus
1259 4236 1306 4313 de
1328 4239 1469 4315 Bastito
1496 4235 1662 4336 diocesis
1676 4238 1812 4315 Catur-

379 4365 514 4457 censis,
545 4365 652 4444 etatis
675 4365 919 4472 quadraginta
939 4368 1108 4474 quinque
1135 4395 1323 4446 annorum
1346 4368 1406 4447 rel
1431 4370 1546 4459 cirea,
1571 4385 1615 4447 ut
1642 4368 1808 4458 dicebat,

379 4497 484 4576 testis
495 4497 642 4606 juratus
660 4497 710 4576 ad
723 4515 847 4576 sancta
861 4498 933 4576 Dei
947 4499 1146 4606 Evangelia
1158 4497 1205 4576 ab
1222 4527 1268 4578 eo
1287 4499 1534 4606 personaliter
1551 4517 1648 4578 tacta
1665 4501 1808 4590 dicere,

378 4630 418 4707 in
434 4659 543 4707 causa
558 4627 668 4720 fidei,
691 4629 800 4708 dese
821 4648 859 4710 et
876 4630 1191 4720 aliisweritatem
1219 4649 1257 4708 et
1281 4631 1486 4739 requisitus
1506 4631 1554 4711 de
1575 4651 1747 4740 tempore
1774 4649 1813 4708 et

376 4762 496 4840 modo
516 4789 584 4840 sue
613 4761 856 4869 receptionis,
889 4761 985 4840 dixit
1011 4789 1079 4868 per
1102 4762 1360 4869 juramentum
1386 4789 1497 4842 suam
1523 4763 1628 4871 quod
1650 4764 1690 4840 in
1715 4762 1812 4841 festo

379 4893 635 5001 apostolorum
661 4894 764 4974 Petri
790 4893 952 4974 arani
979 4911 1090 4976 erunt
1113 4921 1149 4975 xx
1173 4896 1288 4988 anni,
1310 4893 1416 5004 qnod
1443 4895 1515 4976 suit
1538 4911 1716 5003 receptus
1742 4923 1812 5002 per
