4208 5886
704 499 901 599 Psocbs
930 520 1028 597 nus
1053 515 1356 597 rnurtmns.
1671 529 1742 599 aar

323 693 393 744 nec
407 663 592 741 audivisse
608 663 682 742 dici
697 667 746 744 de
762 666 948 744 contentis
963 666 1003 742 in
1021 665 1074 744 eis
1091 665 1163 742 nisi
1178 667 1282 778 quod
1297 665 1478 772 sequitur.
1495 664 1596 743 Dixit
1611 693 1746 774 nempe

323 824 363 874 se
383 812 422 872 et
445 794 575 873 iratres
599 795 848 874 Amblardum
868 794 984 871 d’Aiu
1010 795 1284 874 Lemovicensis
1310 794 1490 882 diocesis,
1533 811 1683 900 captum
1708 797 1747 872 in

321 925 551 1034 Pagnnismo,
564 925 853 1034 etRaduiphum
865 925 913 1002 de
927 924 1107 1031 Maynilio
1118 923 1437 1004 Claromontensis
1452 924 1621 1016 diocesis,
1634 955 1748 1031 quon·

323 1057 410 1134 dam
420 1055 571 1148 milites,
584 1073 622 1134 et
636 1058 847 1134 Johannem
860 1055 971 1134 Fabri
981 1055 1231 1162 presbiterum
1245 1055 1456 1162 quondam,
1471 1055 1746 1134 Lemovicensis

323 1187 502 1280 diocesis,
529 1187 642 1266 fuisse
665 1186 778 1265 simul
802 1204 973 1294 receptos
993 1187 1033 1263 in
1057 1185 1198 1292 capelle
1217 1187 1356 1264 domus
1380 1186 1530 1294 Templi
1564 1186 1611 1262 de
1642 1185 1745 1265 Bella

321 1320 507 1399 Chassana
534 1320 808 1398 Lemovicensis
844 1319 1022 1411 diocesis,
1052 1345 1121 1426 per
1145 1316 1298 1396 fratrem
1326 1321 1557 1396 Franconem
1584 1316 1631 1395 de
1657 1319 1746 1396 Bort

321 1448 480 1528 militem
505 1451 716 1557 quondam,
739 1451 779 1526 in
798 1448 894 1527 festo
913 1449 1012 1526 beati
1033 1448 1184 1527 Martini
1203 1447 1359 1558 yemalis
1377 1447 1546 1554 proxime
1566 1449 1744 1554 preterito
1820 1535 1825 1540 ,

320 1580 474 1658 suerunt
487 1580 633 1657 circiter
647 1605 717 1659 xxv
735 1578 841 1670 anni,
860 1577 1098 1686 presentibus
1111 1576 1288 1656 fratribus
1304 1578 1474 1656 Johunne
1492 1579 1547 1656 ias
1563 1579 1743 1659 Chassan·

321 1709 402 1800 das,
423 1708 596 1787 Dionisio
622 1709 670 1786 de
696 1709 852 1799 Castris,
875 1727 914 1786 et
930 1707 1105 1815 pluribus
1124 1707 1207 1786 aliis
1226 1737 1323 1815 quos
1342 1736 1474 1786 omnes
1495 1709 1588 1786 dixit
1606 1709 1742 1790 obiisse

319 1839 358 1915 in
377 1839 481 1916 bunc
496 1841 655 1916 modum
673 1869 682 1914 r
698 1867 785 1916 nam
804 1868 891 1918 cum
908 1837 1080 1917 instructi
1096 1838 1144 1917 ab
1160 1838 1242 1916 aliis
1256 1838 1432 1917 fratribus
1445 1839 1740 1946 requisivissent,

320 1995 448 2046 amore
464 1968 558 2054 Dei,
580 1967 652 2044 sibi
673 1967 830 2045 concedi
849 1968 1086 2057 societatem,
1107 1953 1244 2074 panem
1266 1985 1305 2045 et
1324 1997 1475 2074 aquam,
1498 1986 1536 2046 et
1555 1970 1660 2074 quod
1684 2000 1741 2046 re-

321 2099 537 2204 ciperentur
555 2097 595 2173 in
605 2125 730 2176 servos
744 2097 907 2175 esclavos
924 2097 1079 2188 ordinis,
1091 2114 1129 2174 et
1137 2097 1328 2203 jurassent
1342 2098 1448 2203 quod
1462 2125 1539 2174 non
1554 2097 1742 2177 habebant

317 2229 578 2306 infirmitatem
594 2227 794 2314 latentem,
814 2256 885 2306 nec
906 2245 1013 2306 erant
1029 2228 1137 2306 alteri
1151 2228 1325 2337 religioni
1340 2228 1399 2306 vei
1415 2227 1657 2306 matrimonio
1671 2257 1741 2306 nec

318 2358 554 2468 debitisque
579 2385 656 2436 non
679 2375 833 2464 possent
855 2358 998 2437 solvere
1024 2358 1179 2465 obligati
1203 2385 1274 2436 nec
1298 2359 1627 2444 excommunicati,
1655 2355 1752 2438 secit'

317 2517 405 2566 eum
427 2515 559 2566 vovero
581 2504 619 2564 et
633 2487 760 2595 jurare
782 2488 1007 2576 castitatem,
1034 2487 1314 2580 obedienciam,
1336 2489 1457 2565 vivere
1482 2487 1563 2566 sine
1587 2491 1740 2596 proprio

317 2636 354 2696 et
378 2645 522 2696 servare
549 2617 845 2696 consuetudines
867 2619 1030 2708 ordinis,
1059 2635 1097 2695 et
1121 2618 1224 2723 quod
1249 2645 1451 2724 proposse
1476 2647 1545 2695 suo
1566 2619 1741 2725 juvarent

315 2748 363 2824 ad
382 2747 654 2855 acquirendum
676 2749 833 2825 Terram
853 2765 1034 2840 sanctam,
1054 2766 1092 2826 et
1111 2748 1330 2855 acquisitam
1355 2747 1628 2828 deffenderent.
1653 2751 1739 2844 Quo

314 2879 431 2968 sacto,
453 2879 635 2985 imposuit
654 2880 707 2958 eis
728 2879 946 2968 mantellos,
968 2879 1180 2958 concedens
1200 2879 1253 2958 eis
1272 2879 1413 2958 victum
1435 2896 1473 2956 et
1490 2880 1685 2971 vestitum,
1703 2901 1739 2960 et

315 3009 393 3114 ipse
422 3027 460 3086 et
486 3027 647 3088 astantes
674 3010 831 3088 fuerunt
855 3039 920 3088 eos
944 3011 1102 3088 osculati
1128 3011 1168 3086 in
1196 3039 1273 3088 ore.
1303 3010 1451 3087 Deinde
1476 3010 1651 3088 instruxit
1676 3040 1739 3090 eos

313 3155 408 3246 quot
424 3141 539 3218 Pater
554 3155 670 3218 noster
693 3139 863 3218 dicerent
882 3169 950 3247 pro
971 3141 1074 3218 boris
1095 3140 1188 3230 suis,
1211 3157 1249 3216 et
1268 3140 1430 3247 qualiter
1445 3167 1484 3216 se
1499 3139 1682 3219 baberent
1702 3159 1740 3220 et

312 3286 486 3379 regerent
504 3270 545 3346 in
568 3270 715 3348 ordine.
740 3270 988 3349 Postmodum
1012 3271 1102 3348 dicti
1121 3271 1254 3348 fratres
1272 3269 1467 3364 Jobannes
1487 3287 1525 3347 et
1545 3271 1738 3350 Dionisius

311 3416 536 3478 vocaverunt
551 3399 695 3476 dictum
710 3399 961 3504 presbiterum
975 3400 1035 3476 cui
1050 3400 1175 3505 primo
1193 3399 1396 3478 mantelius
1408 3399 1529 3478 fuerat
1541 3403 1738 3508 impositus

311 3544 414 3604 retro
434 3528 567 3615 altare,
590 3544 674 3632 post
693 3528 883 3605 modicam
902 3529 1035 3606 horam
1056 3546 1281 3608 vocaverunt
1305 3529 1446 3607 dictum
1471 3528 1735 3620 amblardum,

311 3657 501 3764 prefatum
529 3656 782 3763 presbiterum
808 3659 1055 3738 remittentes.
1082 3661 1215 3738 Postea
1243 3659 1356 3766 patrio
1386 3675 1471 3766 post
1495 3660 1737 3740 remictentes

312 3787 454 3866 dictum
475 3785 739 3876 Amblardum,
762 3806 986 3866 vocaverunt
1005 3787 1149 3866 dictum
1164 3788 1423 3894 hadulphum,
1445 3804 1483 3866 et
1498 3791 1634 3880 nescit,
1649 3792 1736 3897 quia

312 3945 388 3995 non
412 3916 506 3994 vidit
528 3944 597 3995 nec
624 3917 782 4007 audivit,
804 3918 898 4024 quid
919 3917 993 3996 fuit
1013 3918 1066 3998 ibi
1087 3935 1211 3997 actum
1235 3917 1294 3996 vel
1315 3917 1476 4010 dictum,
1508 3918 1576 3998 sed
1603 3895 1736 4026 parum

310 4064 395 4152 post
412 4047 653 4126 remictentes
672 4048 815 4126 dictum
835 4048 1098 4156 hadulphum,
1118 4066 1342 4129 vocaverunt
1359 4049 1482 4156 ipsum
1502 4067 1656 4140 testem,
1679 4054 1736 4130 di-

309 4195 435 4256 centes
453 4177 559 4285 quod
571 4179 807 4256 consuetudo
829 4196 907 4257 erat
919 4178 961 4256 in
976 4179 1110 4256 ordine
1130 4180 1234 4286 quod
1255 4177 1386 4256 fratres
1401 4177 1491 4256 dicti
1513 4181 1657 4263 ordinis
1671 4184 1736 4260 ab·

308 4326 489 4416 negarent
511 4310 669 4388 Jbesum
691 4310 897 4390 Christum.
913 4311 1022 4390 Unde
1043 4312 1225 4418 cumipse
1241 4311 1404 4419 jurasset
1418 4339 1562 4392 servare
1579 4343 1738 4395 consue-

305 4437 460 4516 tudines
488 4438 647 4528 ordinis,
679 4441 850 4546 precepit
869 4441 904 4518 ei
926 4441 1050 4518 dictus
1068 4439 1183 4520 frater
1200 4442 1391 4520 Johannes
1412 4443 1517 4547 quod
1537 4444 1738 4556 abnegaret

305 4567 463 4646 Jbesum
479 4568 693 4662 Christum,
710 4587 749 4647 et
763 4569 843 4677 ipse
858 4571 975 4660 testis,
992 4569 1155 4648 multum
1171 4570 1418 4678 stupefactus,
1437 4575 1634 4684 abnegavit
1648 4578 1737 4656 Jbe-

306 4726 392 4775 sum
411 4698 608 4778 Christum
626 4727 709 4790 ore,
731 4727 809 4778 non
834 4700 965 4791 corde,
988 4717 1031 4778 ut
1050 4700 1154 4780 dixit.
1176 4700 1257 4779 Alia
1276 4701 1407 4780 illicita
1426 4731 1505 4781 non
1524 4704 1734 4786 intervene-

307 4846 399 4906 runt
418 4829 457 4906 in
479 4829 577 4908 dicta
602 4859 668 4908 sua
690 4831 907 4937 receptione
927 4831 987 4910 vel
1009 4849 1105 4939 post.
1133 4831 1351 4939 Requisitus
1370 4834 1399 4912 si
1422 4833 1509 4926 scit,
1534 4837 1654 4917 credit
1676 4841 1734 4918 vel
