4210 5882
388 510 462 585 soa
776 491 975 586 anocts
1001 512 1096 584 nns
1122 512 1421 585 ranetxxns

386 653 580 728 Trecensis
601 651 778 741 diocesis,
795 680 865 759 per
878 651 1028 729 fratrem
1044 653 1243 758 Hugonem
1260 653 1307 730 de
1331 653 1501 730 Paraudo
1513 669 1603 730 tunc
1621 673 1814 762 precepto·

252 837 253 840 ,
384 811 465 858 rem
487 783 534 860 de
558 781 683 871 Pailli,
701 781 939 889 presentibus
957 782 1130 889 pluribus
1148 781 1324 860 fratribus
1343 783 1432 860 dicti
1452 783 1596 860 ordinis
1612 784 1659 862 de
1678 786 1814 892 quibus

384 941 460 990 non
481 913 612 991 recolit
628 914 673 990 ad
690 942 855 1020 presens.
876 913 977 992 Dixit
992 913 1109 990 eciam
1123 941 1192 1018 per
1201 915 1458 1021 juramentum
1474 943 1584 992 suum
1599 915 1715 1022 quod,
1731 933 1814 1022 post

385 1023 530 1123 multas·
539 1044 805 1154 promissiones
824 1044 872 1121 de
893 1043 1037 1121 statutis
1062 1061 1099 1120 et
1123 1045 1275 1123 secretis
1300 1045 1388 1123 dicti
1412 1045 1555 1124 ordinis
1575 1046 1812 1124 observandis

385 1177 431 1252 ab
459 1203 503 1253 eo
529 1175 657 1266 factas,
681 1191 719 1251 et
737 1174 917 1252 mantello
945 1175 992 1250 ad
1020 1173 1161 1252 collum
1188 1203 1298 1253 suum
1318 1177 1457 1283 posito,
1480 1177 1602 1255 dictus
1631 1178 1812 1284 recipiens

386 1304 549 1385 ostendit
571 1306 640 1384 sibi
658 1307 869 1415 ymaginem
889 1307 1006 1384 Jhesu
1025 1305 1165 1384 Christi
1191 1307 1378 1413 depictam
1402 1309 1441 1385 in
1465 1309 1632 1416 quodam
1656 1309 1809 1397 missali,

386 1457 423 1514 et
441 1438 608 1544 precepit
626 1438 698 1516 sibi
719 1439 823 1546 quod
843 1439 998 1516 Jhesum
1018 1435 1210 1516 Christum
1235 1439 1454 1549 abnegaret,
1481 1457 1518 1518 et
1542 1440 1647 1547 quod
1663 1459 1812 1547 spueret

384 1598 494 1675 supra
521 1599 670 1647 crucem
691 1586 729 1647 et
755 1599 866 1675 supra
887 1551 1116 1678 ymaginem,
1149 1587 1187 1646 et
1211 1570 1283 1648 hoc
1309 1572 1388 1678 ipse
1422 1571 1510 1650 lecit
1533 1575 1639 1650 testis
1663 1573 1812 1679 plorans

383 1701 537 1789 invitus,
570 1717 607 1776 et
632 1700 722 1776 dixit
739 1729 808 1806 per
827 1700 1083 1807 juramentum
1103 1727 1215 1776 suum
1236 1701 1338 1808 quod
1360 1701 1480 1780 dictus
1499 1703 1683 1809 recipiens
1707 1731 1812 1781 oscu-

383 1830 480 1907 latus
500 1829 573 1908 luit
588 1831 710 1936 ipsum
727 1830 766 1907 in
777 1829 900 1907 tribus
920 1829 1028 1918 locis,
1047 1828 1221 1908 videlicet
1235 1830 1275 1907 in
1286 1831 1363 1909 fine
1377 1833 1483 1939 spine
1500 1833 1620 1921 dorsi,
1638 1835 1676 1910 in
1691 1832 1813 1911 umbi-

384 1958 457 2036 lico
474 1975 511 2070 et
527 1961 566 2035 in
581 1987 657 2037 ore.
671 1959 773 2037 Dixit
791 1958 907 2036 eciam
920 1988 990 2065 per
998 1959 1257 2066 juramentum
1273 1989 1384 2039 suum
1402 1963 1507 2070 quod
1519 1963 1728 2071 injunctum
1742 1963 1813 2041 suit

386 2091 457 2168 sibi
471 2119 540 2198 per
554 2092 676 2196 ipsum
692 2090 934 2197 recipientem
947 2090 1052 2195 quod
1062 2091 1092 2168 si
1103 2092 1204 2168 calor
1214 2093 1390 2170 naturalis
1406 2111 1574 2172 moveret
1588 2123 1693 2182 eum,
1707 2095 1812 2202 quod

385 2221 644 2300 commisceret
657 2249 697 2300 se
716 2249 802 2300 cum
822 2219 999 2298 fratribus
1019 2220 1107 2298 dicti
1129 2221 1285 2300 ordinis.
1301 2225 1552 2332 Interrogatus
1568 2225 1615 2302 de
1634 2227 1752 2332 capite
1764 2225 1810 2302 de

385 2381 462 2458 quo
477 2353 521 2429 fit
535 2381 645 2459 supra
666 2351 831 2440 mencio,
855 2349 948 2428 dixit
961 2378 1030 2455 per
1036 2352 1296 2459 juramentum
1309 2381 1422 2430 suum
1436 2355 1542 2461 quod
1554 2355 1651 2432 vidit
1661 2355 1759 2432 illud
1772 2356 1811 2431 in

385 2500 528 2587 septem
551 2481 722 2588 capitulis
734 2511 810 2588 que
825 2480 1051 2558 tenebantur
1063 2509 1084 2556 a
1098 2479 1211 2560 fratre
1230 2484 1390 2590 Hugone
1412 2483 1459 2562 de
1480 2485 1649 2563 Paraudo
1671 2503 1709 2562 et
1727 2487 1811 2593 qui-

384 2613 544 2692 busdam
561 2613 654 2691 aliis.
681 2615 933 2720 Interrogatus
958 2611 1119 2718 qualiter
1144 2601 1338 2704 adoratui,
1361 2614 1453 2693 dixit
1472 2643 1540 2721 per
1553 2619 1810 2726 juramentum

385 2774 495 2822 sunm
511 2747 614 2852 quod
631 2773 677 2823 eo
689 2761 839 2824 ostenso
854 2769 986 2821 omnes
996 2758 1186 2849 prostrant
1201 2772 1239 2821 se
1255 2745 1469 2836 adterram,
1492 2763 1530 2824 et
1545 2747 1681 2824 amotis
1701 2775 1812 2853 capn-

386 2875 618 2953 ciisadorant
631 2875 740 2953 illud.
750 2877 1002 2980 Interrogatus
1013 2873 1119 2980 eujus
1129 2873 1249 2981 ligure
1267 2893 1338 2965 est,
1362 2876 1456 2954 dixit
1473 2905 1541 2982 per
1550 2877 1808 2983 juramentum

385 3033 497 3082 suurn
525 3004 631 3112 quod
650 3006 699 3082 ita
721 3023 777 3083 est
794 3003 974 3082 terribilis
995 3003 1116 3110 figure
1139 3021 1177 3084 et
1197 3022 1370 3111 aspectus
1394 3007 1498 3112 quod
1521 3005 1720 3084 videbatur
1739 3008 1808 3085 sibi

385 3136 489 3241 quod
505 3152 604 3214 esset
617 3135 735 3246 ligura
755 3135 949 3242 cujusdam
967 3134 1157 3223 demonis,
1180 3135 1342 3213 dicendo
1362 3135 1495 3243 gallice
1516 3137 1594 3214 d'na
1615 3141 1744 3243 morast,
1772 3156 1810 3215 et

384 3267 488 3372 qnod
504 3267 849 3374 quocienscumque
866 3264 1017 3343 videbat
1036 3265 1160 3370 ipsum
1183 3282 1308 3344 tantus
1337 3267 1452 3345 timor
1479 3296 1567 3346 eum
1593 3267 1808 3360 invadebat,
1878 3267 1888 3276 ’

384 3397 489 3502 quod
502 3396 561 3475 vix
579 3415 727 3503 poterat
741 3396 839 3475 illud
854 3396 1040 3503 respicere
1060 3396 1131 3472 nisi
1150 3425 1236 3473 cum
1250 3396 1413 3475 maximo
1426 3397 1564 3476 timore
1581 3415 1619 3476 et
1632 3415 1807 3476 tremore.

383 3527 598 3634 Requisitus
618 3555 733 3634 quare
754 3528 959 3605 adorabant
978 3526 1092 3616 illud,
1114 3527 1206 3604 dixit
1221 3529 1325 3634 quod
1345 3555 1388 3604 ex
1407 3555 1484 3634 qno
1499 3529 1626 3636 pejora
1647 3528 1811 3606 fecerant

383 3659 602 3766 abnegando
633 3661 791 3738 Jhesum
818 3659 1026 3747 Christum,
1059 3659 1164 3765 qnod
1193 3658 1291 3736 bene
1318 3675 1490 3766 poterant
1518 3659 1615 3737 illud
1641 3658 1805 3739 adorare.

381 3789 482 3866 Dixit
503 3807 630 3867 umen
656 3819 725 3897 per
745 3790 1005 3896 juramentum
1032 3818 1144 3866 suum
1171 3789 1274 3896 quod
1301 3817 1495 3896 nunquam
1522 3789 1689 3868 adoravit
1713 3790 1809 3869 illud

261 3939 265 3948 ’
382 3922 508 4000 corde.
530 3921 745 4028 Requisitus
765 3939 893 3998 utrum
912 3920 1133 3997 recordetur
1152 3921 1200 3997 de
1220 3921 1441 3998 nominibus
1456 3921 1613 4000 illorum
1628 3923 1694 4029 qui
1713 3921 1809 3999 illud
1844 3917 1848 3926 ⁴

383 4051 603 4138 adorabant,
627 4051 719 4129 dixit
737 4051 844 4158 quod
865 4052 933 4140 sie,
957 4050 1004 4127 de
1023 4051 1177 4128 immine
1204 4050 1325 4128 fratris
1352 4052 1510 4132 Gerardi
1535 4052 1583 4129 de
1604 4052 1809 4132 Villaribus

384 4199 421 4258 et
441 4181 635 4288 cujusdam
662 4181 752 4258 socii
772 4181 830 4258 sui
855 4179 979 4258 fratris
998 4181 1202 4260 servientis.

439 4311 654 4419 Requisitus
682 4328 775 4418 quot
805 4310 936 4390 fratres
962 4314 1162 4419 receperit,
1196 4315 1288 4391 dixit
1316 4343 1385 4421 per
1407 4316 1665 4421 juramentum
1698 4343 1807 4393 snum

383 4443 488 4551 quod
506 4443 648 4552 recepit
663 4445 794 4543 decem
810 4444 869 4522 vel
889 4443 1104 4523 duodecim.
1127 4445 1343 4552 Requisitus
1362 4463 1490 4524 utrum
1508 4475 1579 4554 per
1597 4447 1706 4524 illum
1727 4473 1810 4522 mo-

383 4576 474 4653 dum
495 4603 697 4682 perquem
719 4573 813 4652 dixit
840 4603 879 4652 se
906 4573 1019 4653 luisse
1038 4592 1232 4681 receptum
1258 4577 1359 4684 ipsos
1383 4579 1600 4684 recepisset,
1625 4575 1718 4653 dixit
1741 4603 1811 4682 per

376 4707 635 4813 juramentum
650 4733 763 4783 suum
778 4707 884 4812 quod
896 4706 964 4795 sic,
983 4705 1143 4812 exceptis
1156 4705 1385 4813 quibusdam
1401 4735 1497 4814 quos
1512 4705 1635 4784 noluit
1649 4705 1807 4784 osculari

382 4837 421 4914 in
438 4837 505 4916 illo
524 4837 588 4914 vili
603 4837 703 4927 loco,
720 4853 875 4943 propter
888 4838 1084 4916 horrorem
1102 4865 1216 4944 quem
1233 4838 1397 4917 habebat
1414 4867 1458 4916 ex
1476 4839 1565 4926 hoc,
1588 4839 1653 4916 sed
1675 4838 1715 4914 in
1732 4865 1810 4914 om·
