4242 5890
342 573 416 645 sos
729 551 924 644 rnocss
949 571 1045 642 ons
1071 566 1370 640 rnurxrsrs.

343 711 463 788 ditum
481 711 699 788 mantellum
720 710 863 787 ordinis
883 709 931 786 ad
952 708 1105 796 collum,
1129 725 1167 784 et
1183 725 1275 783 tunc
1295 706 1484 782 osculatus
1504 703 1578 781 fuit
1597 724 1778 812 recepto-⁶

341 869 422 917 rem
438 869 550 918 suum
566 858 604 917 et
624 867 755 918 omnes
775 841 867 916 alios
886 839 1028 915 fratres.
1044 839 1090 913 Et
1105 837 1178 914 hoc
1194 836 1303 922 facto,
1324 835 1575 914 thesaurarius
1594 854 1632 912 et
1647 836 1766 915 dictus

342 988 514 1076 receptor
530 970 718 1048 duxerunt
733 999 820 1047 eum
838 969 885 1044 ad
898 985 1059 1072 partem,
1076 984 1113 1044 et
1126 965 1372 1044 ostenderunt
1384 964 1455 1042 sibi
1471 968 1675 1071 quamdam
1689 997 1768 1044 cru-

344 1129 424 1178 cem
445 1101 484 1176 in
501 1130 574 1207 qua
594 1118 672 1177 erat
686 1128 820 1208 ymago
833 1099 949 1176 Jhesu
965 1097 1104 1176 Christi
1122 1096 1284 1201 depicta,
1302 1111 1339 1173 et
1358 1095 1527 1172 fecerunt
1548 1123 1634 1173 eum
1655 1096 1768 1175 abne·

341 1259 428 1336 gare
443 1231 502 1308 bis
518 1230 710 1309 Christum
725 1247 763 1306 et
782 1256 916 1336 spuere
935 1255 1045 1333 supra
1064 1254 1214 1302 crucem
1229 1225 1299 1301 bis.
1321 1225 1368 1302 Et
1387 1224 1479 1303 dixit
1498 1253 1567 1331 per
1576 1227 1768 1334 juramen·

343 1379 425 1437 tum
453 1390 564 1437 suum
596 1360 716 1466 quod,
749 1360 796 1436 de
829 1375 1007 1464 precepto
1034 1336 1269 1461 recipientis,
1302 1357 1491 1435 osculatus
1520 1356 1593 1435 fuit
1615 1387 1701 1435 eum
1727 1358 1767 1434 in

343 1491 511 1567 inferiori
530 1508 634 1595 parte
655 1491 760 1597 spine
780 1489 898 1578 dorsi,
918 1489 957 1564 in
972 1487 1155 1565 umbilico
1177 1504 1215 1564 et
1233 1487 1273 1562 in
1294 1514 1370 1563 ore.

398 1623 491 1697 ltem
505 1621 598 1697 dixit
616 1649 683 1724 per
697 1620 957 1726 juramentum
972 1646 1082 1694 suum
1098 1615 1204 1724 quod
1218 1616 1320 1693 idem
1335 1615 1518 1724 recipiens
1533 1616 1627 1694 dixit
1642 1635 1679 1694 et
1689 1645 1768 1723 pre-
1893 1699 1902 1716 ‚

344 1751 443 1855 cepit
459 1750 530 1827 sibi
550 1751 655 1856 quod
675 1749 706 1825 si
726 1777 803 1825 non
822 1765 948 1854 posset
968 1747 1176 1834 continere,
1199 1746 1302 1852 quod
1318 1748 1575 1824 commisceret
1589 1774 1629 1823 se
1649 1775 1768 1824 carna·

344 1880 431 1956 liter
451 1909 535 1956 cum
551 1880 660 1956 sociis
676 1879 762 1956 suis.
785 1880 928 1955 Tamen
949 1877 1041 1953 dixit
1059 1905 1127 1982 per
1141 1878 1399 1984 juramentum
1419 1905 1531 1954 suum
1549 1876 1653 1983 quod
1674 1906 1767 1956 nun·
1826 1975 1830 1984 Ι

344 2037 456 2114 quam
469 2008 705 2085 commiscuit
722 2035 762 2084 se
777 2037 863 2084 cum
879 2008 1024 2112 aliquo,
1042 2035 1112 2084 nec
1126 2006 1260 2113 aliquis
1275 2035 1361 2083 cum
1381 2034 1439 2085 eo.

401 2143 650 2244 Interrogatus
666 2154 793 2214 utrum
808 2138 859 2225 vi,
874 2137 932 2213 vel
945 2155 1052 2214 metu
1065 2153 1341 2215 tormentorum
1356 2135 1415 2212 vel
1432 2137 1604 2228 carceris,
1622 2153 1685 2212 aut
1700 2135 1767 2212 aha

346 2271 392 2346 de
413 2295 538 2358 causa,
555 2268 594 2344 in
611 2266 852 2372 deposicione
873 2295 938 2344 sua
957 2266 1092 2343 dixerit
1111 2285 1174 2343 aut
1190 2265 1437 2342 immiscuerit
1456 2265 1618 2373 aliquam
1638 2265 1769 2342 falsita-

343 2415 436 2486 tem,
457 2415 521 2474 aut
539 2399 698 2474 tacuerit
720 2397 931 2486 veritatem,
960 2395 1050 2472 dixit
1069 2425 1137 2502 per
1146 2397 1405 2503 juramentum
1425 2425 1535 2474 suum
1552 2397 1656 2503 quod
1671 2423 1765 2486 non,

345 2530 461 2603 immo
477 2527 571 2603 dixit
589 2554 722 2632 puram
737 2527 930 2602 veritatem
944 2543 1099 2631 propter
1119 2525 1275 2605 salutem
1296 2526 1418 2604 anime
1435 2551 1513 2605 sue.

403 2793 494 2867 Item
521 2790 635 2867 frater
664 2791 850 2868 lohannes
880 2793 928 2868 de
950 2791 1165 2868 Elemosina
1193 2819 1311 2898 prope
1335 2792 1579 2878 Pontisaram,
1614 2791 1770 2897 claviger

347 2921 482 2996 domus
505 2921 553 2996 de
573 2921 671 2998 Malo
687 2923 865 3025 Repastu,
898 2922 1004 2998 etatis
1029 2949 1126 2998 xxxu
1154 2949 1356 3012 annorum,
1383 2938 1429 2996 ut
1447 2921 1612 3006 dicebat,
1635 2918 1769 2996 eodem

346 3049 460 3126 modo
475 3050 623 3155 juratus
639 3050 687 3127 de
704 3067 796 3127 sset
813 3050 893 3127 aliis
909 3052 948 3128 in
964 3079 1071 3128 causa
1084 3051 1174 3128 fidei
1192 3053 1316 3128 dicere
1335 3049 1540 3128 veritatem.
1556 3049 1769 3155 Requisitus

349 3179 396 3255 de
409 3196 578 3284 tempore
594 3197 631 3255 et
639 3181 754 3256 modo
764 3181 994 3285 recepcionis
1004 3207 1086 3268 sue,
1100 3181 1191 3256 dixit
1204 3207 1271 3284 per
1277 3181 1535 3286 juramentum
1547 3207 1659 3255 suum
1667 3178 1770 3284 quod

346 3307 417 3384 fuit
436 3325 608 3412 receptus
626 3309 803 3396 Parisius,
820 3337 888 3414 per
905 3307 1057 3384 fratrem
1072 3309 1283 3385 lohannem
1305 3309 1352 3384 de
1369 3309 1500 3384 Turno
1516 3326 1607 3384 tunc
1625 3309 1771 3385 thesau-

346 3440 486 3514 rarium
514 3438 689 3526 Parisios,
711 3438 879 3543 quinque
900 3454 988 3513 sunt
1006 3438 1090 3512 anni
1113 3437 1243 3542 elapsi,
1270 3437 1508 3542 presentibus
1532 3437 1644 3514 fratre
1666 3436 1773 3514 Guil-

345 3568 463 3645 lermo
487 3566 535 3643 de
550 3567 709 3674 Arhlayo
736 3567 998 3644 elemosinario
1018 3567 1134 3672 regis,
1153 3583 1191 3642 et
1209 3567 1435 3672 quibusdam
1451 3566 1532 3642 aliis
1545 3565 1592 3643 de
1608 3592 1770 3672 quorum

344 3697 562 3774 nominibus
583 3726 660 3773 non
686 3698 828 3774 recolit.
854 3697 955 3774 Dixit
982 3697 1100 3772 eciam
1129 3725 1197 3801 per
1215 3695 1472 3804 juramentum
1506 3723 1617 3773 suum
1645 3697 1768 3803 quod,

346 3845 431 3931 post
445 3826 581 3902 multas
605 3827 872 3931 promissiones
894 3855 985 3932 quas
1005 3826 1093 3904 lecit
1112 3826 1159 3902 de
1181 3825 1422 3903 observandis
1441 3826 1587 3902 statutis
1603 3826 1691 3903 dicti
1712 3855 1771 3906 or-

348 3955 461 4043 dinis,
483 3971 673 4060 apportata
692 3953 764 4031 luit
780 3972 862 4030 ante
884 3983 972 4029 eum
993 3954 1155 4060 quedam
1176 3983 1264 4056 crux
1280 3982 1371 4031 enea
1391 3955 1431 4030 in
1451 3983 1524 4059 qua
1541 3971 1620 4031 erat
1637 3983 1769 4062 ymago

226 4109 229 4120 ·
347 4082 463 4162 lhesu
482 4084 638 4170 Christi,
662 4102 699 4160 et
716 4083 830 4188 peciit
845 4082 892 4160 ab
913 4111 958 4159 eo
979 4081 1102 4158 dictus
1120 4084 1303 4188 recipiens
1322 4101 1450 4160 utrum
1475 4084 1645 4161 crederet
1667 4086 1772 4190 quod

348 4212 411 4289 ille
432 4213 537 4319 cujus
555 4229 633 4288 erat
654 4240 786 4320 ymago
806 4229 903 4288 esset
920 4214 1037 4299 Deus,
1060 4230 1096 4288 et
1117 4214 1195 4318 ipse
1216 4213 1309 4289 dixit
1333 4213 1437 4320 quod
1462 4214 1526 4290 sic.
1557 4215 1663 4288 Tunc
1683 4208 1771 4290 fe'cit

350 4371 437 4420 eum
458 4343 641 4451 abnegare
662 4343 855 4421 Christum
870 4360 927 4420 ter
947 4359 984 4420 et
997 4359 1055 4418 ter
1069 4371 1225 4449 spuere:
1241 4342 1416 4420 videlicet
1428 4344 1487 4420 bis
1501 4371 1611 4449 supra
1622 4371 1768 4420 cruoem

350 4488 387 4548 et
406 4472 539 4550 ultimo
572 4474 671 4578 spuit
695 4501 808 4578 supra
827 4490 983 4561 terram,
1006 4473 1151 4580 fingens
1176 4472 1281 4579 quod
1302 4491 1454 4579 spueret
1476 4501 1587 4578 supra
1607 4499 1767 4551 crucem.

348 4603 448 4679 Dixit
464 4605 581 4680 eciam
595 4634 663 4710 per
673 4603 931 4710 juramentum
947 4633 1056 4680 suum
1078 4605 1182 4711 quod
1196 4604 1258 4680 ille
1273 4605 1456 4710 recipiens
1473 4603 1561 4681 lecit
1587 4604 1657 4683 sibi
1681 4632 1770 4710 pm·

348 4733 496 4808 mittere
508 4751 638 4810 votum
657 4733 830 4809 castitatis
846 4750 1030 4839 quantum
1046 4735 1093 4811 ad
1117 4733 1309 4824 mulieresa
1331 4734 1398 4810 sed
1418 4735 1511 4811 dixit
1525 4733 1595 4812 sibi
1616 4734 1720 4841 quod
1739 4735 1768 4810 si

348 4861 460 4940 vellet
480 4880 517 4939 et
535 4863 735 4970 indigeret,
754 4863 1011 4942 commisceret
1023 4893 1062 4942 se
1081 4893 1166 4941 curn
1182 4864 1298 4942 sociis*
1310 4865 1399 4943 suis.
1421 4865 1521 4944 Dixit
1532 4865 1770 4972 tamenquod
