4210 5882
311 559 313 564 ,
399 532 473 604 sss
788 511 983 604 procus
1010 529 1107 603 uss
1132 529 1431 604 TEMPLIERS.

397 673 521 750 dicere
539 671 748 761 veritatem,
772 689 809 750 et
833 673 1081 781 interrogatus
1097 671 1144 750 de
1163 689 1332 780 tempore
1353 692 1391 750 et
1407 670 1523 750 modo
1544 699 1611 748 sue
1635 671 1823 777 recepcio-

286 819 293 830 “
397 803 473 892 nis,
494 803 587 880 dixit
599 831 667 908 per
680 803 935 911 juramentum
953 833 1063 880 suum
1081 805 1184 911 quod
1200 804 1270 880 fuit
1286 821 1459 909 receptus
1471 801 1569 909 apud
1581 801 1820 908 Joigniacum‚

396 962 464 1039 per
487 931 637 1011 fratrem
660 934 870 1012 iohannem
895 935 1095 1014 Morellum
1117 934 1163 1012 de
1186 936 1298 1013 Belna
1318 953 1579 1043 preceptorem
1596 934 1760 1012 baillivie
1779 937 1824 1012 de

396 1065 596 1154 Couiours‚
612 1066 651 1142 in
667 1064 761 1144 sesto
776 1065 875 1143 beati
891 1065 1146 1144 Bartholomei
1162 1067 1297 1146 ultimo
1312 1067 1491 1173 preterito
1506 1066 1579 1143 fuit
1593 1093 1728 1157 annus,
1743 1096 1825 1172 pre-

396 1213 500 1273 sente
520 1195 630 1272 fratre
650 1196 847 1274 Dominico
869 1215 1088 1304 preceptore
1115 1197 1163 1274 de
1182 1198 1390 1304 Joigniaco‚
1420 1215 1458 1274 et
1487 1195 1659 1302 pluribus
1679 1195 1759 1274 aliis
1780 1197 1824 1274 de

396 1355 557 1433 quorum
567 1326 863 1403 nominibusnon
874 1327 1016 1404 recolit.
1025 1328 1247 1407 Dixiteciam
1255 1329 1582 1437 perjuramentum
1589 1327 1821 1433 suumquod

395 1475 480 1562 post
496 1456 630 1534 multas
641 1455 908 1563 promissiones
924 1457 969 1533 de
986 1458 1131 1534 statutis
1146 1477 1184 1535 et
1196 1459 1347 1536 secretis
1363 1458 1452 1534 dicti
1468 1457 1612 1536 ordinis
1630 1459 1823 1536 observan-

397 1589 455 1665 di's
472 1587 518 1665 ab
534 1615 578 1664 eo
593 1586 723 1676 factas,
747 1587 870 1664 dictus
882 1587 1066 1692 recipiens
1080 1589 1184 1665 duxit
1198 1617 1284 1665 eum
1299 1607 1401 1666 retro
1417 1588 1547 1678 altare,
1569 1605 1607 1664 et
1621 1606 1710 1666 tunc
1721 1617 1824 1666 oscu-

395 1717 491 1795 tatus
505 1717 578 1795 suit
596 1718 721 1822 ipsum
742 1718 780 1792 in
794 1715 870 1792 fine
884 1717 990 1822 spine
1008 1717 1124 1806 dorsi,
1144 1735 1182 1794 et
1201 1718 1448 1795 incontinenti
1464 1718 1600 1795 cecidit
1619 1746 1744 1795 coram
1760 1747 1820 1804 eo.

395 1865 433 1924 et
449 1846 523 1925 fuit
540 1863 708 1953 portatus
719 1845 852 1923 exinde
865 1846 967 1951 quasi
982 1847 1266 1938 semimortuum
1283 1865 1408 1924 tamen
1422 1865 1620 1954 antequam
1636 1875 1824 1926 amovere·

395 1995 469 2066 tur,
485 1977 576 2054 dixit
590 1977 662 2054 sibi
675 1978 780 2083 quod
794 1994 882 2052 tunc
902 2004 979 2053 non
999 1994 1146 2082 poteret
1164 1977 1268 2054 aliud
1288 1977 1411 2054 dicere
1432 1978 1481 2054 de
1497 1977 1645 2056 statutis
1665 1978 1821 2067 ordinis,

396 2109 443 2184 de
463 2108 536 2185 hiis
548 2137 621 2216 que
637 2106 824 2185 debebant
837 2105 918 2183 fieri
933 2107 1141 2184 secundum
1156 2125 1289 2186 statuta
1308 2108 1465 2198 ordinis,
1481 2108 1650 2215 predicta
1667 2107 1822 2186 infirmi-

394 2255 469 2315 tate
490 2255 675 2346 gravatus,
698 2253 736 2314 et
755 2236 860 2344 quod
882 2235 969 2313 alias
989 2255 1226 2343 recuperaret
1249 2238 1296 2314 ad
1321 2237 1394 2316 hoc
1418 2236 1648 2326 faciendum,
1671 2255 1708 2314 et
1732 2238 1824 2316 dixit

396 2370 513 2448 eciam
526 2397 595 2476 per
608 2369 862 2475 juramentum
883 2395 994 2446 suum
1010 2368 1129 2475 quod,
1146 2367 1297 2476 quando
1314 2369 1415 2446 venit
1434 2369 1482 2446 ad
1498 2369 1722 2447 visitandum
1734 2397 1821 2446 eum

395 2503 434 2578 in
449 2500 548 2578 tecto
562 2528 631 2578 suo
639 2500 844 2607 jacentem,
867 2499 1009 2578 audivit
1028 2527 1116 2576 eum
1136 2499 1324 2577 dicentem
1344 2497 1427 2575 aliis
1447 2500 1552 2604 quod
1567 2527 1681 2576 unam
1699 2499 1748 2576 de
1760 2527 1821 2578 vo-

394 2630 600 2709 luntatibus
610 2630 688 2708 suis
704 2628 965 2736 compleverat.
982 2630 1197 2736 Requisitus
1212 2647 1339 2708 utrum
1355 2630 1402 2706 de
1416 2629 1820 2734 predictaosculacione

396 2762 530 2839 dixerit
548 2760 674 2850 sociis,
692 2760 785 2837 dixit
804 2759 910 2868 quod
927 2787 1021 2847 non,
1038 2761 1127 2866 quia
1141 2759 1269 2836 nullus
1282 2777 1360 2836 erat
1378 2787 1490 2836 ausus
1504 2759 1668 2838 revelare
1683 2779 1822 2840 secreta

394 2919 460 2968 sua
479 2891 574 2968 aliis.
590 2893 842 2998 Interrogatus
857 2906 985 2967 utrum
1002 2889 1052 2980 vi,
1069 2889 1128 2966 vel
1148 2907 1253 2968 metu
1273 2889 1430 2966 carceris
1444 2917 1511 2968 seu
1530 2906 1818 2980 tormentorum,

395 3039 460 3100 aut
472 2991 545 3100 alia
559 3021 606 3098 de
625 3048 750 3110 causa,
767 3021 930 3126 aliquam
948 3018 1144 3096 salsitatem
1159 3019 1294 3096 dixerit
1313 3037 1378 3096 aut
1392 3019 1639 3098 immiscuerit
1653 3021 1692 3096 in
1708 3021 1821 3126 depo-

377 3225 380 3236 .
394 3153 535 3231 sicione
555 3181 638 3242 sua,
654 3170 717 3229 aut
734 3151 890 3229 tacuerit
906 3150 1116 3238 veritatem,
1140 3149 1231 3228 dixit
1244 3179 1313 3256 per
1322 3151 1579 3257 juramentum
1595 3179 1708 3226 suum
1719 3151 1820 3256 quod

395 3312 486 3374 non,
505 3311 575 3360 nec
587 3282 711 3389 aliqua
725 3281 905 3360 violencia
922 3281 993 3358 sibi
1008 3281 1079 3358 fuit
1093 3280 1204 3370 sacta,
1225 3281 1293 3358 sed
1307 3309 1440 3387 puram
1459 3281 1652 3358 veritatem
1668 3281 1818 3359 dixerat.

450 3549 544 3626 Item
560 3547 674 3625 frater
691 3545 912 3626 Dominicus
928 3545 975 3623 de
990 3546 1149 3625 Divione
1170 3563 1295 3623 custos
1313 3546 1448 3624 domus
1463 3546 1511 3624 de
1525 3546 1734 3655 Joigniaco‚
1752 3561 1820 3623 eta·

391 3679 440 3756 tis
457 3678 701 3786 quadraginta
720 3705 921 3767 annorum,
933 3677 1080 3786 juratus
1096 3675 1231 3754 eodem
1248 3677 1365 3754 modo
1384 3677 1434 3753 de
1452 3705 1491 3754 se
1512 3693 1550 3754 et
1564 3675 1645 3752 aliis
1660 3676 1698 3753 in
1715 3703 1819 3752 causa

392 3807 483 3886 fidei
505 3809 630 3886 dicere
651 3807 861 3896 veritatem,
885 3824 923 3884 et
942 3807 1189 3914 interrogatus
1210 3809 1258 3884 de
1278 3823 1449 3914 tempore
1471 3823 1508 3883 et
1526 3805 1642 3906 modo
1668 3833 1735 3882 sue
1761 3833 1819 3881 re-

392 3939 595 4044 cepcionis‚
619 3938 711 4015 dixit
730 3967 799 4044 per
810 3939 1069 4046 juramentum
1090 3965 1200 4014 suum
1226 3939 1331 4046 quod
1355 3954 1527 4042 receptus
1550 3935 1623 4012 fuit
1642 3935 1743 4041 apud
1756 3935 1819 4030 Di-

393 4069 558 4158 sionem,
587 4096 656 4173 per
674 4066 826 4144 fratrem
847 4067 1052 4143 Henricum
1080 4067 1128 4143 de
1155 4066 1269 4157 Dola,
1290 4065 1715 4175 quadragintaquinque
1737 4065 1817 4142 anni

392 4216 480 4276 sunt
499 4198 615 4304 elapsi
634 4196 692 4276 vel
712 4197 822 4286 circa,
845 4196 1081 4306 presentibus
1100 4197 1276 4276 fratribus
1295 4195 1498 4277 Guillelmo
1518 4198 1738 4302 Rougepere
1758 4223 1819 4301 pa-

392 4347 449 4406 tre
468 4357 537 4406 suo
551 4327 729 4418 naturali,
753 4346 790 4405 et
809 4328 909 4406 dicto
924 4328 1033 4408 Wale
1058 4327 1170 4406 fratre
1188 4356 1257 4407 suo
1275 4328 1447 4418 naturali,
1470 4326 1647 4405 fratribus
1662 4325 1752 4403 dicti
1763 4354 1819 4403 or-

394 4459 503 4536 dinis.
526 4458 628 4536 Dixit
649 4459 764 4535 eciam
783 4487 852 4566 per
866 4458 1125 4566 juramentum
1145 4487 1256 4536 suum
1276 4458 1395 4564 quod,
1411 4475 1497 4564 post
1508 4455 1644 4534 multas
1664 4455 1820 4563 promis·-

391 4617 517 4668 siones
535 4589 583 4666 de
603 4589 749 4666 statutis
775 4605 813 4666 et
839 4590 990 4666 secretis
1020 4589 1110 4666 dicti
1133 4589 1277 4668 ordinis
1300 4586 1540 4666 observandis
1556 4587 1602 4664 ab
1623 4613 1670 4663 eo
1690 4586 1816 4673 factas,

392 4721 514 4800 dictus
531 4721 716 4827 recipiens
736 4719 923 4798 osculatus
936 4718 1008 4796 suit
1028 4720 1154 4826 ipsum
1172 4719 1212 4794 in
1226 4719 1303 4795 fine
1319 4719 1423 4824 spine
1446 4717 1563 4806 dorsi,
1586 4717 1625 4793 in
1641 4714 1817 4794 umbilico

393 4853 483 4930 etin
503 4879 586 4940 ore,
608 4867 647 4927 et
661 4867 790 4959 postea
811 4851 978 4955 precepit
992 4850 1064 4929 sibi
1085 4850 1191 4959 quod
1204 4866 1358 4955 spueret
1371 4876 1483 4954 supra
1498 4874 1664 4938 crucem,
1688 4864 1726 4924 et
1740 4847 1817 4951 ipse
