4202 5876
399 524 471 599 ars
783 509 980 598 rnocrts
1005 523 1101 597 oss
1129 522 1427 597 rnurnrnns.

397 667 460 772 qui
483 663 653 772 loquitur
667 663 833 770 predicta
853 666 1011 744 nefanda
1032 693 1109 742 non
1128 664 1233 754 lecit,
1248 693 1317 744 nec
1337 665 1478 742 audivit
1498 665 1544 742 ab
1564 663 1691 770 aliquo
1709 665 1819 743 lratre

396 795 486 872 dicti
506 793 648 874 ordinis
668 793 732 872 illa
749 792 848 884 fieri,
872 824 941 873 nec
962 794 1080 874 credit
1103 795 1229 901 aliquo
1254 795 1369 872 modo
1389 824 1409 871 a
1428 822 1580 902 quoque
1599 795 1820 874 Christicola

395 923 488 1004 facta
508 953 599 1004 esse.

451 1056 552 1134 Dixit
566 1057 677 1132 etiam
694 1056 744 1132 ita
761 1054 874 1132 baisse
891 1056 1120 1145 ordinatum,
1134 1056 1238 1161 quod
1250 1085 1291 1132 ea
1303 1083 1378 1163 que
1394 1054 1539 1134 fiuntin
1550 1055 1720 1162 capitulis
1731 1056 1820 1133 dieti

395 1187 539 1262 ordinis
554 1204 693 1263 secreta
706 1185 825 1261 teneri
843 1185 1004 1263 debeant
1024 1202 1062 1261 et
1077 1185 1226 1274 haberi,
1249 1203 1287 1262 et
1306 1185 1400 1263 nulli
1415 1186 1474 1264 alii
1489 1186 1620 1293 pandi,
1642 1187 1713 1264 nisi
1733 1187 1821 1266 solis

395 1317 553 1423 illisqui
574 1318 613 1392 in
635 1314 803 1421 capitulis
823 1314 913 1392 dicti
934 1314 1076 1394 ordinis
1095 1316 1295 1394 alluerant.
1317 1317 1447 1396 Cetera
1473 1317 1597 1396 omnia
1621 1336 1659 1393 et
1677 1317 1820 1426 singula

395 1463 567 1525 contenta
584 1446 626 1522 in
647 1445 756 1524 dictis
776 1445 942 1522 articulis
960 1475 1046 1522 vera
1067 1473 1146 1522 esse
1167 1473 1243 1523 non
1263 1448 1394 1524 credit.

449 1577 509 1654 Ad
526 1577 641 1654 lirun
662 1575 859 1652 articulum
885 1577 1082 1684 diligenter
1107 1578 1372 1684 interrogatus,
1394 1577 1487 1656 dixit
1510 1597 1547 1656 et
1565 1580 1759 1685 respondit
1773 1579 1819 1658 de

394 1735 499 1784 more
518 1724 556 1784 et
564 1705 835 1784 consuetudine
856 1707 945 1784 dicti
966 1707 1112 1784 ordinis
1134 1708 1207 1784 boc
1225 1735 1322 1798 esse,
1344 1727 1388 1786 ut
1405 1708 1536 1786 iratres
1556 1709 1713 1816 predicti
1725 1711 1819 1788 ordi·

393 1839 462 1927 nis,
478 1837 630 1944 quando
646 1853 682 1914 et
695 1837 873 1943 quociens
889 1837 942 1914 eis
953 1836 1075 1944 placet
1086 1837 1255 1916 suavelle
1268 1857 1416 1944 peecata
1426 1840 1615 1930 confiteri,
1632 1841 1695 1918 illa
1710 1841 1820 1920 conli-

392 1985 543 2046 teantur
557 1967 660 2046 fratri
675 1967 862 2072 capellano
874 1967 1084 2072 presbitero
1098 1967 1266 2073 ejusdem
1283 1968 1443 2061 ordinis,
1458 1971 1549 2048 dum
1560 1988 1686 2050 tamen
1696 1973 1818 2078 ipsum

394 2099 533 2176 habere
544 2097 688 2204 possint
697 2096 1008 2204 libereetabsque
1018 2097 1098 2175 ullo
1107 2099 1543 2203 impedimentollerum
1553 2102 1583 2178 si
1593 2101 1817 2207 lorteipsum

393 2231 545 2306 fratrem
566 2226 798 2333 capellanum
820 2227 960 2304 babere
982 2255 1057 2304 non
1077 2227 1238 2334 possint,
1260 2245 1303 2304 ut
1321 2229 1410 2336 quia
1431 2257 1507 2307 non
1527 2230 1634 2308 adest
1647 2231 1705 2308 vel
1721 2231 1816 2310 forte

393 2359 598 2466 impeditus
610 2358 659 2436 sit
673 2357 798 2462 aliqua
807 2356 907 2463 justa
920 2385 1027 2434 eausa
1042 2357 1245 2464 quominus
1260 2359 1512 2438 confessiones
1523 2361 1677 2440 fratrum
1689 2363 1817 2440 audire

391 2491 525 2579 valeat,
546 2506 637 2566 tunc
650 2487 811 2571 ‚demum
832 2488 921 2564 dicti
941 2487 1090 2576 fratres,
1107 2489 1248 2595 absque
1265 2491 1469 2595 superioris
1485 2491 1634 2570 licentia
1648 2493 1814 2598 speciali,

392 2637 548 2727 possunt
567 2617 732 2725 proauis
752 2616 975 2696 confitendis
995 2619 1153 2724 peccatis
1169 2619 1271 2696 adire
1286 2620 1385 2698 viros
1405 2619 1596 2728 religiosos
1616 2623 1817 2729 approbate

392 2749 584 2856 religionis
600 2749 840 2855 presbiteros,
861 2765 923 2824 aut
939 2750 1123 2826 seculares
1137 2749 1228 2827 alios
1248 2751 1477 2839 sacerdotes,
1493 2753 1588 2830 sicut
1596 2752 1814 2843 maluerint,

395 2899 432 2957 et
446 2880 589 2958 eisdem
608 2908 675 2957 sua
687 2895 867 2985 poterunt
880 2879 1038 2957 licenter
1058 2877 1226 2957 confiteri
1242 2897 1407 2985 peccata,
1429 2898 1466 2960 et
1481 2881 1527 2960 ab
1542 2883 1597 2962 eis
1610 2883 1668 2961 vel
1684 2911 1815 2962 eorum

395 3012 509 3090 altero
529 3010 757 3116 penitenciae
771 3011 936 3116 recipere
950 3011 1138 3090 salutares.

451 3143 510 3220 Ad
523 3139 759 3220 lxxv—lxm
775 3141 953 3220 articulos
972 3142 1166 3234 inclusive,
1186 3143 1387 3250 diligenter
1403 3162 1440 3222 et
1453 3143 1641 3251 sigillatim
1660 3148 1816 3225 interro

393 3289 514 3380 gatus,
542 3271 774 3381 respondens
794 3271 886 3348 dixit
908 3301 948 3349 se
974 3301 1044 3349 nec
1061 3273 1159 3377 vscire
1179 3301 1248 3352 nec
1273 3275 1426 3352 credere
1447 3300 1591 3352 errores
1610 3276 1813 3382 predictos,

393 3431 462 3482 nec
480 3401 643 3508 aliquem
663 3400 710 3478 de
730 3400 872 3478 eisdem
891 3428 971 3479 esse
991 3431 1061 3479 nec
1078 3401 1191 3482 fuisse
1207 3406 1245 3481 in
1264 3404 1397 3484 ordine
1412 3404 1641 3510 supradicto,
1657 3435 1729 3483 nee
1743 3435 1816 3484 cor-

393 3534 562 3610 reccione
583 3532 705 3638 aliqua
725 3533 866 3609 dictum
888 3533 1059 3610 ordinem
1082 3560 1152 3610 nec
1173 3536 1254 3640 ejus
1267 3534 1399 3613 fratres
1418 3534 1622 3641 indiguisse
1638 3564 1707 3614 nec
1722 3537 1816 3613 indi-

392 3679 497 3770 gere,
513 3693 583 3740 nec
602 3663 811 3773 oportuisse
831 3691 900 3739 nec
916 3691 1068 3741 neeesse
1089 3665 1201 3742 fuisse
1219 3665 1303 3743 illos
1323 3692 1467 3744 errores
1486 3666 1655 3742 nunciari
1674 3695 1742 3772 per
1758 3695 1816 3745 su-

393 3797 558 3901 periores
572 3796 663 3873 dicti
678 3796 838 3882 ordinis,
861 3824 931 3872 nec
944 3825 1012 3902 per
1028 3795 1191 3900 aliquem
1205 3796 1357 3874 fratrem
1377 3797 1458 3904 ejus
1473 3797 1636 3874 Ecclesie
1647 3798 1736 3886 Dei,
1747 3826 1813 3901 pro

395 3951 439 4000 eo
455 3925 560 4030 quod
575 3953 766 4032 nunquam
785 3925 875 4003 dicti
892 3951 1037 4002 errores
1052 3923 1165 4002 fuisse
1180 3925 1238 4001 vel
1258 3952 1337 4002 esse
1352 3927 1392 4000 in
1407 3924 1509 4002 dicto
1523 3925 1656 4002 ordine
1666 3924 1734 4002 scit
1747 3953 1814 4003 nec

395 4055 528 4146 credit3
545 4085 673 4134 verum
691 4083 761 4132 nec
776 4056 909 4161 corrigi
925 4083 996 4130 nec
1009 4055 1175 4131 nunciari
1186 4053 1351 4133 Ecclesia
1371 4083 1467 4162 opus
1480 4083 1576 4145 esse,
1595 4055 1641 4132 ab
1652 4083 1697 4132 eo
1713 4057 1814 4161 quod

394 4212 471 4262 non
491 4201 547 4262 est
563 4211 685 4290 neque
705 4183 792 4271 luit,
813 4211 883 4260 nec
903 4184 948 4262 ab
969 4213 1100 4264 eorum
1116 4185 1354 4264 observancia
1373 4184 1445 4262 luit
1463 4213 1614 4264 necesse
1626 4186 1812 4270 recedere,

395 4314 499 4421 quod
521 4312 668 4392 nullum
682 4313 836 4392 inicium
851 4276 1074 4392 babueiunt.
1096 4315 1155 4392 Ad
1173 4315 1214 4393 id
1241 4332 1367 4393 autem
1386 4316 1491 4423 quod
1512 4315 1651 4393 dicitur
1676 4317 1714 4392 in
1740 4343 1813 4392 nno

396 4445 443 4521 de
462 4443 624 4522 articulis
644 4444 881 4555 supradictis,
908 4462 951 4522 ut
970 4447 1127 4550 predicti
1152 4444 1283 4524 fratres
1308 4446 1347 4522 in
1371 4475 1437 4524 sua
1455 4445 1674 4552 recepcione
1688 4446 1816 4552 jurent

395 4575 592 4654 utilitatem
623 4592 661 4653 et
684 4593 924 4682 augmentum
952 4575 1041 4653 dieti
1067 4577 1210 4655 ordinis
1237 4604 1391 4683 quoque
1422 4575 1535 4654 modo
1558 4576 1651 4654 illud
1674 4576 1815 4655 valeant

394 4733 611 4811 procurare,
632 4707 837 4812 respondet
862 4707 966 4814 quod
987 4707 1119 4784 fratres
1142 4708 1270 4814 jurant
1302 4707 1403 4814 quod
1427 4709 1618 4786 neminem
1638 4706 1814 4785 Christia-

397 4864 487 4916 num
509 4837 704 4918 offendent
727 4837 885 4916 scienter
909 4865 978 4914 nec
1003 4839 1040 4913 in
1066 4837 1177 4918 bonis
1195 4865 1265 4914 nec
1289 4837 1404 4916 eciam
1432 4838 1470 4914 in
1494 4864 1668 4943 persona,
1691 4854 1729 4913 et
1753 4836 1814 4912 ali-
