4202 5876
703 498 897 590 esoces
923 515 1019 588 nes
1044 517 1349 590 senenses,
1662 515 1736 590 uss

315 656 365 762 pli
387 657 434 734 de
457 658 561 764 Aqua
584 659 671 736 Viva
695 656 949 736 Gerondensis
969 655 1144 747 diocesis,
1165 685 1233 764 per
1254 657 1406 734 fratrem
1425 657 1670 738 Guillelmum
1690 658 1738 735 de

314 787 466 866 Abelars
484 805 574 866 tunc
590 805 847 895 preceptorem
862 788 997 866 domus
1011 788 1129 868 Mansi
1144 789 1231 878 Dei,
1253 807 1290 866 et
1309 787 1434 866 nullus
1450 788 1544 867 alins
1558 788 1631 866 luit
1649 805 1739 866 tunc

314 947 443 997 secum
473 920 512 996 in
539 919 689 1024 fratrem
714 937 885 1026 receptus
910 918 1051 998 ordinis
1077 920 1252 1026 predicti,
1282 922 1321 996 in
1350 919 1446 998 sesto
1475 920 1738 998 Penthecostes

312 1051 479 1156 proxime
504 1050 632 1130 firtnro
658 1069 767 1128 erunt
789 1077 848 1130 xvi
876 1052 960 1128 enni
984 1051 1114 1158 elapsi,
1139 1049 1343 1129 astantibus
1367 1050 1438 1128 sibi
1457 1053 1524 1128 Ba.
1550 1050 1596 1127 de
1622 1053 1739 1128 Rora-

314 1208 432 1271 mora,
446 1183 665 1289 Raymundo
683 1180 729 1257 de
746 1182 879 1259 Sancto
894 1181 1005 1260 Aniol
1022 1181 1215 1270 militibus,
1231 1183 1271 1257 P.
1284 1179 1331 1257 de
1346 1180 1502 1288 Canoys,
1516 1180 1738 1288 Rnymundo

314 1311 473 1390 Comitis
492 1312 668 1390 iratribus
684 1312 851 1418 ejusdem
869 1312 1028 1402 ordinis,
1047 1329 1084 1390 et
1102 1312 1182 1390 aliis
1201 1310 1371 1418 pluribus
1388 1312 1513 1391 adbuc
1533 1311 1739 1390 viventibus

314 1459 352 1518 et
366 1441 561 1520 defunctis.

370 1573 506 1652 Modus
535 1590 660 1650 autem
680 1599 745 1650 sue
765 1572 994 1678 recepcionis
1016 1571 1087 1648 luit
1106 1573 1202 1652 sicut
1221 1573 1268 1652 de
1289 1601 1334 1652 co
1354 1572 1397 1648 lit
1416 1575 1558 1651 mentio
1579 1575 1619 1650 in
1638 1577 1737 1652 testi-

314 1703 488 1783 ficatione
512 1705 631 1811 prima
657 1703 770 1810 hujus
793 1703 1044 1808 inquisitionis
1062 1704 1156 1780 facta
1175 1732 1243 1809 per
1261 1703 1411 1782 fratrem
1431 1704 1737 1783 Bartholomeum

315 1833 362 1914 de
378 1838 498 1914 Turre
518 1835 670 1914 fratrem
689 1833 920 1940 capellanum
941 1833 1032 1911 dicti
1053 1833 1210 1923 ordinis,
1234 1851 1271 1910 et
1299 1833 1395 1910 sicut
1416 1835 1532 1912 series
1554 1835 1652 1912 dicte
1678 1865 1737 1913 re·

314 1967 497 2071 ccpcionis
527 1995 638 2072 quam
675 1982 819 2044 servant
842 1964 1065 2072 recipientes
1093 1982 1130 2042 et
1159 1966 1298 2070 recepti
1331 1967 1543 2043 continetur
1573 1963 1611 2041 in
1641 1965 1737 2044 libro

313 2113 537 2175 statutorum
566 2115 604 2174 et
635 2095 764 2207 regule
799 2096 885 2174 dicti
917 2096 1075 2187 ordinis,
1104 2123 1217 2204 quem
1250 2095 1372 2174 dictus
1403 2095 1517 2174 frater
1542 2095 1739 2174 Banholo-

313 2255 435 2318 meus,
454 2244 499 2305 ut
511 2226 644 2314 credit,
668 2226 836 2304 exhibuit
856 2244 894 2304 et
911 2225 1065 2304 tradidit
1084 2226 1184 2304 dicto
1200 2225 1356 2304 domino
1377 2225 1527 2303 Elnensi
1544 2227 1735 2333 episcopo,

313 2360 418 2466 cujus
446 2358 676 2464 recepcionis
711 2375 748 2434 et
776 2372 1000 2436 statutorum
1024 2357 1139 2434 series
1168 2358 1207 2433 in
1232 2357 1314 2463 ipso
1345 2354 1443 2435 libro
1475 2355 1585 2436 latius
1615 2359 1737 2462 expri-

313 2507 480 2568 muntnr.

369 2621 428 2698 Ad
453 2621 585 2700 lxxxvii
609 2637 646 2698 et
664 2620 811 2700 lxxxvur
831 2637 868 2697 et
888 2619 1064 2698 ultimum
1084 2620 1259 2698 articulos
1280 2620 1477 2727 diligenter
1497 2635 1534 2698 et
1552 2619 1737 2726 sigillatim
1763 2723 1767 2732 Ι

312 2753 574 2858 interrogatus,
603 2749 834 2858 respondens
859 2750 951 2828 dixit
975 2779 1014 2829 se
1040 2778 1110 2829 nec
1133 2752 1227 2828 scire
1250 2779 1318 2826 nec
1343 2749 1495 2827 credere
1521 2776 1665 2827 errores
1689 2750 1736 2828 de

313 2883 451 2990 quibus
465 2884 586 2990 agitur
599 2911 669 2960 nec
684 2909 911 2988 quemquam
932 2911 1062 2960 eornm
1077 2882 1116 2958 in
1138 2881 1269 2961 ordine
1288 2879 1435 2988 Templi
1452 2881 1652 2986 sumpsisse
1666 2882 1737 2958 ini-

313 3015 412 3090 cium
431 3040 501 3090 nec
518 3041 683 3119 unquam
703 3013 885 3118 originem
905 3012 1097 3103 habuisse,
1114 3041 1184 3089 nec
1198 3011 1292 3088 vidit
1304 3039 1373 3088 nec
1387 3011 1493 3088 scivit
1511 3039 1737 3119 quemquam

312 3144 543 3222 nec·audivit
560 3143 627 3250 qui
650 3143 770 3222 dictos
789 3169 934 3220 errores
953 3143 1063 3221 sciret
1078 3141 1137 3219 vel
1157 3141 1307 3220 vidisset
1327 3141 1579 3220 accendisset
1596 3142 1635 3218 in
1655 3143 1736 3248 ipso

266 3323 271 3336 ·
315 3273 446 3352 ordine
471 3273 681 3364 nominem
703 3289 740 3349 et
762 3273 848 3379 quia
877 3301 1070 3378 nunquam
1098 3273 1281 3379 originem
1304 3271 1534 3360 habuerunt,
1557 3271 1643 3350 ideo
1667 3299 1737 3350 nec

314 3405 362 3482 de
383 3431 491 3481 cansa
511 3431 642 3481 comm
661 3431 776 3511 quere
796 3402 937 3480 luerint
955 3431 1024 3480 nec
1041 3405 1090 3482 de
1110 3403 1191 3480 aliis
1211 3403 1500 3480 circumstanciis
1525 3399 1736 3480 testificatio

312 3551 448 3640 potest,
469 3533 695 3623 ntasseruit,
713 3532 797 3610 lieri
808 3534 855 3610 ab
866 3533 1013 3612 codem.
1031 3534 1102 3612 Ubi
1116 3551 1239 3612 autern
1254 3535 1373 3639 capita
1381 3533 1550 3638 predicta
1559 3530 1617 3608 vel
1626 3531 1737 3638 ydola
1792 3584 1794 3592 ,

313 3665 371 3741 vel
391 3691 522 3742 eorum
546 3663 699 3770 aliquod
722 3664 771 3740 sit
798 3664 856 3742 vel
882 3663 995 3742 fuerit
1013 3691 1180 3770 unquam
1199 3663 1238 3739 in
1257 3663 1357 3741 dicto
1378 3661 1510 3740 ordine
1529 3660 1588 3738 vel
1611 3660 1653 3738 iu
1672 3661 1738 3739 cli·

314 3822 388 3898 qua
400 3795 514 3870 domo
524 3795 584 3870 vel
592 3793 676 3870 loco
690 3793 787 3900 ejus,
805 3810 842 3869 et
851 3793 1010 3899 qualiter
1025 3795 1273 3900 deportentur
1286 3812 1323 3872 et
1340 3792 1608 3881 custodiantur,
1626 3809 1662 3869 et
1671 3819 1738 3897 per

314 3949 425 4028 quos,
444 3923 536 3998 dixit
555 3949 595 3999 sc
615 3923 764 4028 penitus
782 3922 950 4028 ignorare
970 3941 1007 4000 et
1022 3941 1192 4001 contenta
1210 3924 1250 4000 in
1268 3923 1320 4000 eis
1339 3923 1511 4000 universa
1535 3939 1573 3998 et
1593 3920 1736 4028 singula

313 4051 477 4130 totaliter
495 4051 599 4140 nulla
617 4080 716 4141 esse,
737 4053 833 4132 sicut
852 4053 891 4128 in
915 4053 1023 4158 ipsis,
1044 4053 1194 4132 duobus
1217 4051 1358 4130 ultimis
1383 4050 1547 4128 articulis
1562 4068 1649 4130 sunt
1674 4049 1738 4128 de·

313 4184 458 4290 scripte.

370 4315 491 4420 Super
518 4316 601 4394 aliis
625 4343 713 4394 vero
740 4333 817 4392 tem
845 4316 1134 4395 circumstanciis
1162 4317 1416 4424 predictorum
1437 4343 1554 4423 quam
1583 4312 1664 4392 aliis
1691 4312 1738 4390 de

313 4443 451 4551 quibus
469 4446 590 4523 visum
609 4445 680 4524 fnit
699 4445 980 4553 inquisitoribus
1000 4446 1217 4553 interrogari
1233 4447 1375 4524 debere
1390 4447 1491 4522 bunc
1505 4445 1657 4522 fratrem
1673 4443 1737 4550 qui

310 4573 459 4652 locutus
477 4592 547 4664 est,
570 4577 770 4682 requisitus
785 4592 823 4653 et
837 4575 1084 4682 interrogatus
1097 4575 1168 4654 luit
1179 4576 1390 4682 diligenter,
1409 4593 1447 4656 et
1458 4575 1565 4681 plura
1575 4573 1644 4652 alia
1663 4599 1739 4650 non

313 4705 474 4795 addidit,
497 4732 583 4783 cum
604 4707 706 4784 nulla
725 4706 794 4783 alia
810 4707 917 4794 sciat,
931 4723 975 4783 ut
994 4706 1099 4783 dixit.

397 4984 503 5044 esocis
518 5001 570 5044 ces
585 5001 756 5044 scaenicas.
768 5017 809 5028 -
826 5003 858 5044 ιι.
