4486 5890
751 515 947 606 raeces
972 531 1067 604 nas
1093 531 1397 604 reuertens
1719 531 1789 606 res

365 675 413 752 de
433 675 580 751 Mancio
603 672 870 764 servientibus,
894 673 1112 762 dellunctis;
1132 671 1303 778 plurium
1329 673 1616 780 reeepcionibus
1636 674 1731 750 dixit
1749 703 1788 750 se

365 832 441 882 non
469 803 645 899 adfuisse.
667 803 778 896 Item,
813 804 907 883 dixit
934 804 1040 912 quod
1066 803 1164 882 bene
1192 804 1371 882 credebat
1389 803 1645 882 ecclesiasticis
1672 831 1789 880 sacra-

365 934 519 1023 mentis,
532 951 573 1012 et
584 933 705 1012 credit
718 935 823 1040 quod
838 934 901 1012 alii
915 934 1047 1014 fratres
1062 935 1206 1014 ordinis
1226 934 1362 1014 eodem
1383 933 1499 1012 modo
1515 933 1730 1023 crederent,
1753 952 1791 1010 et

364 1065 468 1172 quod
488 1093 621 1176 eorum
642 1065 856 1144 sacerdotes
873 1065 1002 1144 debite
1023 1064 1332 1144 celebrarentrln
1358 1065 1629 1142 terminacione
1650 1067 1792 1171 capitu·

364 1193 489 1273 lorum
506 1193 787 1302 particularium
809 1213 847 1272 et
865 1196 1151 1304 provincialium
1173 1195 1314 1304 qnibns
1328 1195 1466 1286 adluit,
1483 1195 1577 1274 vidit
1599 1211 1637 1272 et
1650 1195 1793 1272 audivit

365 1324 471 1434 quod
487 1326 571 1403 laici
594 1325 769 1434 capitalia
788 1345 961 1406 tenentes
980 1325 1239 1420 absolvebant,
1265 1327 1489 1406 auctoritate
1511 1326 1656 1404 domini
1675 1326 1788 1431 Papo,

365 1455 495 1534 fratres
512 1455 656 1534 ordinis
675 1456 722 1533 ab
736 1455 1011 1535 inobedienciis
1026 1482 1179 1546 eorum,
1202 1473 1240 1533 et
1255 1455 1432 1534 dicebant
1446 1457 1551 1563 quod
1571 1455 1791 1562 depereatis
1915 1461 1919 1474 '

366 1585 522 1662 occultis
537 1585 810 1664 confiterentur
826 1585 1106 1677 sacerdotibust
1133 1601 1171 1664 et
1189 1586 1356 1691 predicta
1375 1586 1471 1663 vidit
1490 1585 1690 1662 etaudivit
1709 1585 1790 1660 fieri

365 1745 434 1824 per
458 1715 611 1794 fratrem
643 1719 684 1794 P.
713 1719 761 1794 de
793 1717 957 1806 Medito,
982 1716 1110 1794 locum
1127 1733 1322 1795 tenentem
1345 1716 1580 1822 preceptorise
1600 1715 1789 1801 Alternis,

366 1846 519 1956 quando
528 1846 682 1924 tenebat
696 1847 872 1954 capitulis
884 1848 923 1924 in
939 1847 1037 1925 dicta
1050 1847 1166 1925 domo
1183 1846 1231 1924 de
1241 1845 1418 1926 Marchia.
1431 1846 1647 1954 Requisitus
1662 1846 1710 1936 si,
1726 1873 1792 1950 per

366 1976 647 2055 absolucionem
674 1977 862 2054 dictorum
891 1978 1073 2056 laicorum
1097 1993 1135 2056 et
1150 1977 1420 2054 'remissionem
1445 1975 1631 2053 dictarum
1659 1975 1792 2052 inobe-
1852 2019 1859 2032 ·

367 2107 619 2200 dienciarnm‚
635 2105 771 2186 fratres
780 2107 928 2186 ordinis
938 2105 1140 2186 credebant
1153 2133 1233 2184 esee
1244 2105 1362 2184 abluti
1376 2135 1397 2182 a
1413 2106 1571 2212 peccatis
1583 2105 1793 2182 venialibus

366 2237 424 2314 vel
435 2232 665 2315 mortalibus
673 2266 718 2314 er
731 2236 1006 2315 inobedienciis
1016 2235 1352 2327 descendentibus,
1369 2235 1566 2343 respondit
1581 2238 1791 2314 accredere

365 2368 559 2476 quod-sic,
578 2369 669 2476 quia
683 2385 790 2446 erant
804 2367 1009 2474 simplices
1024 2369 1139 2454 Item,
1158 2366 1253 2444 dixit
1270 2367 1378 2474 quod
1397 2367 1437 2444 in
1452 2394 1586 2445 eorum
1607 2369 1792 2473 recepeio

366 2494 480 2576 nibus
487 2497 856 2606 jurabantordinem
870 2525 949 2578 non
962 2498 1076 2586 exire,
1094 2514 1132 2574 et
1143 2497 1250 2604 qnod
1262 2497 1392 2576 statim
1402 2525 1471 2604 pro
1488 2497 1663 2604 professis
1677 2497 1792 2575 habe-

365 2625 522 2718 bantur-3
539 2645 578 2704 et
590 2626 819 2704 clandestine
832 2625 1123 2734 recipiebantur,
1140 2624 1259 2703 nullis
1272 2626 1606 2732 presentibus-nisi
1616 2626 1792 2704 fratribus

367 2755 528 2847 ordinis,
544 2783 590 2834 ex
609 2783 686 2864 quo
706 2757 826 2834 credit
847 2756 954 2863 qnod
974 2772 1072 2833 esset
1087 2754 1250 2862 suspicio
1269 2772 1399 2833 contra
1414 2759 1560 2834 eossEt
1573 2755 1794 2863 frequenter

366 2883 438 2964 fnit
452 2887 614 2991 petitum
628 2885 736 2964 abeo.
748 2914 817 2993 per
828 2884 1014 2964 seculares
1027 2885 1131 2992 quod
1147 2884 1332 2988 reeelaret
1343 2886 1572 2964 eismodum
1587 2916 1655 2967 sue
1673 2917 1793 2994 recep

366 3015 500 3103 rionis,
513 3032 552 3093 et
565 3015 643 3122 ipse
658 3013 812 3093 nolebat
829 3016 884 3092 eis
895 3014 1071 3106 revelare,
1084 3013 1174 3122 quia
1181 3015 1371 3124 juraverat
1384 3043 1462 3094 non
1474 3016 1643 3094 revelare
1651 3037 1792 3098 secreta

367 3145 634 3252 capitulorum,
651 3144 741 3223 lieet
759 3146 807 3223 de
823 3145 940 3224 modo
955 3146 1194 3252 reeepcionis
1204 3173 1281 3224 non
1296 3145 1428 3226 fuisset
1443 3147 1537 3224 lacta
1552 3149 1700 3226 mencio
1716 3179 1794 3256 spe-

367 3273 486 3364 cialis,
501 3292 540 3353 et
556 3275 644 3382 quia
660 3275 782 3352 credit
795 3275 901 3382 quod
915 3276 947 3353 si
961 3276 1041 3383 ipse
1057 3275 1116 3353 vel
1130 3275 1225 3354 alins
1240 3275 1456 3370 revelasset,
1467 3278 1626 3387 graviter
1636 3281 1792 3386 punitus

364 3404 507 3484 firisset.
535 3405 593 3486 De
618 3405 797 3483 mandato
824 3406 1062 3512 superiorum
1091 3405 1348 3514 cingebantur,
1378 3418 1498 3514 super'
1516 3409 1684 3488 camisias
1709 3441 1795 3488 suas

365 3563 451 3612 cum
464 3535 606 3642 quibus
616 3533 809 3644 jacebant,
831 3533 999 3613 cordulis
1011 3535 1171 3642 sumptis
1185 3534 1503 3614 undevolebant,
1511 3537 1663 3646 Absque
1678 3540 1794 3618 licen·
1924 3629 1926 3634 ,

365 3665 420 3741 cia
440 3665 682 3771 superiorum
705 3692 784 3743 non
805 3679 979 3770 poterant
1000 3662 1083 3744 aliis
1103 3691 1217 3772 quarn
1239 3663 1498 3743 sacerdotibus
1517 3667 1661 3745 ordinis
1676 3673 1794 3746 confi·
1894 3771 1898 3776 .

364 3794 454 3883 teri,
481 3811 519 3872 et
543 3795 617 3872 hoc
644 3793 913 3902 injungebatur
939 3791 1096 3872 eisdem.
1117 3795 1266 3872 Fratres
1290 3793 1619 3874 scientoserrores
1638 3797 1793 3878 fuerunt

365 3923 599 4032 negligentes
616 3923 806 4031 quianon
823 3941 1065 4002 correxerunt
1091 3951 1156 4004 eos
1176 3951 1246 4002 nec
1267 3923 1591 4006 denunciaverunt
1610 3929 1790 4018 Feelesie,

366 4054 507 4134 dicens·
521 4054 600 4162 ipse
623 4053 731 4134 testis
754 4053 860 4162 quod
880 4071 1077 4162 peccatum
1098 4054 1291 4136 detinebat
1309 4083 1386 4134 eost
1408 4055 1643 4137 Elemosinas
1663 4079 1700 4138 et
1723 4063 1793 4140 he-

365 4184 607 4292 spitalitatem
624 4183 720 4264 vidit
734 4186 1002 4265 convenienter
1017 4186 1101 4264 lieri
1121 4203 1162 4266 et
1177 4188 1314 4266 servari
1328 4187 1369 4264 in
1387 4188 1569 4268 domibus
1588 4192 1734 4270 ordinis
1751 4195 1791 4269 in

365 4315 507 4425 quibus
526 4315 649 4394 estitit
670 4335 936 4398 commoratus
961 4316 1142 4398 Jnrabmt
1160 4345 1307 4397 serrare
1319 4320 1412 4428 jura.
1424 4321 1589 4398 ordinis:
1604 4323 1791 4428 Capitulis

364 4445 460 4524 vidit
476 4447 598 4526 teneri
619 4447 826 4554 aliqnando
848 4466 935 4526 ante
960 4475 1148 4540 auroram,
1169 4449 1299 4558 januis
1321 4449 1472 4564 clausis,
1499 4451 1616 4530 nullis
1640 4481 1795 4560 presen-

363 4575 551 4654 tibusnisi
563 4575 1228 4687 frmibnsordinis,etprevidebatur
1242 4580 1497 4660 neaudiretur
1511 4583 1675 4662 exterius
1682 4587 1790 4693 quod

365 4707 524 4786 interius
541 4708 731 4817 agebatur-a
760 4709 942 4789 &dicata
965 4735 1036 4818 per
1059 4711 1392 4820 Magistrumcum
1413 4716 1792 4796 comentueemabat

366 4839 478 4928 crdo,
497 4855 629 4918 contra
648 4867 763 4947 quem
783 4867 884 4918 nune
904 4841 1057 4950 gandia
1077 4841 1265 4935 scandala,
1291 4843 1454 4952 suspicio
1474 4860 1513 4922 et
1531 4844 1682 4925 inlemia
1702 4864 1792 4924 sunt
