4486 5890
754 531 950 622 procus
971 549 1067 622 uus
1093 549 1397 623 rennuens.
1715 555 1783 624 105

368 687 571 792 superioris
586 688 657 765 nisi
675 717 743 795 pro
758 690 892 768 arciori
903 690 1086 796 religione
1108 689 1167 766 vel
1186 691 1499 778 Certusiensium,
1514 690 1671 768 credens
1683 692 1785 796 quod

368 815 431 892 alii
446 815 548 893 idem
560 817 742 924 jurarent.
759 817 1000 897 Clandestine
1020 819 1307 926 recipiebantur,
1329 819 1445 896 nullis
1461 819 1699 924 presentibus
1714 821 1785 896 nisi

367 945 544 1024 fratribus
563 947 721 1038 ordinis,
744 977 788 1025 ex
805 977 880 1055 quo
896 950 1015 1026 credit
1034 948 1138 1054 quod
1159 967 1256 1026 esset
1275 949 1436 1056 suspicio
1452 968 1579 1026 contra
1601 976 1675 1026 eos.
1696 949 1788 1026 Cor-

368 1075 469 1154 dulis
480 1076 581 1154 unde
594 1077 768 1156 volebant
780 1080 979 1185 assumptis
992 1078 1238 1186 cingebantur
1250 1105 1362 1184 super
1372 1078 1539 1156 camisias
1552 1105 1636 1154 cum
1650 1078 1786 1183 quibus

362 1205 545 1312 jacebant.
562 1207 829 1315 injungebatur
841 1210 894 1286 eis
913 1237 982 1315 per
1000 1227 1273 1288 sacramentum
1288 1210 1393 1316 quod
1409 1238 1486 1288 non
1503 1209 1710 1287 revelarent
1729 1236 1786 1286 se-

367 1353 467 1414 creta
475 1337 743 1444 capitulorum,
757 1339 804 1416 de
815 1338 931 1416 modo
943 1339 1173 1444 recepcionis
1186 1340 1336 1446 speciali
1348 1368 1424 1418 non
1438 1340 1562 1417 habita
1575 1340 1783 1417 mencione.

368 1465 561 1557 Quamdiu
593 1465 732 1544 habere
765 1485 938 1572 poterant
964 1469 1177 1546 sacerdotes
1196 1470 1355 1556 ordinis,
1381 1496 1456 1546 non
1483 1467 1673 1546 debebant
1705 1468 1786 1544 aliis

369 1593 508 1698 absque
525 1621 656 1670 eorum
680 1594 836 1672 licencia
859 1597 1043 1674 confiteri.
1070 1597 1218 1673 Fratres
1241 1598 1401 1674 scientes
1426 1624 1572 1674 errores
1599 1596 1787 1698 predictos

364 1723 516 1800 luerunt
543 1722 775 1830 negligentes
800 1704 892 1832 quia
914 1753 989 1803 non
1016 1743 1258 1803 correxerunt
1282 1753 1346 1804 eos
1372 1754 1441 1804 nec
1462 1726 1784 1803 denunciaverunt

366 1851 542 1928 Ecclesie.
576 1851 808 1930 Elemosinas
838 1872 874 1931 et
906 1854 1197 1960 hospitalitatem
1226 1853 1322 1930 vidit
1350 1855 1615 1931 convenienter
1640 1853 1722 1930 lieri
1749 1871 1786 1930 et

366 1981 501 2058 servari
527 1983 566 2056 in
584 1982 763 2064 domibus
787 1985 931 2060 ordinis
954 1985 993 2059 in
1017 1983 1156 2090 quibus
1182 1984 1321 2062 exstitit
1345 2001 1617 2072 commoratus,
1650 2000 1689 2060 et
1718 2011 1787 2089 per

365 2112 576 2217 predictum
596 2113 747 2188 fratrem
768 2112 977 2190 Jobaunem
996 2113 1043 2192 de
1059 2115 1195 2191 Sancto
1210 2113 1415 2192 Benedicto
1428 2113 1501 2190 luit
1517 2114 1551 2190 ei
1566 2129 1784 2218 preceptum

366 2242 471 2347 quod
489 2243 604 2319 dictas
624 2243 846 2321 elemosinas
862 2261 900 2320 et
913 2244 1208 2350 hospitalitatem
1229 2244 1327 2322 bene
1343 2260 1505 2321 servaret
1519 2244 1558 2318 in
1574 2243 1785 2349 periculum

366 2373 490 2448 anime
506 2399 584 2448 sue.
605 2373 828 2479 Preceptum
847 2374 919 2450 luit
937 2375 972 2449 ei
988 2373 1094 2478 quod
1113 2373 1237 2450 modis
1253 2372 1390 2450 debitis
1408 2387 1627 2478 procuraret
1641 2371 1785 2447 ordinis

366 2499 652 2576 incrementum.
683 2501 812 2576 Credit
836 2502 941 2605 quod
962 2502 1059 2576 illud
1082 2501 1186 2605 quod
1211 2529 1368 2605 magnus
1391 2499 1566 2608 Magister
1590 2530 1674 2578 cum
1696 2529 1786 2579 cou-

366 2645 480 2704 ventu
503 2627 713 2706 ordinasset
741 2646 919 2707 servasset
943 2646 1045 2706 totus
1071 2630 1181 2716 ordo,
1215 2646 1342 2705 contra
1368 2657 1481 2736 quem
1507 2657 1608 2708 nunc
1632 2631 1785 2738 grandia

365 2756 555 2844 scandala,
571 2758 733 2864 suspicio
746 2775 785 2834 et
798 2756 950 2834 infamia
965 2775 1053 2834 sunt
1065 2775 1209 2848 exorta3
1231 2759 1338 2866 cujus
1356 2757 1533 2838 iratribus
1551 2760 1670 2838 credit
1682 2763 1783 2866 quod

366 2903 491 2964 essent
509 2903 598 2964 uota
611 2887 819 2964 confessata
837 2915 906 2993 per
921 2915 1034 2964 eum:
1055 2915 1130 2993 que
1151 2915 1227 2964 non
1249 2888 1426 2994 deposuit
1441 2916 1570 2994 prece,
1591 2907 1782 2994 precepto,

365 3017 519 3103 timore,
535 3043 679 3109 amore,
697 3017 799 3106 odio,
816 3017 874 3095 vel
888 3017 1087 3122 temporali
1104 3009 1265 3094 comodo
1288 3016 1415 3094 habito
1435 3017 1493 3095 vel
1509 3018 1701 3104 habendo,
1719 3020 1786 3094 sed

366 3173 435 3250 pro
446 3145 600 3223 veritate
617 3146 792 3236 dicenda,
814 3163 858 3224 ut
871 3147 984 3234 dircite
1005 3147 1065 3223 cui
1078 3145 1150 3224 luit
1164 3146 1373 3255 injunctum
1390 3147 1494 3253 quod
1509 3175 1585 3224 non
1606 3146 1786 3224 revelaret

368 3275 463 3350 banc
476 3303 580 3351 suam
603 3275 900 3380 deposicionem,
922 3303 1119 3382 quousque
1140 3277 1398 3354 attestationes
1416 3275 1558 3353 luerint
1576 3275 1783 3381 publicate;

366 3421 458 3480 etse
478 3431 555 3482 non
575 3404 766 3483 obtulerat
782 3406 830 3483 ad
845 3405 1119 3483 deffensionem
1141 3406 1295 3482 ordinis.

422 3670 551 3744 Frater
580 3669 803 3775 Raynaudus
823 3668 997 3746 Larcbier
1016 3669 1200 3755 serviens,
1222 3669 1456 3746 Turonensis
1480 3667 1656 3758 diocesis,
1681 3669 1787 3744 testis

366 3826 477 3904 supra
486 3798 652 3904 juratus,
672 3799 824 3904 triginta
849 3815 933 3876 octo
954 3825 1139 3876 annorum
1160 3797 1215 3876 vel
1238 3798 1349 3889 circa,
1376 3823 1453 3874 non
1472 3795 1660 3874 defferens
1680 3825 1786 3872 man-

366 3927 502 4005 tellum
525 3927 684 4016 ordinis,
701 3928 788 4033 quia
817 3928 940 4034 ipsum
961 3927 1156 4004 dimiserat
1174 3942 1355 4004 vetustate
1375 3943 1658 4033 consumptum,
1684 3943 1786 4032 post-

369 4059 526 4135 modum
547 4059 627 4136 radi
648 4059 785 4136 lecerat
805 4057 876 4135 sibi
896 4059 1068 4146 barbam,
1086 4087 1173 4135 cum
1193 4085 1270 4164 quo
1286 4057 1509 4164 inquisitum
1528 4055 1666 4147 luerat,
1683 4056 1787 4133 abso-

367 4188 469 4265 lutus
488 4205 526 4265 ct
541 4188 804 4266 reconciliatus
820 4216 887 4294 per
901 4187 1099 4266 officialem
1118 4189 1388 4279 Pictavensem,
1409 4186 1514 4263 lectis
1531 4203 1569 4262 et
1586 4185 1787 4293 diligenter

368 4316 543 4423 expositis
566 4319 637 4396 sibi
659 4318 837 4396 omnibus
859 4334 897 4396 et
920 4319 1077 4426 singulis
1099 4316 1281 4406 articulis,
1307 4315 1580 4422 protestacione
1606 4315 1788 4421 premissa

367 4447 471 4552 quod
483 4474 560 4523 non
575 4447 736 4526 intendit
758 4449 932 4526 recedere
953 4477 974 4524 a
994 4447 1233 4554 deposicione
1249 4473 1417 4550 pereum
1435 4445 1527 4522 sacta
1543 4472 1668 4522 coram
1684 4445 1785 4522 dicto

369 4573 534 4664 officiali,
557 4577 751 4681 respondit
780 4577 885 4682 quod
912 4604 988 4653 non
1013 4577 1156 4653 viderat
1178 4575 1293 4678 recipi
1315 4575 1354 4650 in
1378 4573 1512 4652 ordine
1538 4572 1608 4650 nisi
1634 4573 1786 4650 fratrem

368 4705 560 4782 Nicolaum
582 4705 737 4784 Russelli
753 4707 993 4794 servientem,
1016 4705 1266 4794 deffunctum,
1288 4730 1403 4810 qarem
1418 4702 1560 4808 recepit
1576 4701 1689 4778 irater
1703 4703 1787 4779 Ste-

367 4835 517 4940 phanus
534 4835 658 4912 Enrici
679 4837 889 4942 vendam,
908 4854 999 4913 tuuc
1016 4852 1214 4942 preceptor
1241 4834 1379 4912 domus
1399 4832 1548 4940 Templi
1571 4831 1619 4910 de
1638 4830 1785 4910 Clisson

454 4970 562 5034 eneces
583 4992 636 5034 urs
659 4992 922 5034 nurerum-n.
1604 4971 1639 5036 11
