4210 5882
597 535 599 540 ’
690 539 887 636 rnoous
912 505 1009 634 ons
1035 561 1334 637 Tuurmeus
1655 567 1729 640 ess

301 734 493 815 parcerem
507 704 575 783 tibi
597 704 637 781 in
658 704 744 785 hoc.
760 743 772 772 ι
789 705 837 782 Et
853 721 945 782 tunc
963 702 1043 810 ipse
1056 705 1122 812 qui
1138 705 1305 813 loquitur
1323 705 1494 812 promisit
1511 705 1584 783 sibi
1603 706 1676 784 hoc
1694 725 1731 784 et

296 838 450 946 juravit,
477 854 514 914 et
532 853 622 914 tunc
640 835 808 942 pepercit
827 833 896 912 sibi
918 833 991 913 boc
1015 835 1116 913 salvo
1136 837 1259 944 quod,
1290 853 1466 942 cooperta
1488 865 1596 916 cruce
1616 866 1731 916 manu

302 969 393 1047 dicti
416 967 646 1076 recipientis,
668 966 757 1046 iecit
779 995 869 1045 etun
888 995 1022 1074 spuere
1048 996 1159 1075 supra
1184 997 1348 1048 manum.
1377 968 1590 1075 Requisitus
1615 999 1729 1076 quere

301 1100 420 1178 credit
433 1099 539 1206 quod
557 1099 784 1206 pepercisset
798 1096 886 1188 sibi,
917 1097 1010 1176 dixit
1022 1098 1127 1205 quod
1150 1100 1292 1206 ipscet
1311 1099 1502 1206 predictus
1529 1100 1731 1178 avunculus

300 1259 407 1348 suus,
424 1231 489 1339 qui
506 1247 584 1307 erat
599 1229 791 1308 familiaris
811 1229 910 1336 regis
929 1227 1078 1336 imglis,
1099 1229 1217 1307 multa
1231 1230 1383 1308 servicia
1399 1229 1564 1308 fecerant
1584 1231 1655 1336 ipsi
1673 1262 1732 1308 re·-

301 1362 470 1469 cipienti,
488 1380 525 1440 et
533 1361 712 1467 precipue
727 1361 806 1467 ipse
819 1360 884 1466 qui
900 1359 1084 1466 loquitur,
1102 1361 1167 1467 qui
1183 1363 1280 1440 inter
1295 1361 1446 1438 servicia
1462 1360 1605 1468 pluries
1618 1362 1731 1440 intro-

296 1489 456 1572 duxerat
469 1521 557 1570 eum
570 1493 611 1569 in
625 1519 770 1570 camera
785 1491 874 1568 dicti
887 1491 985 1598 regis
1000 1491 1150 1598 Anglie,
1167 1493 1318 1598 quando
1333 1489 1629 1588 habebatsacere
1643 1523 1730 1570 cum

300 1652 363 1713 eo,
381 1642 424 1702 et·
433 1625 582 1702 racione
594 1622 798 1730 juramenti
813 1622 918 1728 quod
935 1621 1076 1700 fecerat
1086 1651 1126 1700 se
1147 1623 1337 1700 dicturum
1355 1623 1461 1729 quod
1477 1621 1642 1728 predicta
1657 1625 1729 1701 sibi

300 1756 464 1863 injuncta
476 1755 635 1832 fecisset.
650 1753 864 1859 Requisitus
873 1753 1153 1859 quaretardavit
1163 1753 1288 1831 dicere
1297 1771 1457 1843 tantum,
1469 1753 1559 1859 quia
1574 1753 1664 1832 alias
1676 1784 1730 1835 re·
1761 1757 1764 1764 ⁴

299 1885 593 1992 quisitussuerat
607 1886 732 1962 dicere
754 1885 960 1973 veritatem,
978 1885 1070 1962 dixit
1088 1887 1194 1991 quod
1207 1913 1276 1991 pro
1290 1915 1336 1965 eo
1350 1888 1439 1992 quia
1455 1886 1503 1963 de
1524 1885 1623 1966 dicto
1644 1917 1730 1993 pso

299 2035 380 2096 cato
394 2017 517 2094 fuerat
533 2015 725 2094 confessus
746 2015 896 2093 cuidam
916 2015 1111 2122 capellano
1132 2017 1222 2094 dicti
1238 2017 1399 2105 ordinis,
1418 2035 1455 2096 et
1475 2018 1594 2094 eciam
1608 2017 1731 2096 suerat

299 2149 501 2226 contrictos
517 2147 740 2253 depeccato,
761 2163 799 2224 et
813 2146 990 2226 credebat
1004 2175 1084 2226 esse
1099 2148 1278 2226 veraciter
1287 2167 1325 2226 et
1333 2148 1500 2254 plenarie
1516 2148 1726 2240 absolutus,

241 2383 243 2388 Ι
299 2279 387 2386 quia
406 2277 544 2356 dicitur
564 2294 603 2355 et
619 2295 770 2356 tenetur
784 2278 823 2354 in
839 2277 973 2370 ordine
989 2279 1093 2386 quod
1113 2279 1161 2355 de
1180 2278 1376 2386 privilegio
1392 2280 1502 2357 Sedis
1514 2280 1728 2387 Apostolice

299 2409 479 2516 capellani
501 2409 590 2486 dicti
611 2409 755 2487 ordinis
769 2408 910 2488 habent
919 2426 1140 2515 potestatem
1161 2409 1379 2489 absolvendi
1394 2409 1528 2490 fratres
1541 2441 1562 2488 a
1577 2411 1730 2519 quibus·

299 2568 460 2647 cumque
475 2540 651 2646 peccatis,
669 2558 706 2616 et
716 2541 819 2646 quod
832 2539 1009 2618 credebat
1018 2541 1124 2648 quod
1135 2543 1292 2649 predicti
1309 2569 1455 2620 errores
1469 2561 1593 2622 essent
1603 2571 1730 2620 emen-

299 2670 375 2748 dati
401 2689 439 2748 et
454 2672 571 2750 amoti
596 2671 644 2748 de
665 2671 816 2761 ordine,
843 2671 901 2748 vel
921 2671 1104 2750 deberent
1122 2674 1285 2751 breviter
1309 2675 1483 2750 mnoveri.
1513 2675 1729 2780 Requisitus

299 2819 426 2880 utrum
448 2802 594 2909 aliquos
610 2801 740 2880 fratres
760 2800 866 2891 fecit,
883 2802 975 2879 dixit
994 2801 1098 2909 quod
1113 2831 1252 2909 paucos
1272 2804 1360 2881 fecit
1371 2832 1486 2881 mauu
1504 2806 1673 2910 propria,
1692 2823 1729 2882 et

299 2934 391 3012 dixit
409 2933 515 3041 quod
529 2961 668 3040 paucos
682 2931 771 3010 fecit
783 2950 936 3038 propter
948 2933 1250 3015 inconveniencia
1264 2935 1432 3040 predicta
1447 2963 1520 3042 que
1532 2937 1729 3041 oportebat

297 3065 381 3142 fieri
395 3065 434 3142 in
452 3065 673 3170 recepcione
694 3091 843 3154 eorum3
859 3081 896 3140 et
909 3079 1062 3169 pmpter
1081 3063 1171 3152 hoc,
1188 3080 1389 3170 postquam
1416 3086 1649 3144 concesserat
1674 3069 1729 3144 eis
1824 3047 1829 3058 ¹

298 3193 486 3284 ordinem,
499 3193 732 3274 faciebateos
742 3194 857 3298 recipi
869 3222 937 3300 per
947 3193 1129 3300 quosdam
1145 3213 1383 3300 preceptores
1397 3212 1434 3272 et
1447 3197 1540 3274 alios
1558 3197 1629 3274 sihi
1644 3198 1728 3275 sub·

298 3326 408 3404 ditos.
429 3325 534 3404 Dixit
549 3343 677 3402 tamen
697 3352 765 3430 per
778 3325 1035 3431 juramentum
1055 3353 1168 3402 suum
1187 3325 1295 3432 quod
1314 3355 1430 3405 manu
1453 3330 1727 3435 propriaquin-

297 3485 371 3565 que
398 3457 536 3535 milites
561 3455 657 3533 fecit.
685 3455 899 3562 Requisitus
919 3472 1048 3532 utrum
1064 3454 1195 3533 fecerit
1214 3456 1268 3534 eis
1287 3457 1472 3564 abnegare
1497 3459 1725 3536 Crucifixum

298 3606 335 3664 et
350 3617 485 3696 spuere
512 3615 624 3694 supra
639 3614 808 3676 crucem,
833 3587 925 3664 dixit
943 3588 1273 3694 perjuramentum
1298 3616 1410 3665 suum
1433 3590 1535 3695 quod
1559 3593 1728 3696 pepercit

297 3721 351 3797 eis
373 3747 418 3798 eo
439 3718 554 3796 modo
570 3745 647 3824 quo
672 3717 736 3796 ille
751 3719 816 3825 qui
837 3735 1029 3826 receperat
1043 3747 1131 3796 eum
1157 3719 1230 3796 sihi
1254 3739 1488 3827 pepercerat,
1512 3737 1549 3798 et
1567 3722 1725 3827 contigit

296 3851 513 3957 quodcum
542 3849 705 3957 quadam
730 3850 792 3927 die
817 3865 914 3928 esset
932 3850 972 3927 in
995 3850 1156 3954 quadam
1184 3849 1323 3958 capella
1343 3868 1386 3929 ut
1408 3851 1555 3930 audiret
1572 3853 1723 3930 missam

296 4010 317 4058 a
335 3982 501 4088 quodam
520 3980 630 4059 fratre
650 3997 779 4059 vocato
792 3981 999 4072 Beruardo,
1018 3981 1198 4060 existente
1214 3983 1262 4060 de
1278 3983 1379 4062 dicto
1395 3983 1545 4072 ordine,
1567 3984 1632 4090 qui
1643 3985 1721 4091 jam

297 4129 375 4189 erat
398 4111 576 4190 inductus
597 4111 697 4200 alba,
725 4127 764 4188 et
786 4112 1001 4218 expectabat
1025 4111 1141 4191 alium
1161 4111 1331 4202 fratrem,
1359 4132 1401 4192 ut
1420 4114 1556 4204 credit,
1582 4133 1624 4192 ut
1639 4143 1725 4191 con-

296 4239 466 4322 fiteretur
484 4242 571 4332 sibi,
596 4242 699 4320 idem
715 4243 828 4322 frater
840 4244 1055 4322 Bernardus
1073 4245 1203 4322 videns
1218 4247 1341 4352 ipsum
1356 4245 1423 4354 qui
1434 4245 1615 4353 loquitur,
1629 4247 1724 4323 dixit

296 4373 366 4450 sibi
381 4406 388 4450 :
405 4374 610 4464 «Domine,
628 4373 749 4450 sciatis
768 4373 874 4480 quod
893 4376 1056 4481 quedam
1075 4377 1306 4456 machinacio
1325 4377 1368 4456 fit
1388 4395 1514 4456 contra
1531 4407 1611 4468 vos,
1633 4379 1723 4485 quia

290 4504 368 4611 jam
391 4505 601 4584 estfactum
623 4505 815 4611 quoddam
836 4506 1014 4612 scriptum
1038 4507 1078 4583 in
1104 4536 1181 4613 quo
1205 4509 1404 4587 mandatur
1429 4526 1468 4586 et
1490 4509 1724 4616 significatur

296 4636 472 4744 Magistro
487 4637 629 4714 ordinis
640 4636 882 4744 etaliisquod
896 4638 936 4715 in
954 4639 1173 4745 recipiendo
1193 4637 1324 4718 fratres
1338 4641 1480 4719 ordinis
1500 4669 1578 4720 non
1599 4642 1724 4719 obser-

296 4768 387 4845 vatis
406 4769 564 4846 modum
579 4797 692 4874 quem
713 4769 907 4848 observare
923 4769 1078 4848 debetis.
1098 4807 1111 4839 υ
1131 4771 1179 4848 Et
1194 4789 1286 4848 tunc
1301 4772 1472 4880 cogitavit
1489 4775 1569 4878 ipse
1588 4772 1653 4880 qui
1669 4772 1724 4849 lo·

296 4901 426 5005 quitur
441 4899 546 5006 quod
560 4918 638 4978 erat
648 4917 803 5006 propter
817 4901 888 4979 hoc
901 4901 1003 5010 quod
1022 4903 1072 4980 ita
1086 4920 1304 5009 pepercerat
1317 4905 1497 5009 predictis
1512 4931 1606 5010 quos
1618 4931 1723 4982 rece-
