4242 5890
626 530 631 540 ¹
698 507 893 604 rnocns
920 529 1016 634 ons
1041 529 1345 602 rnurmuns.
1659 531 1733 604 ssa

368 671 460 748 Item
472 667 564 756 dixit
579 693 647 773 per
661 668 921 773 juramentum
933 669 1102 777 quodsi,
1123 669 1180 750 vel
1195 686 1300 750 metu
1319 669 1475 748 carceris
1492 685 1557 746 aut
1568 684 1734 748 tormen-
1841 697 1843 706 ⁴

310 816 453 884 torum,
474 825 552 876 uon
574 799 668 876 dixit
687 799 792 888 aliud
811 828 925 907 quem
944 801 1245 890 ceninenses
1264 802 1303 876 in
1324 799 1514 905 premissis
1533 800 1737 880 immiscuit

312 929 475 1036 aliquam
493 930 708 1019 falsitatem,
723 948 788 1008 aut
803 931 984 1013 subticuit
998 932 1206 1019 veritatem,
1220 949 1258 1009 et
1275 930 1380 1036 quod
1395 958 1529 1035 puram
1545 932 1736 1011 veritatem

313 1059 404 1136 dixit
422 1088 491 1166 pro
511 1059 629 1140 salute
647 1061 771 1141 anime
792 1090 871 1152 sne.

368 1193 479 1268 Facta
503 1207 737 1278 autemsunt
757 1191 1008 1280 confessiones
1027 1217 1095 1280 seu
1115 1191 1373 1295 depositiones
1393 1192 1463 1268 hec
1482 1218 1503 1272 a
1520 1190 1628 1274 dictis
1645 1219 1737 1296 qua-

313 1337 403 1398 tuor
421 1318 597 1405 fratribus
610 1320 796 1410 lobanne,
817 1319 1003 1409 lobanne,
1026 1320 1224 1425 Radulphc
1245 1339 1284 1398 et
1300 1322 1411 1398 Petro
1433 1319 1577 1404 ordinis
1598 1319 1736 1399 milicie

312 1447 479 1554 Templi,
495 1447 719 1553 juramentis
734 1450 839 1556 prius
858 1451 904 1532 ab
923 1451 976 1530 eis
991 1467 1033 1528 ut
1053 1451 1281 1555 premittitur
1300 1449 1478 1557 prestitis,
1501 1447 1677 1536 Parisios,
1696 1452 1735 1529 in

314 1576 490 1657 domibus
504 1579 796 1686 Templi,anno,
812 1580 1018 1670 indicione,
1031 1579 1267 1686 pontificatu,
1287 1607 1387 1658 anno
1408 1597 1447 1658 et
1466 1579 1527 1656 die
1541 1579 1735 1685 predictis,

313 1709 549 1812 presentibus
572 1707 750 1795 fratribus
772 1713 927 1790 Terrico
952 1711 1000 1793 de
1022 1710 1182 1801 Amella,
1209 1711 1398 1790 Bernardo
1420 1711 1466 1786 de
1487 1709 1678 1788 Molartiec
1700 1728 1738 1786 et

313 1839 518 1944 Reginaldo
539 1841 586 1918 de
610 1841 723 1918 lardo
748 1842 891 1923 ordinis
910 1843 1064 1923 fratrum
1084 1841 1382 1932 Predicatorum‚
1410 1840 1569 1930 testibus
1588 1841 1635 1918 ad
1655 1870 1740 1945 pre-

211 2043 217 2052 .
313 1969 423 2053 missa
441 1969 576 2048 vocatis
596 1985 633 2048 et
651 1970 798 2075 rogatis.

369 2231 418 2307 Et
438 2255 507 2337 ego
527 2229 689 2309 Amisius
704 2230 752 2311 de
771 2230 973 2321 Aureliano
989 2231 1112 2310 dictus
1131 2231 1166 2307 le
1189 2229 1300 2318 Ratis,
1323 2231 1492 2318 clericus,
1510 2249 1739 2318 sacrosancta

316 2359 480 2437 Romane
505 2359 660 2447 ecclesie
686 2361 904 2450 auctoritate
928 2360 1095 2450 notarius
1116 2357 1303 2464 publicus,
1325 2359 1518 2466 premissis
1537 2357 1740 2442 confessic-

316 2487 427 2567 nibus
454 2502 490 2563 et
513 2488 691 2566 omnibus
712 2489 811 2578 aliis,
837 2506 950 2593 prout
975 2489 1015 2566 in
1033 2490 1102 2578 bac
1129 2505 1167 2565 et
1189 2489 1478 2596 precedentibus
1497 2489 1612 2595 peciis
1631 2489 1739 2596 signo

317 2645 403 2696 meo
422 2619 573 2724 signatis
588 2620 838 2708 continentur,
859 2647 1036 2701 unacum
1060 2623 1315 2727 suprascriptis
1332 2622 1490 2703 testibus
1507 2640 1545 2700 et
1563 2623 1739 2729 magistro

317 2745 499 2828 Gaulrido
517 2749 708 2855 Enguelor
726 2749 826 2828 dicto
850 2750 1011 2857 Chalop,
1035 2750 1189 2855 publico
1209 2753 1370 2840 notario,
1396 2779 1549 2857 presens
1568 2752 1739 2841 interlui,

318 2904 376 2966 ac,
398 2877 447 2954 de
468 2879 644 2959 mandato
665 2879 754 2959 dicti
774 2879 1034 2970 commissarii,
1050 2879 1470 2968 huicinstrmnentome
1483 2882 1685 2987 subscripsi
1701 2885 1742 2960 in

318 3008 575 3096 testimoninm
586 3009 871 3114 premissorum,
884 3009 1055 3116 illudque
1073 3011 1180 3119 signo
1200 3038 1287 3091 meo
1302 3011 1411 3092 solito
1427 3011 1562 3118 signavi
1579 3029 1740 3120 rogatus.

375 3269 423 3345 Et
446 3296 515 3375 ego
538 3267 740 3348 Gaulridus
752 3269 948 3376 ‚Enguelor
968 3271 1090 3350 dictus
1109 3270 1269 3376 Cbalop,
1287 3271 1444 3350 clericus
1460 3271 1636 3358 Dolensis
1659 3273 1743 3358 dio-

321 3399 429 3487 cesis,
451 3398 651 3504 apostolica
670 3401 886 3490 auctoritate
907 3400 1074 3479 notarius
1093 3400 1286 3505 publicus,
1307 3402 1498 3505 premissis
1512 3402 1690 3486 omnibus
1707 3421 1747 3482 et

321 3527 476 3633 singulis
495 3529 534 3604 in
554 3528 623 3606 bac
638 3545 676 3606 et
689 3530 905 3636 precedenti
924 3529 1040 3636 peciis
1053 3529 1166 3607 simul
1183 3531 1276 3607 sutis
1292 3548 1330 3608 et
1348 3530 1455 3636 signo
1470 3559 1558 3609 meo
1573 3532 1743 3638 signatis,

322 3684 491 3764 presens,
511 3685 689 3738 unacum
707 3659 808 3737 dicto
822 3659 997 3767 magistro
1014 3657 1154 3750 Amisio
1175 3659 1322 3739 notario
1337 3658 1506 3766 publico,
1531 3677 1568 3738 et
1586 3661 1745 3743 testibus

322 3787 595 3894 suprascriptis,
615 3788 785 3878 interlui,
808 3817 869 3868 me
884 3789 1101 3895 subscripsi,
1118 3806 1157 3867 et
1170 3790 1318 3896 siguum
1335 3817 1464 3876 meum
1481 3791 1636 3898 apposui
1655 3818 1743 3875 con-

323 3935 472 4012 suetum
490 3937 641 4002 vocatus
662 3935 700 3998 et
719 3937 880 4028 rogatus.

379 4182 421 4256 ln
430 4181 582 4260 nomine
590 4181 746 4260 Domini
759 4206 882 4263 unen.
894 4181 1213 4272 Pateatuniversis
1222 4181 1374 4287 perhoc
1385 4207 1540 4288 presens.
1551 4180 1746 4288 publicum

324 4310 632 4399 instrumentum,
653 4311 758 4417 quod
777 4337 874 4390 anno
893 4310 1046 4401 Domini
1065 4311 1265 4402 millesimo
1285 4312 1549 4393 trecentesimo
1568 4312 1744 4418 septimo,

325 4438 515 4521 indicione
530 4455 647 4528 sexta,
668 4438 907 4545 pontificatus
921 4440 1143 4528 sanctissimi
1164 4442 1278 4548 patris
1293 4441 1491 4530 etdomini
1507 4441 1651 4530 domini
1665 4442 1750 4522 Cle-

326 4571 466 4649 mentis
486 4570 609 4648 divina
627 4570 868 4662 Providepcia
891 4596 1011 4678 pappe
1036 4571 1158 4678 quinti
1187 4599 1286 4651 anno
1319 4572 1502 4662 secundo,
1538 4573 1653 4660 tercia
1687 4572 1749 4652 die

324 4699 553 4796 novembris,
582 4700 808 4810 inreligiosi
832 4717 870 4780 st
894 4688 1055 4782 bonesti·
1071 4702 1139 4780 viri
1162 4701 1284 4822 fratris
1307 4703 1448 4782 Nicolai
1478 4703 1526 4782 de
1551 4703 1749 4783 Ancssiaco

327 4830 472 4910 ordinis
487 4831 782 4922 predicatorum,
802 4833 1045 4916 commissarii
1063 4833 1186 4914 lratria
1207 4833 1400 4924 Guillelmi
1419 4835 1466 4921 de
1484 4835 1645 4914 Parisios
1660 4831 1750 4913 dicti

1516 4981 1565 5048 ltd.
