4208 5886
682 521 882 615 esoces
913 537 1011 612 nes
1042 535 1351 613 ruurmans.
1656 539 1726 614 193

296 681 377 792 pud
396 679 503 788 quod
525 696 604 758 erat
623 707 737 789 super
761 680 876 761 altare
898 680 997 760 dicte
1017 708 1129 788 parve
1150 678 1291 788 capelle
1312 679 1496 787 positum,
1521 677 1642 756 nescit
1660 707 1728 785 per

294 841 429 922 quem,
445 811 554 921 juxta
573 813 807 891 santuarium
828 831 866 893 et
885 811 1033 892 vascula
1055 811 1319 919 reliquiarum,
1338 829 1375 889 et
1397 809 1491 889 dixit
1510 807 1545 887 ei
1561 810 1666 916 quod
1686 810 1726 886 in

294 943 581 1022 necessitatibus
607 943 685 1022 suis
712 944 902 1023 invocaret
933 945 1077 1022 dictum
1106 942 1241 1050 capud.
1270 941 1486 1048 Requisitus
1515 938 1626 1047 quale
1650 955 1728 1016 erat

295 1074 439 1153 dictum
462 1073 599 1180 capud,
621 1073 716 1152 dixit
734 1075 840 1184 quod
861 1093 941 1154 erat
953 1077 1001 1154 ad
1020 1076 1136 1152 instar
1156 1072 1286 1178 capitis
1302 1070 1452 1179 Templi
1475 1098 1562 1147 cum
1585 1069 1727 1148 birreto

296 1223 335 1284 et
347 1204 464 1284 barba
483 1233 574 1282 cana
589 1221 627 1282 et
640 1205 768 1314 longa,
790 1206 858 1284 sed
874 1233 953 1284 non
966 1205 1040 1283 luit
1052 1202 1289 1314 ymaginatus
1300 1203 1331 1280 si
1345 1203 1488 1280 dictum
1511 1201 1634 1306 capud
1649 1217 1728 1278 erat

296 1333 550 1425 metallinam,
565 1334 744 1444 ligneum,
758 1335 817 1414 vel
837 1363 1000 1424 osseum,
1018 1335 1074 1413 vel
1090 1335 1311 1422 humanum,
1326 1359 1398 1408 nec
1416 1331 1596 1437 expressit
1618 1331 1651 1408 ei
1669 1331 1727 1408 di·

296 1483 378 1544 ctus
389 1465 681 1574 receptorcujus
692 1483 791 1546 esset
806 1466 951 1544 dictum
962 1466 1102 1572 capud,
1119 1493 1189 1542 nec
1208 1462 1454 1570 postmodum
1471 1460 1563 1538 vidit
1582 1460 1725 1540 dictum

296 1596 435 1703 capud,
456 1623 528 1674 nec
548 1613 635 1674 ante
654 1596 815 1688 viderat,
837 1594 926 1674 licet
945 1595 1190 1703 postmodum
1210 1592 1333 1670 luerat
1348 1593 1489 1669 centies
1503 1591 1541 1667 in
1555 1590 1654 1670 dicta
1668 1622 1727 1670 ca-

294 1725 409 1833 pella,
418 1743 463 1804 ut
477 1716 692 1805 arbitratur,
702 1727 920 1834 Requisitus
936 1727 966 1804 si
980 1726 1084 1804 idem
1094 1726 1199 1804 testis
1212 1724 1346 1803 habuit
1366 1723 1621 1801 intencionem
1634 1740 1726 1802 tunc

294 1857 400 1963 quod
425 1856 568 1935 dictum
594 1857 716 1964 capud
741 1875 838 1936 esset
856 1858 1023 1946 bonum,
1045 1855 1242 1963 respondit
1261 1854 1365 1961 quod
1386 1880 1482 1941 nont
1504 1853 1582 1930 imo
1602 1853 1724 1932 visum

294 1985 366 2064 suit
375 1988 446 2065 sibi
458 1987 564 2096 quod
574 1987 692 2064 nichil
705 1987 856 2078 valeret,
868 2006 905 2066 et
918 1987 1023 2095 quod
1036 2015 1114 2065 non
1124 2003 1252 2094 posset
1264 1983 1354 2062 eum
1360 1985 1503 2092 juvare.
1517 1985 1726 2073 ltem,dixit

295 2117 403 2223 quod
421 2118 542 2196 dictus
562 2135 735 2224 receptor
750 2117 823 2196 luit
842 2118 1031 2203 osculatus
1051 2119 1175 2225 ipsum
1196 2132 1332 2194 testem
1353 2115 1392 2191 in
1412 2111 1596 2192 umbilico
1613 2145 1726 2222 super

294 2264 426 2325 vestes.
444 2246 526 2326 Alia
541 2247 669 2326 illicita
685 2276 762 2326 non
775 2249 1061 2326 intervenerunt
1080 2247 1120 2324 in
1140 2244 1361 2352 recepcione
1378 2273 1445 2321 sua
1464 2243 1523 2322 vel
1537 2262 1634 2351 post.
1655 2248 1727 2322 lle-

296 2379 456 2484 quisitus
472 2378 502 2455 si
519 2377 673 2468 sciebat,
692 2379 884 2470 credebat,
902 2378 958 2457 vel
974 2378 1166 2456 audiverat
1179 2377 1253 2454 dici
1273 2375 1379 2483 quod
1401 2375 1499 2453 dicta
1519 2374 1647 2452 illicita
1665 2376 1725 2453 vel

296 2506 368 2585 alia
382 2508 652 2586 intervenirent
666 2509 923 2588 communiter
936 2510 976 2586 in
989 2507 1274 2616 recepcionibus
1284 2506 1445 2584 aliorum
1459 2504 1616 2584 fratrum
1629 2509 1726 2588 ordi-

296 2640 370 2732 nis,
387 2639 584 2746 respondit
599 2640 704 2746 quod
719 2637 930 2731 nesciebat;
948 2639 1127 2718 credebat
1139 2655 1268 2716 tamen
1280 2639 1385 2745 quod
1400 2637 1627 2746 abnegarent
1642 2637 1725 2715 lhe-

297 2799 380 2849 sum
398 2769 594 2850 Christum
608 2769 796 2878 sicutipse
812 2771 1072 2879 abnegaverat,
1091 2787 1129 2848 et
1142 2769 1247 2877 quod
1263 2769 1522 2876 preciperetur
1544 2769 1598 2846 eis
1620 2770 1725 2877 quod

298 2917 479 3007 spuerent
489 2925 602 3008 super
615 2929 780 2990 crucem,
794 2919 831 2978 et
842 2901 915 2980 hoc
924 2902 1041 2979 eciam
1052 2900 1194 2979 audivit
1208 2899 1282 2978 dici
1296 2899 1429 2976 edicto
1444 2897 1557 2977 fratre
1570 2899 1724 2980 Gsltero

298 3030 345 3108 da
366 3031 400 3108 la
421 3031 595 3108 Sanciera
610 3031 712 3137 apud
725 3029 950 3111 Villam-Dei
968 3031 1208 3109 Carnotensis
1224 3030 1399 3120 diocesis,
1415 3031 1520 3137 quasi
1533 3057 1600 3138 per
1619 3033 1726 3138 quin-

298 3189 372 3268 que
392 3187 510 3238 annos
529 3176 615 3266 post
633 3161 894 3267 recepcionern
910 3191 1034 3252 suam,
1051 3163 1232 3268 cumipse
1250 3162 1372 3250 testis,
1395 3162 1656 3270 conquirendo
1677 3166 1724 3242 de

298 3291 407 3370 dictis
431 3289 586 3382 illicitis,
612 3290 835 3398 loqueretur
859 3321 945 3371 cum
972 3294 1073 3372 dicto
1098 3293 1210 3371 fratre
1230 3293 1400 3383 Galtero,
1421 3295 1489 3400 qui
1511 3295 1602 3372 dixit
1620 3298 1725 3404 quod

298 3421 544 3500 confiteretur
558 3420 605 3500 de
621 3420 732 3499 dictis
752 3422 906 3512 illicitis,
924 3441 961 3503 et
973 3441 1100 3532 ageret
1116 3423 1384 3532 penitenciam,
1399 3441 1438 3501 et
1452 3453 1530 3502 non
1546 3427 1726 3534 cogitaret

297 3552 384 3660 plus
400 3552 449 3629 de
465 3579 535 3642 ers,
554 3567 593 3628 et
611 3568 737 3661 ageret
755 3568 798 3630 ut
816 3552 1093 3644 bonushomo,
1116 3554 1205 3661 quia
1225 3554 1276 3632 ita
1293 3553 1409 3632 fiebat
1426 3555 1465 3630 in
1485 3555 1632 3633 ordine.
1655 3559 1725 3633 lle-

300 3682 463 3790 quisitus
490 3681 522 3759 si
553 3681 695 3758 viderat
727 3680 875 3789 aliquos
900 3684 1017 3791 recipi
1043 3683 1140 3761 ultra
1171 3711 1292 3776 mare,
1319 3681 1386 3760 ubi
1417 3683 1540 3763 luerat
1564 3704 1725 3794 quatuor

291 3812 495 3916 'mensibus
509 3811 548 3890 in
564 3812 694 3891 Castro
709 3813 919 3922 Peregrini,
936 3830 980 3893 ut
994 3814 1104 3904 dixit,
1116 3813 1315 3921 respondit
1328 3813 1435 3921 quod
1455 3843 1551 3906 nonz
1570 3817 1659 3894 citra
1675 3835 1726 3894 ta·

299 3971 387 4021 men
399 3971 502 4021 mare
512 3942 606 4022 vidit
616 3943 731 4050 recipi
741 3943 836 4025 circa
848 3943 1067 4034 duodecim,
1081 3947 1120 4022 in
1132 3973 1297 4052 quorum
1310 3945 1597 4051 recepcionibus
1607 3947 1724 4025 nichil

299 4073 392 4150 vidit
416 4071 499 4151 heri
524 4073 583 4151 vel
603 4073 678 4152 dici
699 4072 894 4163 illicitumt
915 4075 984 4154 sed
1004 4075 1093 4183 quia
1112 4093 1198 4181 post
1217 4075 1334 4152 dictas
1354 4077 1595 4183 recepciones
1616 4077 1726 4156 duce-

297 4205 436 4282 bantur
459 4232 528 4311 per
546 4222 760 4312 receptores
779 4205 850 4284 soli
871 4205 919 4282 ad
939 4207 1011 4283 alia
1031 4206 1134 4296 loca,
1156 4203 1356 4312 inquibus
1376 4205 1587 4286 induebant
1605 4227 1725 4286 vestes

297 4333 508 4442 religionis,
520 4335 731 4443 suspicatur
741 4353 781 4413 et
789 4335 909 4414 credit
917 4336 1025 4445 quod
1033 4336 1087 4415 ibi
1096 4336 1261 4414 lacerent
1273 4333 1567 4446 abnegacionem
1578 4355 1617 4415 et
1629 4339 1726 4444 spui-

297 4464 446 4542 cionem
459 4464 657 4571 predictas.
674 4465 892 4573 Requisitus
904 4466 1011 4574 quod
1027 4465 1243 4545 nominaret
1261 4463 1348 4542 illos
1362 4493 1459 4571 quos
1470 4466 1612 4546 viderat
1631 4470 1725 4546 reci-

297 4596 357 4703 pi,
376 4595 470 4673 dixit
478 4596 583 4704 quod
592 4595 736 4678 viderat
748 4597 865 4704 recipi
876 4598 974 4676 duos
994 4597 1126 4676 fratres
1142 4595 1363 4686 servientes,
1386 4625 1548 4704 quorum
1571 4601 1725 4676 nomina

299 4745 337 4804 et
348 4724 571 4834 cognomina
580 4726 745 4835 ignorat,
760 4727 800 4804 in
808 4725 950 4835 capella
961 4728 1097 4807 domus
1106 4725 1255 4834 Templi
1267 4725 1315 4804 de
1326 4727 1513 4806 llanevilla
1524 4728 1725 4807 Ebroiccn·

300 4858 351 4935 sis
364 4857 541 4944 diocesis,
557 4885 628 4965 per
644 4856 795 4936 fratrem
807 4857 1025 4966 Philippum
1036 4857 1168 4968 Agate,
1182 4874 1316 4936 testem
1329 4855 1439 4966 supra
1453 4860 1722 4952 examinatum,

397 4995 514 5058 'rnocls
537 5017 589 5059 ors
611 5015 884 5058 remetiens-11.
1535 4999 1573 5058 25
