4486 5890
735 494 932 582 PROCES
958 507 1053 580 DES
1080 509 1383 580 TEMPLIERS.
1701 514 1770 583 127

347 651 481 728 fossato
508 676 575 755 per
602 677 690 726 eum
724 648 883 727 fuissent
915 648 1143 725 incarcerati.
1179 646 1452 756 lnjnugebatur
1482 647 1535 724 eis
1567 676 1636 755 per
1654 677 1773 726 sacra-
1810 735 1816 742 .

348 798 522 858 mentum
553 807 602 856 ne
629 779 838 857 revelarent
864 795 1007 856 secreta
1026 778 1296 884 capitulorum,
1321 779 1368 856 de
1394 778 1512 856 modo
1539 781 1774 884 recepoionis

346 912 497 1020 speciali
522 939 600 990 non
620 911 749 989 habita
782 912 1002 1000 moncione,
1034 909 1099 1014 qui
1129 909 1357 988 revelassent
1385 899 1559 986 habiturn
1589 910 1773 1015 perdidis

346 1060 446 1132 sent,
467 1069 535 1120 seu
555 1041 645 1118 elias
661 1042 821 1150 graviter
840 1041 964 1146 puniti
981 1038 1151 1116 luissent.
1176 1043 1323 1118 Fratres
1344 1039 1503 1116 scientes
1525 1067 1671 1118 errores
1689 1041 1772 1116 lue-

344 1189 435 1250 runt
466 1171 699 1280 negligentes
730 1172 820 1277 quia
857 1199 935 1248 non
975 1188 1217 1247 correxerunt
1245 1198 1310 1248 eos
1343 1198 1414 1246 nee
1450 1168 1773 1248 denunciaverunt

344 1301 522 1380 Ecclesie.
552 1301 786 1380 Elemosinas
815 1318 855 1378 et
875 1299 1190 1406 hospitalitatem,
1222 1317 1260 1377 et
1280 1300 1480 1377 luminaria
1510 1299 1768 1390 eeclesiarum,

346 1449 384 1510 et
398 1431 544 1539 jejunia
575 1447 754 1509 consueta
772 1432 865 1508 vidit
897 1431 1164 1510 convenienter
1192 1429 1275 1507 fieri
1296 1448 1335 1506 et
1358 1430 1492 1508 servari
1522 1429 1562 1506 in
1592 1431 1771 1509 domibus

344 1562 487 1641 ordinis
520 1562 556 1637 in
594 1561 733 1666 quibus
767 1561 906 1640 exstitit
942 1577 1205 1638 commoratus.
1245 1559 1426 1638 Ordinata
1455 1587 1523 1664 per
1549 1560 1768 1666 Magistrum

345 1719 430 1768 cum
463 1707 650 1770 conventu
682 1707 862 1768 servasset
891 1706 995 1766 totus
1024 1689 1136 1776 ordo,
1170 1705 1298 1764 contra
1326 1715 1441 1794 quem
1477 1717 1579 1766 nuno
1615 1691 1770 1797 grandia

345 1820 532 1911 scandala,
560 1799 735 1925 suspicio
754 1835 791 1896 et
822 1818 977 1896 infamia
1003 1835 1092 1895 sunt
1127 1836 1272 1906 exorta3
1303 1818 1412 1924 cujus
1440 1816 1620 1896 fratribus
1650 1819 1771 1896 credit

345 1953 450 2057 quod
469 1967 595 2028 essent
613 1966 702 2027 nota
722 1947 927 2026 confossata
955 1976 1023 2053 per
1049 1975 1153 2038 enm,
1174 1964 1213 2024 et
1232 1947 1374 2025 audivit
1394 1946 1468 2022 diei
1491 1975 1670 2054 magnum
1694 1951 1771 2026 Ma-

344 2081 501 2187 gistrum
523 2095 562 2155 et
581 2077 674 2156 alios
695 2078 829 2154 eadem
846 2077 959 2154 irrisae
986 2075 1187 2156 confessos.

400 2209 617 2315 Requisitus
645 2209 675 2285 si
704 2209 756 2286 aio
787 2209 1012 2318 deposuerat
1041 2234 1167 2312 prece,
1202 2222 1395 2312 precept0,
1431 2207 1587 2296 timore,
1623 2236 1767 2296 amore,

345 2337 447 2425 odio,
463 2336 522 2414 vel
541 2337 739 2442 temporali
752 2337 915 2415 comodo
927 2334 1056 2412 habito
1072 2335 1132 2412 vel
1143 2335 1332 2423 babendo,
1345 2336 1541 2441 respondit
1553 2337 1658 2441 quod
1673 2365 1766 2423 non,

344 2466 411 2545 sed
436 2494 508 2572 pro
533 2467 686 2544 veritate
722 2465 898 2556 dicenda3
928 2466 988 2542 eui
1015 2464 1089 2542 luit
1113 2465 1326 2571 injunctum
1352 2465 1459 2570 quod
1486 2492 1563 2541 non
1588 2465 1769 2542 revelaret

344 2597 440 2673 hano
458 2624 564 2674 suam
589 2595 888 2701 deposicionem‚
911 2621 1111 2700 quousque
1129 2593 1390 2670 attestationes
1406 2593 1549 2669 fuerint
1562 2592 1769 2698 publiorte;

346 2742 382 2802 et
397 2753 475 2804 non
493 2724 683 2801 obtulerat
699 2753 739 2801 se
755 2725 803 2800 ad
819 2723 1093 2800 deffensionem
1110 2722 1265 2800 ordinis.

398 2984 528 3059 Frater
559 2951 706 3060 Guido⁶
723 2983 770 3058 de
801 2983 838 3058 la
864 2981 1100 3060 Chastaneda
1128 2981 1254 3071 miles,
1283 2983 1558 3060 Lemovicensis
1591 2984 1765 3074 diocesis,

342 3115 448 3190 testis
469 3141 579 3218 supra
601 3113 768 3218 juratus,
798 3112 1021 3222 mantellum
1055 3113 1200 3191 ordinis
1227 3128 1266 3189 et
1283 3113 1439 3190 barbam
1465 3113 1674 3200 defferens,
1702 3116 1769 3191 tri·

341 3243 443 3350 ginta
462 3269 647 3319 annorum
666 3241 725 3318 vel
751 3241 863 3332 cirea,
890 3271 977 3318 cum
1002 3269 1080 3347 quo
1104 3241 1325 3348 inquisitum
1356 3243 1494 3334 luerat,
1517 3243 1713 3320 absolutus
1730 3262 1767 3320 et

341 3372 601 3450 reconciliatus
628 3396 697 3476 per
717 3370 916 3448 dominum
947 3370 1165 3476 episcopum
1192 3371 1559 3460 Claramontensem,
1590 3372 1697 3450 lectis
1731 3391 1768 3448 et

343 3501 543 3610 diligenter
566 3500 743 3606 expositis
761 3501 832 3578 sibi
856 3499 1033 3576 omnibus
1057 3517 1095 3578 et
1114 3500 1272 3606 singulis
1297 3502 1479 3590 articulis,
1497 3503 1695 3608 respondit
1725 3531 1765 3578 se

339 3630 504 3720 nescire,
529 3657 599 3706 neo
625 3630 797 3720 credere,
828 3657 899 3706 nee
924 3629 1107 3707 audivisse
1146 3629 1219 3706 dici
1250 3630 1298 3706 de
1331 3631 1520 3708 eontentio
1544 3630 1584 3706 in
1610 3631 1663 3707 eis
1691 3632 1763 3707 nisi

339 3761 446 3866 quod
464 3761 634 3866 sequitur
652 3792 661 3836 r
678 3759 854 3839 videlicet
877 3760 982 3866 quod
1010 3761 1090 3866 ipse
1120 3777 1293 3866 receptus
1311 3759 1433 3838 firerat
1457 3760 1496 3837 in
1524 3759 1663 3866 capella
1694 3761 1763 3836 do-

340 3918 425 3966 mus
449 3889 598 3994 Templi
622 3889 668 3966 de
692 3889 879 3966 Paulhaco
898 3889 1176 3968 Lemovicensis
1202 3890 1377 3977 diocesis,
1398 3889 1438 3967 in
1458 3889 1609 3966 instanti
1633 3919 1763 3968 mense

340 4019 579 4127 septembris,
603 4036 714 4096 erunt
726 4020 895 4127 quinque
910 4019 1071 4112 anni,ut
1090 4020 1162 4097 sibi
1174 4020 1335 4120 videtur,
1356 4019 1588 4127 perfratrem
1607 4019 1765 4098 Ymber-

338 4167 421 4226 tum
441 4149 490 4225 de
510 4148 744 4226 Comborino
775 4148 936 4226 militem
963 4151 1179 4255 quondam,
1200 4166 1460 4256 preceptorem
1486 4149 1586 4227 dicte
1606 4150 1760 4242 domus,

339 4279 576 4384 presentibus
595 4276 772 4356 fratribus
786 4279 981 4384 Stephano
1002 4279 1056 4358 las
1076 4278 1268 4366 Gorsolas,
1290 4295 1385 4356 teste
1406 4307 1520 4386 supra·
1533 4280 1759 4370 examinato,

338 4407 514 4487 Gnidone
534 4411 582 4486 de
599 4408 701 4487 Malo
723 4409 852 4486 Monte
877 4408 1020 4500 milite,
1045 4425 1083 4485 et
1103 4407 1278 4486 Guidoue
1299 4409 1451 4486 Brumtr
1474 4409 1673 4499 serviente,
1695 4412 1760 4516 qui

338 4538 529 4614 detinetur
546 4539 585 4614 in
605 4537 858 4616 Lemovicinio
879 4554 917 4613 et
939 4538 1130 4642 quondam
1147 4537 1375 4643 presbitero,
1393 4567 1434 4614 ae
1451 4538 1535 4615 aliis
1556 4539 1602 4615 de
1622 4540 1762 4646 quibus

337 4695 413 4745 non
432 4667 582 4757 recolit3
613 4697 730 4775 aquo
759 4683 953 4772 receptore
976 4669 1099 4773 petita
1127 4667 1303 4746 societate
1333 4668 1477 4745 ordinis
1507 4685 1545 4744 et
1574 4669 1646 4747 sibi
1677 4697 1760 4746 con-

337 4825 451 4887 cessa,
483 4797 573 4874 lecit
601 4826 688 4876 eum
711 4798 838 4904 jurare
869 4798 973 4905 quod
1003 4825 1080 4874 non
1115 4798 1298 4876 revelaret
1324 4816 1465 4876 secreta
1493 4798 1755 4903 capitulorum.
