4242 5890
434 549 508 620 sso
821 523 1017 616 moces
1044 544 1139 616 uns
1165 544 1465 616 reuertens,

488 689 580 762 Item
594 683 687 762 dixit
700 713 766 789 per
772 683 1028 790 juramentum
1038 710 1148 760 suum
1165 683 1284 788 quod,
1296 700 1383 788 post
1392 684 1648 790 juramentum
1659 686 1857 790 prestitum

432 817 537 894 abeo
556 815 604 892 de
619 814 765 890 statutis
786 830 823 890 et
841 813 992 890 secretis
1009 812 1151 892 ordinis
1170 812 1429 904 observandis,
1445 814 1631 920 recipiens
1646 815 1773 920 posuit
1788 813 1857 892 sibi

433 944 652 1024 mantellum
672 943 720 1023 ad
729 943 886 1031 collum,
903 960 941 1018 et
957 941 1141 1022 oscxdatus
1161 941 1232 1020 tuit
1252 945 1375 1049 ipsum
1391 945 1431 1022 in
1450 972 1532 1032 ore,
1549 944 1786 1032 assimiliter,
1809 944 1856 1022 de

433 1075 606 1154 mandato
625 1073 859 1178 recipientis,
879 1073 1068 1152 osculatus
1088 1071 1160 1148 luit
1179 1074 1271 1152 alios
1291 1072 1433 1150 fratres.

489 1207 583 1280 Item
606 1202 699 1278 dixit
720 1229 789 1308 per
803 1204 1060 1309 juramentmn
1084 1203 1188 1307 quod
1211 1203 1397 1309 recipiens
1421 1203 1587 1280 ostendit
1614 1204 1684 1280 sibi
1709 1233 1858 1283 crucam

435 1363 520 1412 cum
545 1331 667 1438 effigie
691 1331 971 1414 thesu.Christi
1001 1331 1187 1436 depictam
1213 1333 1253 1408 in
1277 1332 1442 1438 quodam
1467 1331 1583 1420 libro,
1606 1350 1645 1410 et
1670 1334 1763 1411 dixit
1787 1333 1857 1411 sibi

433 1466 537 1570 quod
557 1463 752 1570 oportebat
771 1492 813 1540 ac
832 1464 904 1542 sibi
921 1463 1081 1570 injunxit
1096 1463 1136 1538 in
1154 1463 1287 1542 virtute
1303 1464 1525 1542 obediencie
1544 1465 1649 1570 quod
1662 1464 1858 1571 abnegaret

433 1622 581 1672 crucem
607 1595 645 1668 in
670 1623 744 1700 qua
769 1610 847 1670 erat
871 1591 1013 1698 effigies
1033 1592 1199 1698 predicta
1222 1612 1290 1681 ter,
1308 1610 1348 1671 et
1364 1612 1424 1670 ter
1443 1611 1593 1699 spueret
1615 1623 1727 1700 supra
1755 1623 1855 1684 eam;

432 1725 533 1828 quod
551 1721 640 1798 lecit
655 1750 736 1814 ore,
757 1724 845 1802 licet
862 1724 1017 1810 invitus,
1038 1740 1078 1799 et
1093 1751 1169 1802 non
1184 1723 1317 1810 corde,
1333 1741 1371 1801 et
1383 1723 1469 1830 plus
1481 1721 1659 1801 voluisset
1673 1741 1763 1800 tunc
1777 1753 1857 1800 esse

433 1855 551 1930 Rome
571 1881 684 1959 quam
706 1853 778 1930 hoc
796 1853 942 1942 secisse,
966 1871 1003 1930 et
1022 1871 1151 1958 postea
1171 1854 1357 1960 recipiens
1376 1854 1467 1933 fecit
1482 1883 1521 1932 se
1542 1853 1700 1932 osculari
1713 1853 1856 1958 abipso

434 2000 585 2088 recepto
603 1984 641 2059 in
657 1983 849 2060 umbilico.

487 2116 579 2190 Item
599 2113 692 2190 dixit
711 2141 779 2218 per
792 2116 1049 2222 juramentum
1069 2144 1180 2193 suum
1199 2116 1306 2222 quod
1323 2115 1511 2221 recipiens
1529 2115 1687 2221 injunxit
1709 2114 1799 2203 sibi,
1818 2114 1856 2188 in

430 2245 564 2321 virtute
584 2243 822 2332 obediencie,
844 2244 951 2350 quod
969 2245 1171 2323 abstineret
1190 2275 1210 2322 a
1229 2244 1467 2334 mulieribus,
1485 2262 1523 2321 et
1541 2243 1646 2320 dedit
1659 2243 1732 2322 sibi
1748 2245 1858 2320 licen-

432 2375 525 2448 ciam
546 2372 699 2478 quodsi
725 2373 825 2450 calor
843 2375 1021 2452 naturalis
1044 2392 1210 2452 moveret
1235 2403 1342 2464 eum,
1369 2374 1474 2478 quod
1499 2375 1579 2477 ipsc
1598 2373 1792 2448 accederet
1809 2373 1857 2446 ad

432 2503 562 2579 fratres
577 2531 680 2591 suos,
698 2519 737 2580 et
752 2531 817 2580 eos
831 2503 1043 2580 admitteret
1059 2507 1108 2580 ad
1122 2521 1297 2582 mutuum
1308 2500 1568 2589 concubitum
1588 2501 1855 2605 sednunquam

433 2632 536 2721 tecit,
558 2650 599 2708 ut
617 2631 719 2709 dicit.

488 2765 580 2838 Item
598 2762 690 2836 dixit
706 2763 811 2866 quod
834 2761 954 2837 credit
972 2763 1077 2867 quod
1095 2761 1157 2838 alii
1178 2747 1309 2838 stauos
1328 2761 1417 2838 dicti
1443 2761 1585 2838 ordinis
1605 2760 1718 2837 simili
1743 2759 1857 2836 modo

431 2891 670 2996 recipiantur,
690 2909 817 2968 tamen
836 2893 916 2997 ipsc
940 2921 1016 2970 non
1037 2891 1108 2968 luit
1125 2894 1165 2968 in
1185 2892 1405 2997 recepcione
1425 2891 1594 2998 alicujus.

487 3023 580 3097 ltem
600 3020 708 3108 dixit,
730 3049 798 3128 per
812 3023 1067 3128 juramentum
1087 3051 1197 3098 suum
1218 3021 1264 3098 ab
1285 3049 1332 3099 eo
1354 3049 1468 3126 super
1482 3021 1555 3098 boc
1569 3021 1709 3097 iterum
1725 3019 1857 3124 presti-

430 3169 531 3240 tum,
552 3152 657 3258 quod
678 3153 730 3240 vi,
750 3151 810 3229 vol
829 3171 933 3229 metu
953 3154 1109 3230 carceris
1131 3170 1194 3230 aut
1213 3153 1410 3241 tormenti,
1434 3180 1503 3230 seu
1535 3151 1748 3238 siliacense,
1780 3177 1855 3226 non

432 3281 522 3356 dixit
550 3280 655 3358 aliud
677 3309 790 3388 quam
810 3283 1020 3372 veritatem,
1052 3309 1123 3360 nec
1148 3281 1339 3387 premissis
1358 3281 1559 3358 immiscuit
1579 3281 1744 3386 aliquam
1760 3278 1859 3356 lalsi-

428 3427 560 3502 tatem,
582 3428 619 3488 ct
638 3413 744 3517 quod
758 3439 890 3517 puram
912 3413 1103 3490 veritatem
1121 3412 1213 3489 dixit
1227 3439 1296 3517 pro
1316 3410 1433 3490 salute
1450 3412 1574 3490 anime
1588 3439 1666 3488 sue.

484 3672 710 3749 ltem'lrater
725 3673 812 3750 Odo
831 3673 878 3748 de
895 3673 1055 3750 Wirmis
1075 3672 1306 3750 Belvaccnsis
1321 3671 1498 3761 diocesis,
1519 3671 1693 3778 magister
1708 3699 1857 3778 carpen-

427 3803 543 3882 tarius
556 3805 595 3880 in
604 3804 719 3882 domo
726 3803 877 3908 Templi
885 3803 1110 3892 Parisiensis‚
1125 3801 1382 3910 sexagenarius
1395 3803 1454 3880 vel
1466 3803 1579 3890 circa,
1590 3801 1726 3880 eodem
1741 3803 1855 3880 modo

428 3935 666 4022 constitutus,
683 3935 831 4041 juratus
853 3951 893 4010 et
911 3933 1175 4038 interrogatus,
1198 3933 1290 4009 dixit
1314 3961 1381 4038 per
1398 3935 1656 4040 juramentum
1680 3962 1791 4010 suum
1810 3932 1856 4009 ab

428 4090 475 4138 eo
491 4091 604 4168 super
618 4063 691 4140 hoc
709 4063 925 4168 prestitum,
945 4061 1051 4168 quod
1063 4062 1162 4139 bene
1177 4081 1330 4141 suntxvr
1343 4065 1431 4140 anni
1444 4065 1501 4141 vel
1511 4065 1606 4142 circa
1618 4065 1731 4171 elapsi
1745 4092 1854 4170 mam

428 4191 498 4268 luit
522 4209 695 4298 receptus
713 4193 753 4268 in
764 4192 886 4269 domo
904 4192 1119 4280 Parisiensi‚
1140 4222 1208 4298 per
1238 4193 1388 4270 fratrem
1414 4195 1623 4272 lobannem
1653 4193 1702 4271 de
1726 4197 1855 4270 Turno

428 4337 520 4398 tunc
550 4324 734 4428 temporis
759 4322 1033 4400 thesaurarium
1052 4324 1199 4430 Templi
1227 4324 1458 4413 parisiensis,
1489 4324 1726 4431 presentibus
1746 4323 1855 4401 fratre

429 4451 605 4530 Guidone
620 4471 836 4560 preceptore
854 4455 1095 4542 Carnotense,
1111 4455 1222 4533 botre
1236 4458 1347 4534 Petro
1366 4473 1585 4563 preceptore
1604 4459 1742 4534 domus
1758 4457 1857 4532 Pari-
1878 4555 1882 4568 ¹

429 4583 577 4671 siensis,
597 4601 634 4660 et
653 4583 735 4660 aliis
752 4585 798 4660 de
814 4613 977 4690 quorum
993 4587 1211 4664 nominibus
1232 4613 1308 4662 non
1326 4587 1468 4665 recolit.

483 4715 579 4790 ltem
603 4714 695 4794 dixit
718 4742 786 4819 per
804 4717 1061 4821 juramentum
1080 4745 1189 4792 suum
1210 4718 1315 4822 quod
1330 4745 1376 4794 eo
1389 4733 1559 4824 recepto,
1577 4718 1791 4823 juramento
1810 4715 1856 4791 ab

427 4845 510 4950 ipso
534 4845 688 4950 prestito
714 4846 762 4921 de
786 4846 934 4924 statutis
959 4863 998 4924 et
1011 4847 1164 4926 secretis
1183 4847 1326 4926 ordinis
1347 4847 1604 4936 observandis,
1620 4863 1787 4954 aportnta
1804 4846 1855 4924 ibi
