4242 5890
368 547 442 619 ars
759 525 956 619 Procas
982 544 1078 616 ors
1104 544 1410 619 rsurnraas.

367 689 510 766 colunt.
531 687 579 762 Et
597 704 689 764 tunc
703 685 808 763 idem
822 684 936 763 frater
950 684 1109 792 arripuit
1122 714 1210 763 eum
1225 686 1273 763 ad
1285 702 1419 794 pectus
1432 713 1501 792 per
1511 704 1647 778 vestes,
1667 687 1797 768 dicens

369 819 403 895 ei
422 816 527 926 quod
545 817 625 920 ipse
646 833 726 894 erat
744 833 848 896 totus
864 843 1015 906 eorum,
1033 845 1121 896 cum
1136 815 1302 925 jurasset
1315 844 1355 894 se
1376 816 1424 893 de
1446 816 1545 896 dicto
1565 819 1700 897 ordine
1719 849 1798 904 non

368 950 485 1037 exire,
508 964 546 1026 et
564 947 669 1055 quod
688 946 761 1024 nisi
781 945 855 1026 hoc
872 945 1027 1039 faceret,
1046 946 1126 1052 ipse
1141 963 1302 1053 poneret
1318 975 1406 1025 eum
1425 947 1465 1024 in
1483 947 1549 1025 tali
1566 949 1732 1056 prisione
1748 950 1797 1029 de

368 1107 441 1186 qua
458 1078 597 1156 amodo
611 1105 689 1156 non
710 1077 837 1155 exiret.
859 1078 908 1154 Et
926 1094 1016 1156 tunc
1035 1076 1139 1154 idem
1160 1076 1272 1156 lrater
1292 1077 1483 1156 lohannes
1502 1077 1667 1186 dirigens
1686 1081 1798 1160 verba

367 1236 435 1286 sua
453 1208 502 1284 ad
523 1208 666 1286 dictum
682 1207 851 1299 fratrem,
876 1207 968 1284 dixit
984 1238 992 1282 ε
1007 1209 1139 1315 «Nego
1158 1223 1214 1298 te;
1231 1243 1244 1276 ι
1260 1207 1475 1315 intelligens
1490 1208 1538 1287 de
1554 1210 1655 1290 dicto
1670 1211 1796 1290 stane.

367 1339 443 1416 Sed
464 1339 544 1444 ipse
563 1353 693 1446 postea
708 1353 896 1416 revertens
914 1337 1047 1416 adcor
1068 1337 1201 1416 hnhtrit
1219 1336 1533 1418 deliberationem
1546 1357 1585 1418 et
1597 1341 1799 1420 consilium

368 1497 455 1546 cum
471 1467 651 1546 defuncto
671 1468 852 1576 magistro
864 1465 1056 1546 Bonifacio
1071 1469 1305 1555 lombardo,
1327 1469 1520 1578 mendam
1535 1472 1713 1551 advocato
1730 1475 1799 1550 Pa-

367 1599 477 1676 risius
499 1599 736 1706 jurisperito,
759 1623 875 1704 super
892 1597 983 1688 hoc,
1011 1615 1049 1676 et
1077 1616 1206 1676 utrmn
1234 1617 1362 1706 posset
1392 1600 1441 1678 de
1467 1599 1601 1679 ordine
1626 1604 1799 1709 predicto

368 1733 484 1818 exire,
507 1744 546 1808 et
560 1729 650 1808 licet
666 1728 791 1808 eidem
810 1729 859 1806 ad
877 1729 1036 1834 plenum
1057 1729 1219 1810 nesciret
1237 1730 1451 1820 consulere,
1468 1749 1595 1810 tamen
1611 1733 1660 1810 de
1678 1735 1798 1839 ipsius

367 1861 524 1938 consilio
540 1861 644 1938 idern
656 1857 770 1939 frater
777 1863 967 1940 lohannes
984 1859 1074 1938 fecit
1090 1887 1205 1938 unam
1225 1861 1538 1969 pmtestacionem
1554 1864 1594 1940 in
1610 1864 1800 1944 cumaoffi-

368 1990 658 2080 cialisParisius,
671 1990 761 2069 sede
774 2007 866 2068 tunc
878 2008 1045 2082 vacante,
1063 1991 1170 2098 quod
1184 1991 1307 2071 dictus
1320 1992 1415 2070 ordo
1428 1993 1500 2071 sibi
1517 2019 1595 2072 non
1607 1993 1796 2101 placebat,

368 2141 406 2200 et
419 2124 524 2230 quod
542 2123 706 2201 libenter
724 2122 840 2200 exiret
854 2122 902 2200 de
915 2127 1023 2212 oo,.si
1036 2123 1195 2202 auderet
1207 2122 1268 2201 rel
1281 2141 1410 2230 posset
1424 2155 1433 2201 ε
1449 2153 1565 2232 snper
1577 2152 1657 2232 quo
1671 2143 1799 2204 extant

368 2254 498 2330 lictere
509 2252 633 2362 sigillo
642 2251 802 2360 predicti
812 2251 982 2332 officialis
998 2251 1172 2360 sigillato,
1190 2271 1234 2332 ut
1249 2253 1355 2344 dixits
1375 2271 1412 2332 ct
1424 2255 1799 2334 hooaliasconlessus

367 2385 438 2462 suit
461 2381 667 2463 reverendo
686 2383 783 2490 patri
810 2381 967 2462 domino
987 2384 1163 2491 episcopo
1184 2384 1401 2472 Parisiensi,
1423 2385 1489 2492 qui
1515 2413 1618 2463 nunc
1636 2405 1709 2476 est,
1731 2387 1798 2493 qui

368 2514 567 2621 episcopus
596 2514 740 2604 eidem,
771 2515 950 2621 quatinus
973 2531 1122 2622 poterat
1141 2533 1181 2594 et
1199 2514 1248 2592 ad
1268 2541 1356 2592 eum
1374 2513 1603 2624 pertinebat,
1631 2517 1800 2626 injuncta

369 2644 441 2722 sibi
460 2646 673 2752 penitencia
690 2645 862 2734 salutari,
883 2643 1115 2724 beneficium
1129 2645 1383 2726 absolutionis
1403 2645 1609 2753 impendit,
1630 2663 1674 2724 ut
1692 2648 1797 2725 dixit.

336 2765 338 2770 ¹
425 2777 512 2854 Acta
531 2793 619 2856 sunt
638 2777 709 2854 ltec
723 2776 899 2866 Parisius,
921 2777 962 2852 in
976 2777 1086 2854 dictis
1105 2775 1285 2854 domibus
1299 2775 1468 2882 Templi,
1490 2777 1531 2852 in
1551 2803 1695 2855 camera
1710 2777 1799 2854 dicti

368 2907 491 2985 fratris
509 2907 707 2997 lobannis,
729 2903 968 3012 presentibus
992 2906 1162 2985 discretis
1181 2905 1269 2984 viris
1285 2923 1324 2984 et
1339 2905 1542 3013 religiosis,
1564 2907 1675 2986 fratre
1695 2908 1802 3015 Regi·

370 3039 484 3116 naldo
504 3041 628 3145 priore
646 3040 692 3116 de
713 3037 891 3130 Pissiaco,
911 3037 1097 3148 magistris
1116 3037 1324 3145 Reginaldo
1345 3038 1393 3116 de
1409 3037 1629 3148 Albigniaco
1648 3039 1801 3146 Majoris

370 3187 408 3246 et
425 3172 534 3248 Petro
558 3172 702 3259 Barrer,
729 3167 854 3248 Sancti
874 3166 998 3247 Ursini
1022 3167 1313 3248 Biturioensium
1333 3167 1572 3248 ecelesiarum
1593 3169 1797 3258 canonicis,

371 3317 409 3377 et
427 3300 600 3409 pluribus
612 3299 695 3379 aliis
713 3299 874 3379 testibus
890 3299 939 3376 ad
959 3301 1030 3378 hec
1049 3300 1187 3378 vocatis
1206 3315 1245 3376 et
1262 3299 1411 3406 rogatis.

389 3591 394 3600 “
425 3565 575 3643 Deinde
605 3591 731 3652 anno,
751 3563 961 3652 indicione,
985 3559 1224 3670 pontificatu,
1256 3587 1355 3638 anno
1384 3578 1422 3638 et
1451 3561 1513 3638 die
1538 3559 1733 3667 predictis,
1760 3562 1800 3638 in

369 3697 534 3803 quodam
556 3694 629 3772 alio
650 3695 734 3774 loco
755 3693 941 3772 dictarum
959 3695 1181 3783 domorum,
1203 3694 1244 3770 in
1263 3692 1363 3771 dicta
1383 3692 1529 3769 domini
1548 3692 1797 3799 inquisitoris,

369 3845 586 3906 nostrornm
609 3826 844 3904 noeriorum
869 3843 906 3903 et
929 3825 1084 3904 testium
1104 3823 1424 3930 infrascriptorum
1452 3823 1642 3932 presencia
1670 3849 1800 3929 perso-

368 3957 503 4036 naliter
517 3957 741 4036 constitutus
753 3954 870 4034 frater
881 3958 1073 4062 Raynerus
1087 3955 1136 4033 de
1149 3955 1352 4043 lorchent,
1371 3954 1505 4032 eodem
1524 3952 1640 4032 modo
1651 3951 1800 4058 juratus

371 4088 420 4165 dc
435 4115 474 4166 se
495 4105 533 4165 et
547 4087 645 4176 aliis,
663 4089 702 4163 in
723 4085 821 4163 dicta
837 4113 945 4164 causa
965 4085 1071 4180 lidei,
1086 4083 1252 4192 plenam,
1273 4111 1407 4193 puram
1423 4100 1461 4162 ot
1472 4085 1655 4192 integram
1671 4081 1800 4160 ¹dicere

370 4221 582 4308 veritatem,
599 4237 638 4296 et
655 4218 906 4324 interrogatus
920 4218 969 4294 de
982 4233 1154 4324 tempore
1171 4235 1210 4296 et
1224 4218 1340 4296 modo
1353 4214 1585 4322 receptionis
1600 4240 1683 4302 sue,
1706 4211 1800 4290 dixit

324 4423 326 4426 .
370 4379 438 4456 per
455 4351 708 4459 juramentum
731 4377 844 4426 suum
872 4349 977 4456 quod
1005 4366 1179 4456 receptus
1210 4349 1284 4426 fuit
1307 4345 1409 4454 apud
1435 4344 1583 4424 Bellum
1599 4344 1730 4426 Visum
1759 4345 1799 4420 in

370 4481 580 4560 Gastinesio
605 4481 831 4560 Senonensis
860 4481 1037 4570 diocesis,
1071 4505 1139 4586 per
1172 4481 1325 4557 fratrem
1357 4478 1569 4555 iohannem
1595 4475 1643 4552 de
1670 4477 1799 4552 Turno

369 4611 646 4691 thesaurarium
661 4629 754 4690 tunc
768 4612 950 4718 temporis
968 4610 1117 4718 Templi
1136 4610 1368 4702 Parisiensis,
1389 4608 1518 4717 viginti
1537 4635 1600 4686 sex
1619 4607 1727 4684 annis
1743 4606 1801 4683 vel

370 4746 467 4822 circa
487 4745 633 4851 elapsis.
655 4745 703 4821 Et
722 4742 914 4823 consessus
929 4743 1001 4821 suit
1022 4759 1058 4820 et
1072 4743 1166 4820 dixit
1179 4769 1248 4848 per
1261 4741 1522 4849 juramentum
1541 4765 1655 4816 suum
1675 4735 1796 4843 quod,

370 4895 455 4982 post
478 4877 613 4956 mrdtas
639 4875 908 4983 promissiones
926 4874 1038 4954 lactas
1064 4874 1112 4952 dc
1138 4873 1283 4952 statutis
1307 4889 1350 4966 et¹
1364 4869 1516 4950 secretis
1539 4867 1630 4947 dicti
1651 4865 1797 4946 ordinis
