4486 5890
632 487 700 559 lllt
1013 478 1206 564 Paucas
1233 489 1327 560 DES
1354 488 1658 561 TEMPLIERS.

624 642 751 702 contra
781 654 899 731 quem
927 628 1070 708 audivit
1097 657 1277 737 magnum
1303 627 1522 734 Magistrum
1548 645 1586 706 et
1612 627 1706 712 alios
1735 625 1884 733 aliquos.
1907 655 2049 710 errores

625 755 737 834 luisse
759 753 958 839 confessos.
974 756 1033 834 Ad
1054 759 1197 840 ordinis
1218 756 1490 838 deffensionem
1509 785 1549 836 se
1574 785 1652 836 non
1674 756 1874 837 obtulerat.

681 885 897 992 Requisitus
913 888 941 964 si
954 888 1010 966 sio
1028 889 1253 996 deposuerat
1267 905 1592 995 preceprecepto,
1603 888 1760 976 timore,
1776 917 1925 981 amore,
1942 891 2046 982 odio,

622 1017 680 1094 vel
700 1017 898 1124 temporali
915 1018 1076 1100 comodo
1090 1019 1219 1098 habito
1232 1020 1290 1098 vel
1312 1019 1508 1111 habendo,
1539 1019 1736 1126 respondit
1755 1019 1860 1125 quod
1873 1049 1967 1110 non,
1981 1024 2047 1104 sed

621 1175 690 1250 pro
712 1148 863 1227 veritate
884 1147 1061 1234 dicenda;
1094 1150 1156 1228 cui
1185 1149 1258 1226 fuit
1283 1149 1495 1256 injunctum
1515 1149 1621 1256 quod
1647 1178 1725 1231 nou
1755 1149 1937 1228 revelaret
1954 1151 2047 1232 hanc

622 1305 727 1354 suam
751 1278 1048 1383 deposicionem,
1069 1307 1268 1385 quousque
1288 1279 1548 1362 attestaciones
1567 1279 1709 1359 fuerint
1731 1278 1932 1386 publicata.

675 1539 804 1615 Frater
823 1538 952 1615 Guido
973 1537 1030 1614 de,
1050 1537 1153 1617 Bella
1172 1537 1270 1617 Villa
1299 1540 1478 1629 serviens,
1510 1537 1717 1618 Meldensis
1741 1539 1919 1643 diocesis,
1943 1542 2044 1622 testis

620 1695 730 1772 supra
738 1668 903 1775 juratus,
919 1683 1043 1748 xxuu0‘
1056 1695 1241 1746 annorum
1262 1667 1320 1746 vel
1340 1668 1434 1746 circa
1445 1731 1454 1759 ,
1467 1669 1534 1774 qui
1551 1668 1780 1750 mantellum
1794 1670 1992 1754 dimiserat
2005 1673 2043 1750 in

620 1797 779 1875 concilio
804 1797 996 1885 Remcusi,
1026 1827 1115 1878 cnm
1131 1827 1207 1903 quo
1229 1798 1450 1903 inquisitum
1477 1796 1614 1886 suerat,
1636 1798 1832 1882 absolutus
1856 1818 1895 1880 et
1913 1829 2042 1882 recou-

534 1909 536 1919 ’
619 1927 766 2006 ciliatus
781 1927 1054 2034 perdominum
1072 1927 1290 2033 episcopum
1307 1927 1635 2016 Suessionensem,
1657 1927 1764 2009 lectis
1784 1947 1823 2007 et
1842 1930 2040 2040 diligenter

619 2058 794 2164 expositis
813 2055 884 2136 sibi
910 2057 1087 2138 omnibus
1107 2075 1145 2134 et
1163 2058 1321 2166 singulis
1347 2057 1528 2150 articulis,
1551 2058 1748 2165 respondit
1767 2061 1871 2165 quod
1893 2061 2038 2140 nullum

618 2188 734 2264 alium
765 2187 906 2268 viderat
940 2188 979 2300 in
1010 2187 1142 2268 ordine
1172 2188 1307 2295 recipi,
1341 2215 1421 2268 neo
1435 2187 1657 2272 interfuerat
1688 2187 1859 2294 capitulis
1887 2217 2036 2278 eorum,

618 2318 719 2394 unde
744 2317 951 2407 nesciebat,
985 2346 1054 2394 nec
1079 2319 1272 2404 audiverat
1302 2318 1392 2406 dici,
1415 2345 1487 2396 nec
1511 2317 1690 2400 credebat
1714 2319 1762 2400 de
1787 2321 1974 2398 contentis
2002 2321 2037 2400 in

616 2446 725 2522 dictis
745 2446 912 2525 articulis
931 2447 1002 2524 nisi
1023 2448 1127 2553 quod
1146 2447 1328 2552 sequitur.
1349 2447 1452 2526 Dixit
1471 2473 1608 2552 nempe
1629 2474 1670 2525 se
1689 2445 1804 2528 fuisse
1829 2465 2034 2552 receptum,

616 2576 654 2650 in
675 2575 744 2652 bac
763 2576 889 2654 media
918 2575 1220 2682 quadragessimo
1238 2574 1395 2656 luerunt
1412 2577 1582 2683 quinque
1611 2576 1728 2664 annia·
1749 2577 1788 2660 in
1812 2577 2036 2688 capella-do·

617 2731 702 2780 mus
721 2704 873 2810 Templi
899 2706 949 2784 de
979 2704 1196 2785 Latinihaco
1219 2705 1333 2783 ¹Sicco
1354 2705 1560 2784 Meldensis
1590 2705 1768 2792 diocesis,
1795 2732 1865 2811 per
1889 2704 2035 2786 fratrem

615 2833 860 2941 Radulphum
881 2833 929 2914 de
958 2834 1186 2914 Teverniaco
1214 2832 1475 2941 preceptorem
1500 2833 1600 2915 dicte
1625 2834 1782 2924 domus,
1809 2851 1948 2916 testem
1978 2865 2036 2916 su·

615 2991 681 3068 pra
703 2965 973 3053 examinatum,
994 2963 1233 3071 presentibus
1252 2963 1429 3043 fratribus
1446 2963 1657 3043 Guillelmo
1669 2963 1870 3044 d'Ormont
1889 2965 2036 3073 presby*

614 3111 713 3182 tero,
736 3095 1014 3174 Guillelmode
1033 3095 1175 3182 Crene,
1199 3095 1408 3177 Guillelmo
1424 3094 1472 3175 de
1494 3095 1631 3176 Sancto
1649 3094 1840 3183 Dionisio,
1863 3113 1902 3174 et
1921 3099 2036 3178 Hum-

613 3224 723 3303 berto
747 3225 907 3307 Valbant
930 3226 996 3332 qui
1028 3223 1160 3332 affugit
1187 3242 1358 3331 tempore
1383 3225 1585 3332 capcionis,
1615 3225 1664 3304 de
1692 3251 1857 3332 qnorum
1879 3226 1953 3307 vita
1982 3227 2035 3306 vel

615 3373 736 3434 morte
756 3383 833 3432 non
854 3355 969 3436 habat
989 3354 1272 3446 certitudinem,
1295 3354 1335 3433 in
1355 3353 1458 3434 hunc
1477 3354 1636 3433 modum
1659 3386 1668 3432 ι
1689 3383 1778 3435 nam
1798 3383 1885 3435 cum
1905 3357 2034 3462 peciis-

614 3499 670 3559 set
691 3483 836 3588 pluries
859 3511 996 3590 panem
1024 3500 1061 3560 et
1080 3511 1220 3590 aquam.
1240 3500 1279 3560 et
1296 3483 1515 3566 societatem
1535 3483 1693 3564 fratrum
1724 3485 1885 3578 ordinis,
1919 3504 1957 3563 et
1980 3515 2033 3566 rc-

612 3639 792 3716 sponsum
811 3611 943 3691 fixisset
961 3612 996 3690 ei
1015 3611 1123 3719 qnod
1136 3613 1236 3692 bene
1263 3611 1493 3693 deliberaret.
1509 3613 1598 3720 quia
1615 3612 1736 3694 multa
1760 3614 1854 3696 dura
1874 3633 1980 3695 erant
1998 3617 2033 3696 in

548 3779 552 3792 ·
612 3740 762 3829 ordine,
784 3740 941 3821 tandem
963 3741 1045 3847 ipso
1065 3741 1242 3832 instante,
1272 3741 1454 3820 concessit
1478 3741 1604 3820 eidem
1630 3741 1750 3825 dictus
1782 3761 1966 3850 receptor,
2001 3761 2034 3822 et

611 3868 700 3946 fecit
727 3898 815 3953 eum
845 3898 977 3948 vovere
1006 3887 1045 3948 et
1066 3870 1196 3978 jurare
1228 3871 1453 3959 castitatem,
1495 3871 1774 3960 obedienciam,
1804 3873 1927 3951 vivere
1955 3875 2032 3952 sine

575 4085 580 4096 ,
612 3999 782 4103 proprio„
806 4016 844 4076 ct
862 3999 1148 4106 qnodservaret
1166 3999 1286 4083 bonos
1308 4029 1398 4082 usus
1420 4016 1457 4078 et
1477 3999 1595 4106 bonas
1624 4001 1917 4088 consuetudines
1937 4003 2032 4083 ordi-

612 4126 682 4204 nis.
705 4111 792 4221 Quo
812 4126 928 4218 facto,
955 4128 1137 4236 imposuit
1151 4129 1239 4216 ,sibi
1268 4129 1511 4220 mantellum,
1541 4146 1579 4208 et
1608 4130 1686 4236 ipse
1716 4146 1754 4207 et
1784 4128 1847 4208 alii
1875 4147 2032 4214 astantes

610 4255 766 4335 fuerunt
785 4258 941 4340 osculati
962 4288 1051 4346 eura
1071 4261 1110 4337 in
1131 4287 1208 4338 ore.
1230 4260 1477 4343 Postmodum
1498 4261 1674 4349 instruxit
1698 4289 1788 4341 eum
1807 4277 1904 4367 quot
1927 4263 2033 4343 Pater

611 4403 727 4468 noster
744 4387 885 4467 diceret
908 4417 978 4495 pro
1002 4388 1106 4470 horis
1129 4391 1223 4479 suis,
1253 4407 1291 4466 et
1319 4390 1482 4497 qualiter
1505 4389 1663 4471 heberet
1695 4417 1734 4466 se
1762 4406 1801 4468 et
1824 4410 1980 4497 regeret·
1995 4394 2030 4468 in

610 4516 758 4599 ordine.
784 4520 933 4598 Deinde
955 4521 1124 4628 precepit
1142 4520 1195 4608 ei,
1216 4521 1256 4596 in
1276 4520 1673 4627 presencia-aliorum,
1702 4520 1809 4627 quod
1833 4520 2031 4630 abnegaret

609 4645 752 4738 Deume
774 4663 812 4730 et
831 4675 918 4729 cum
936 4648 1015 4756 ipse
1033 4648 1140 4731 testis
1159 4649 1349 4733 resisteret
1374 4667 1415 4730 et
1432 4651 1505 4732 hoc
1529 4649 1651 4731 lacere
1675 4667 1885 4740 recusaret,
1913 4651 2030 4732 dictus

607 4792 780 4882 receptor
798 4777 891 4856 dixit
909 4778 943 4860 ei
964 4779 1068 4892 quod
1096 4779 1169 4858 hoc
1202 4779 1400 4886 oportebat
1425 4809 1513 4860 eum
1536 4780 1674 4867 facere.
1703 4780 1904 4887 quietalis
1927 4795 2029 4860 erant
