4486 5890
661 549 664 558 ·
746 509 939 607 pauens
965 527 1060 602 uns
1086 527 1385 602 annectens.
1703 531 1769 602 121

352 676 551 756 bebantur.
578 673 685 750 Clam
705 672 983 780 recipiebantur
1003 671 1116 747 nullis
1141 670 1282 746 scilicet
1300 669 1536 776 presentibus
1558 671 1629 748 nisi
1652 671 1775 750 fratri-

354 810 425 888 bus
452 805 607 885 ordinis.
625 803 802 883 Cordulis
822 802 1066 912 cingebantur
1085 830 1199 907 super
1218 801 1385 878 camisias
1410 831 1496 877 cum
1522 803 1662 907 quibus
1676 804 1778 912 jace·

353 939 463 1027 bant,
489 963 589 1049 quas
605 935 805 1013 sumebant
828 935 931 1011 unde
951 931 1137 1009 volebant.
1160 931 1375 1038 lnjunctum
1396 927 1521 1006 fuitei
1543 957 1611 1037 per
1632 932 1775 1010 dictum

355 1069 506 1146 fratrem
525 1066 737 1144 lohannem
758 1063 932 1143 Godandi
949 1089 996 1138 ne
1011 1060 1193 1138 revelaret
1208 1077 1345 1137 secreta
1360 1059 1611 1165 capitulorum
1628 1090 1698 1139 nec
1713 1062 1777 1139 illa

355 1227 430 1305 que
450 1197 548 1276 dicta
568 1212 607 1273 et
624 1196 717 1272 lacta
736 1194 891 1272 luerunt
911 1193 950 1268 in
971 1191 1068 1269 dicta
1090 1191 1253 1297 grangia.
1275 1190 1316 1267 Si
1336 1191 1401 1297 qui
1423 1207 1528 1266 erant
1549 1191 1615 1297 qui
1641 1193 1779 1270 scirent

358 1356 502 1406 errores
521 1354 601 1404 esse
622 1325 661 1401 in
681 1325 831 1416 ordine,
848 1322 1079 1430 negligentes
1094 1321 1248 1398 luerunt
1261 1320 1347 1426 quia
1363 1348 1440 1396 non
1456 1338 1700 1399 correxerunt
1715 1351 1779 1399 eos

358 1486 427 1536 nec
447 1456 766 1534 denunciaverunt
784 1452 959 1530 Ecclesie.
977 1450 1210 1528 Elemosinas
1226 1467 1264 1526 et
1277 1449 1571 1554 hospitalitatem
1590 1451 1682 1528 vidit
1697 1450 1778 1527 lieri

359 1607 396 1666 et
414 1587 549 1666 servari
570 1575 835 1663 convenienter
855 1583 894 1656 iu
915 1579 1093 1657 domibus
1114 1579 1259 1656 ordinis
1279 1579 1318 1654 in
1338 1578 1477 1684 quibus
1497 1577 1568 1656 suit
1590 1609 1781 1657 conversa-

359 1736 430 1796 tus.
453 1715 617 1795 Grandia
637 1711 825 1801 scandala,
853 1709 1014 1816 suspicio
1039 1725 1076 1786 et
1102 1707 1253 1784 infamia
1274 1737 1376 1785 nunc
1399 1725 1488 1784 sunt
1507 1725 1633 1786 exorta
1653 1727 1781 1787 contra

360 1847 553 1934 ordinem,
575 1843 623 1920 ad
643 1843 748 1950 cujus
768 1839 1058 1928 deffensionem,
1080 1839 1177 1915 sicut
1196 1837 1368 1944 simplex,
1392 1865 1430 1914 se
1451 1837 1652 1915 obtulerat.
1740 1817 1746 1826 ’

415 1974 632 2082 Requisitus
647 1973 677 2050 si
693 1971 745 2048 sic
758 1970 985 2076 deposuerat
999 1995 1127 2075 prece,
1144 1984 1333 2075 precepto,
1349 1967 1499 2056 timore,
1515 1995 1660 2056 amore,
1678 1969 1780 2055 odio,

362 2105 419 2182 vel
438 2103 637 2211 temporali
658 2100 819 2179 comodo
839 2098 967 2177 habito
981 2098 1041 2177 vel
1060 2097 1248 2186 habendo,
1265 2097 1459 2202 respondit
1477 2096 1582 2204 quod
1602 2125 1694 2188 non,
1717 2098 1784 2176 sed

361 2263 430 2340 pro
449 2234 602 2312 veritate
626 2229 800 2317 dicenda;
826 2230 887 2305 cui
914 2228 987 2305 fuit
1012 2229 1227 2336 injunctum
1254 2226 1359 2333 quod
1386 2253 1462 2303 non
1482 2226 1662 2306 revelaret
1689 2229 1784 2304 hanc

364 2391 471 2441 suam
491 2360 789 2468 depositionem,
809 2385 1008 2464 quousque
1028 2357 1286 2434 attestaciones
1309 2355 1449 2433 fuerint
1468 2357 1669 2463 publicate.

419 2490 509 2568 Acta
527 2489 682 2567 fuerunt
700 2488 772 2566 hec
789 2487 898 2564 dictis
919 2487 980 2563 die
1001 2502 1040 2564 et
1056 2487 1151 2575 loco,
1173 2486 1410 2592 presentibus
1430 2486 1606 2593 magistro
1626 2487 1784 2574 Amisio,

365 2651 427 2700 me
459 2620 711 2698 Floriamonte
742 2614 961 2706 Dondedei,
998 2631 1036 2698 et
1064 2615 1145 2696 aliis
1174 2615 1329 2698 notariis
1358 2643 1470 2726 supra
1499 2615 1635 2695 ultimo
1665 2617 1788 2697 nomi-

367 2769 472 2829 natrs.

425 3015 513 3093 Post
535 3011 625 3104 hec,
658 3011 720 3091 die
747 3015 852 3091 Lune
880 3016 1069 3121 sequenti,
1099 3016 1164 3122 qui
1192 3013 1265 3094 luit
1289 3041 1413 3095 xxvnn
1432 3014 1514 3093 dies
1534 3016 1623 3093 dicti
1652 3016 1791 3092 mensis

368 3143 514 3234 Marcii,
535 3143 691 3222 fuerunt
706 3144 857 3222 adducti
872 3174 941 3251 pro
959 3146 1136 3236 testibus,
1153 3145 1193 3221 in
1210 3147 1324 3224 domo
1342 3144 1509 3252 predicta
1525 3143 1671 3222 domini
1688 3144 1790 3222 Petri

372 3277 420 3352 de
438 3273 640 3363 sabaudia,
657 3274 706 3351 ad
720 3275 951 3381 presenciam
967 3275 1154 3352 dictorum
1171 3273 1415 3353 dominorum
1432 3275 1790 3365 commissariorum,

372 3403 601 3482 Mimatensis
617 3421 655 3480 et
668 3403 942 3480 Lemovicensis
959 3404 1222 3509 episcoporum
1239 3421 1277 3480 et
1291 3403 1543 3481 archidiaconi
1561 3402 1791 3494 Tridentini,

372 3532 454 3610 aliis
473 3533 670 3625 excusatis,
692 3531 823 3610 fratres
844 3533 1072 3610 Bertrandus
1093 3535 1140 3611 de
1159 3533 1363 3612 Villaribus
1390 3550 1589 3639 preceptor
1615 3533 1663 3610 de
1687 3535 1793 3639 Rupe
1848 3601 1852 3618 ,

374 3663 498 3742 Sancti
517 3664 622 3740 Pauli
642 3663 968 3770 Petragoricensis,
996 3661 1226 3742 Guillelmus
1249 3662 1420 3739 Textoris
1440 3679 1591 3740 curatus
1616 3663 1662 3740 de
1683 3661 1796 3740 Sellis

374 3793 707 3881 Claramontensis,
730 3792 947 3899 presbiteri3
969 3791 1197 3872 Guillelmus
1215 3793 1262 3870 de
1280 3795 1445 3900 Marsyas
1459 3793 1794 3880 Claramontensis,

375 3921 502 4000 Guido
521 3921 556 3998 la
576 3921 811 4000 Chastaneda
835 3923 1125 4013 Lemovicensis,
1148 3922 1308 4014 milites3
1328 3923 1518 4000 lohannes
1545 3922 1593 4000 de
1613 3921 1797 4001 Mendaco

376 4067 571 4157 preceptor
590 4052 774 4140 Marchie‚
796 4054 986 4130 lohannes
1006 4051 1171 4130 Senandi
1191 4069 1389 4159 preceptor
1403 4051 1585 4142 Folhose,
1609 4053 1799 4130 lohannes

378 4181 495 4258 Adam
527 4198 724 4288 preceptor
760 4183 938 4272 Turrete,
969 4183 1077 4289 Hugo
1114 4183 1310 4261 Charnerii
1350 4201 1547 4289 preceptor
1581 4183 1628 4260 de
1663 4185 1799 4262 Sancto

379 4311 557 4388 Porciano
581 4309 916 4401 Claramontensis,
938 4313 1117 4419 Rogerius
1144 4312 1180 4390 la
1206 4313 1331 4391 Rocha
1358 4311 1617 4406 Bituricensis,
1647 4332 1684 4390 et
1712 4314 1801 4390 Ber-

378 4439 534 4517 trandus
547 4440 596 4519 de
615 4441 781 4519 Ansonio
792 4442 1107 4520 Claramontensis
1124 4442 1341 4531 diocesium,
1359 4443 1579 4534 servientes,
1596 4445 1677 4551 qui,
1693 4444 1801 4522 tactis

353 4571 620 4649 sacrosanctis
648 4571 874 4677 Evangeliis,
900 4571 1121 4678 juraverunt
1152 4573 1276 4650 dicere
1301 4573 1340 4649 in
1365 4572 1435 4650 isto
1460 4573 1616 4680 negocio
1651 4573 1801 4680 plenam

382 4716 419 4778 et
438 4727 582 4778 meram
602 4700 812 4789 veritatem,
835 4703 1043 4780 secundum
1064 4701 1224 4779 sormam
1240 4703 1444 4811 juramenti
1466 4703 1627 4782 aliorum
1647 4705 1801 4782 testium

382 4829 555 4936 superius
574 4831 823 4938 registratam,
847 4831 1050 4937 expositam
1070 4850 1108 4910 et
1128 4832 1388 4940 vulgaritatem
1409 4834 1572 4924 eisdem,
1595 4850 1633 4910 et
1651 4833 1807 4912 luerunt

470 4967 577 5032 nocte
599 4991 652 5034 nra
673 4990 844 5032 rnuncrms.
858 5003 901 5016 -
913 4991 947 5039 n,
1620 4969 1656 5032 16
