4320 5898
735 462 934 555 raoous
960 479 1056 552 ons
1081 477 1384 552 tournines.
1753 481 1772 550 7

346 621 447 702 dinis
472 639 510 699 et
540 621 698 700 barbam
727 613 926 713 defferens,
955 622 1021 729 qui
1044 619 1116 699 fuit
1138 637 1366 728 protestatus
1391 619 1496 727 quod
1513 645 1592 698 non
1612 619 1775 698 intendit
1829 728 1831 733 Ι

345 755 524 834 recedere
541 785 562 832 a
585 755 828 863 deposicione
849 784 918 863 per
938 783 1027 834 eum
1051 754 1147 832 sacta
1166 781 1292 868 coram
1314 751 1472 830 domino
1493 751 1773 864 archiepiscopo

345 889 599 977 xantonensi,
628 917 697 995 per
720 915 837 998 quem
857 887 1054 966 absolutus
1079 905 1117 965 et
1140 885 1403 966 reconciliatus
1427 883 1550 963 fuerat
1574 887 1675 993 apud
1699 889 1776 965 Ru·

344 1020 507 1128 pellam,
529 1021 745 1131 octuaginta
764 1049 950 1098 annorum
972 1019 1030 1098 vel
1052 1021 1162 1111 circa,
1185 1017 1292 1096 lectis
1311 1035 1349 1098 et
1372 1018 1574 1126 diligenter
1599 1019 1776 1126 expositis

345 1150 417 1230 sibi
439 1151 620 1229 omnibus
640 1170 678 1230 et
696 1150 855 1260 singulis
873 1150 1056 1244 articulis,
1079 1150 1276 1256 respondit
1288 1179 1327 1226 se
1350 1147 1476 1260 nichil
1487 1148 1599 1238 scire,
1619 1150 1775 1228 credere

344 1283 405 1362 vel
424 1283 610 1363 audivisse
638 1284 712 1362 dici
734 1286 781 1363 de
808 1283 995 1362 contentis
1018 1283 1059 1362 in
1085 1283 1139 1360 eis
1158 1283 1231 1360 nisi
1251 1283 1356 1389 qnod
1380 1281 1564 1389 sequitur.
1591 1281 1777 1361 Videlicet

346 1417 451 1522 quod
467 1416 548 1523 ipse
569 1418 610 1493 in
629 1417 850 1523 recepcione
864 1445 932 1496 sua
951 1417 999 1494 de
1018 1413 1126 1495 nullo
1145 1414 1278 1493 illicito
1293 1413 1353 1492 vel
1366 1415 1570 1492 inhonesto
1584 1413 1707 1492 luerat
1719 1441 1778 1492 re·

347 1547 510 1655 quisitus
526 1547 585 1626 vel
599 1535 825 1640 solicitatus,
848 1575 918 1626 nec
936 1565 1023 1655 post
1041 1545 1319 1655 recepcionem,
1342 1575 1413 1624 nec
1436 1545 1531 1630 vidit
1548 1545 1632 1624 fieri
1651 1547 1692 1624 in
1716 1575 1777 1625 re·

348 1678 591 1785 cepoionibus
617 1679 780 1758 aliorum
809 1678 950 1786 quibus
971 1679 1143 1761 adfuerat
1170 1707 1241 1756 noc
1262 1697 1359 1786 post.
1385 1680 1469 1786 Ipse
1495 1695 1622 1755 autem
1651 1677 1776 1756 fuerat

346 1828 533 1918 receptus,
547 1811 587 1887 in
600 1811 738 1919 vigillia
752 1809 960 1888 Nativitatis
972 1811 1125 1887 Domini
1142 1811 1313 1916 proximo
1328 1810 1498 1918 preteriti
1510 1809 1665 1886 fuerunt
1675 1837 1778 1888 sexa·

348 1942 450 2049 ginta
465 1942 543 2020 duo
560 1943 650 2019 anni
669 1942 860 2033 veletrae,
878 1943 918 2018 in
937 1941 1078 2048 capella
1099 1941 1239 2022 domus
1258 1943 1410 2048 Templi
1429 1942 1477 2019 de
1496 1943 1644 2020 Roches
1660 1943 1778 2021 Picta·

348 2073 469 2151 vensis
490 2071 666 2165 diocesis,
694 2101 764 2180 per
782 2072 935 2150 fratrem
957 2074 1159 2178 Hugonem
1180 2071 1349 2151 Grisardi
1372 2072 1535 2150 militem
1562 2074 1774 2181 quondam,

348 2209 609 2311 preceptorem
629 2221 721 2282 tunc
738 2203 957 2312 Aquitanis,
978 2203 1219 2310 presentibus
1238 2203 1416 2281 tratribus
1439 2204 1605 2282 Roberto
1620 2205 1777 2314 Anglico

349 2353 569 2443 preceptore
593 2336 641 2413 de
667 2338 789 2413 Banes
812 2335 1064 2414 Xantonensis
1094 2333 1255 2414 diocesis
1284 2334 1485 2426 serviente,
1507 2335 1700 2414 Francone
1729 2341 1776 2416 de

347 2471 440 2553 Bort
472 2486 563 2546 tunc
588 2485 808 2576 preceptore
837 2468 884 2547 de
912 2467 1195 2559 Lemoaucinio,
1234 2467 1400 2574 Symone
1428 2465 1475 2544 de
1510 2466 1654 2577 Nigella
1687 2487 1779 2548 tunc

349 2617 568 2707 preceptore
599 2601 647 2678 de
679 2599 806 2678 lnsula
836 2599 1045 2688 Bochardi,
1077 2597 1279 2690 militibus,
1313 2617 1351 2676 et
1378 2595 1554 2707 pluribus
1587 2598 1670 2677 aliis
1702 2599 1781 2702 del·

349 2727 504 2818 lunctis,
533 2731 572 2807 in
597 2732 702 2809 hunc
730 2731 916 2810 modum:
946 2760 1036 2808 nam
1070 2760 1159 2809 cum
1186 2730 1331 2840 pluries
1353 2729 1578 2838 interpolate
1606 2730 1780 2839 peciisset

350 2889 488 2973 panem
518 2879 556 2940 et
584 2891 741 2971 aquam,
778 2863 996 2968 societatem
1024 2880 1061 2940 et
1086 2890 1291 2971 pauperem
1323 2863 1500 2940 vestitum
1534 2862 1704 2957 ordinis,
1743 2879 1802 2942 et·

350 3023 575 3100 responsum
589 2993 724 3072 fuisset
743 2996 777 3073 ei
794 2996 899 3102 quod
914 2994 1015 3072 bene
1034 2994 1261 3072 deliberaret
1279 3022 1393 3102 super
1407 2995 1497 3088 hoo,
1515 3009 1553 3071 et
1569 2993 1640 3102 ipsi
1661 2995 1779 3074 eciam

353 3125 631 3219 deliberarent,
666 3127 829 3205 finaliter
863 3155 1040 3205 concesso
1072 3127 1178 3234 quod
1209 3127 1395 3234 reciperet
1425 3149 1537 3218 eum,
1570 3124 1660 3204 fecit
1692 3157 1780 3206 eum

352 3287 484 3338 vovere
510 3275 548 3349 et
560 3258 691 3366 jurare
714 3287 828 3366 super
848 3257 1044 3366 quoddam
1069 3258 1218 3337 missale
1239 3275 1428 3368 apermm,
1453 3259 1521 3336 ubi
1541 3276 1620 3336 erat
1646 3287 1779 3369 yrungo

353 3389 547 3481 Crucifixi,
568 3407 606 3468 et
625 3417 814 3497 apponere
829 3419 965 3469 manus
983 3419 1068 3468 suas
1087 3419 1204 3498 prope
1224 3419 1408 3470 canonem
1423 3391 1476 3470 ibi
1498 3393 1549 3469 Te
1571 3397 1678 3497 ipitur
1697 3407 1775 3480 etc„

353 3522 454 3628 quod
477 3521 616 3599 viveret
635 3522 715 3602 sine
734 3523 908 3630 proprio,
927 3549 1072 3601 servare
1094 3524 1318 3616 castitatem,
1340 3524 1619 3612 obedienciam,
1638 3539 1675 3601 et
1692 3523 1795 3602 obe?

353 3653 436 3730 dire
454 3653 634 3731 omnibus
648 3653 935 3761 preceptoribus
955 3654 1052 3744 suis,
1073 3681 1216 3732 servare
1235 3654 1359 3732 bonos
1378 3682 1470 3732 usus
1489 3670 1527 3732 et
1548 3654 1667 3731 bonas
1694 3681 1783 3732 con-

353 3785 576 3863 suetudines
598 3785 760 3878 ordinis,
782 3802 822 3863 et
836 3786 943 3894 quod
961 3813 1040 3864 non
1061 3803 1158 3864 esset
1177 3786 1217 3864 in
1237 3786 1322 3864 loco
1343 3785 1410 3864 ubi
1427 3786 1562 3892 aliquis
1579 3785 1783 3864 exhereda-

353 3933 459 3996 retur
482 3917 633 4023 injuste.
655 3919 745 3995 Post
762 3947 837 4025 que
860 3918 1041 4026 imposuit
1060 3917 1131 3996 sibi
1158 3917 1401 4007 mantellum,
1424 3933 1462 3994 et
1488 3919 1567 4024 ipse
1591 3935 1628 3996 et
1652 3917 1804 3997 fratres·

354 4065 516 4126 astantes
551 4048 707 4126 fuerunt
734 4076 833 4150 etim⁸
854 4047 1012 4127 osculati
1042 4050 1082 4126 in
1108 4077 1185 4129 ore.
1215 4051 1348 4130 Postea
1374 4049 1549 4128 instruxit
1576 4079 1665 4129 eum
1691 4067 1785 4159 quot

353 4181 465 4258 Pater
479 4194 594 4259 noster
608 4180 752 4258 diceret
768 4208 840 4288 pro
860 4179 965 4258 horis
980 4183 1072 4274 suis,
1094 4179 1259 4288 qualiter
1272 4183 1436 4292 jaceret,
1458 4200 1495 4259 et
1514 4185 1619 4289 quod
1640 4199 1785 4262 caveret

354 4309 425 4388 sibi
447 4310 702 4418 specialitera
729 4311 885 4392 crimine
911 4313 1155 4406 sodomitico,
1186 4315 1276 4422 quia
1304 4312 1333 4391 si
1365 4315 1636 4406 committeret,
1665 4343 1785 4423 pone-

354 4459 459 4520 retur
469 4443 509 4520 in
520 4471 665 4522 carcere
675 4461 882 4552 perpetuo,
901 4461 939 4523 et
949 4445 1056 4552 quod
1071 4473 1148 4524 non
1164 4445 1348 4526 revelaret
1361 4461 1502 4524 secreta
1515 4447 1780 4554 capitulorum.

354 4572 412 4651 De
432 4573 540 4654 nullo
563 4591 690 4653 autem
715 4573 847 4655 illicito
873 4576 932 4654 v'el
958 4575 1160 4658 inhonesto
1188 4576 1260 4655 fuit
1285 4575 1341 4655 illi
1372 4575 1467 4656 facta
1493 4579 1643 4657 mencio
1666 4580 1706 4656 in
1729 4609 1788 4658 re·

356 4687 626 4812 cepcionesua
648 4705 708 4787 vel
733 4725 839 4816 post3
860 4737 931 4786 nec
951 4708 1031 4816 ipse
1055 4708 1145 4786 lecit
1172 4708 1276 4798 lieri,
1300 4739 1368 4788 nec
1388 4710 1572 4818 precepit,
1594 4739 1664 4788 nec
1684 4711 1788 4789 scivit

358 4841 462 4946 quod
490 4839 629 4918 fierent
651 4840 691 4933 in
715 4840 1003 4949 recepcionibus
1027 4841 1182 4919 illorum
1205 4869 1302 4951 quos
1326 4842 1407 4950 ipse
1435 4843 1579 4950 recepit
1595 4871 1665 4921 nec
1688 4858 1785 4949 post.
