<?xml version="1.0" encoding="UTF-8"?>
<!DOCTYPE html PUBLIC "-//W3C//DTD XHTML 1.0 Transitional//EN"
    "http://www.w3.org/TR/xhtml1/DTD/xhtml1-transitional.dtd">
<html xmlns="http://www.w3.org/1999/xhtml" xml:lang="en" lang="en">
 <head>
  <title>
</title>
<meta http-equiv="Content-Type" content="text/html;charset=utf-8" />
  <meta name='ocr-system' content='tesseract 3.04.00' />
  <meta name='ocr-capabilities' content='ocr_page ocr_carea ocr_par ocr_line ocrx_word'/>
</head>
<body>
  <div class='ocr_page' id='page_1' title='image "./procsdestemplie03defegoog_0411.png"; bbox 0 0 4210 5882; ppageno 0'>
   <div class='ocr_carea' id='block_1_1' title="bbox 563 525 1740 626">
    <p class='ocr_par' dir='ltr' id='par_1_1' title="bbox 563 525 1740 626">
     <span class='ocr_line' id='line_1_1' title="bbox 563 525 1740 626; baseline 0.005 -9"><span class='ocrx_word' id='word_1_1' title='bbox 563 580 568 590; x_wconf 87' lang='lat'><strong>·</strong></span> <span class='ocrx_word' id='word_1_2' title='bbox 657 571 661 580; x_wconf 93' lang='lat'><strong>·</strong></span> <span class='ocrx_word' id='word_1_3' title='bbox 702 525 899 620; x_wconf 75' lang='lat' dir='ltr'>mouns</span> <span class='ocrx_word' id='word_1_4' title='bbox 925 547 1021 619; x_wconf 83' lang='lat' dir='ltr'>ons</span> <span class='ocrx_word' id='word_1_5' title='bbox 1047 547 1346 622; x_wconf 74' lang='lat' dir='ltr'>reuertens.</span> <span class='ocrx_word' id='word_1_6' title='bbox 1667 551 1740 626; x_wconf 80' lang='lat' dir='ltr'>see</span> 
     </span>
    </p>
   </div>
   <div class='ocr_carea' id='block_1_2' title="bbox 312 683 1744 927">
    <p class='ocr_par' dir='ltr' id='par_1_2' title="bbox 312 683 1744 927">
     <span class='ocr_line' id='line_1_2' title="bbox 312 683 1744 795; baseline 0.005 -35"><span class='ocrx_word' id='word_1_7' title='bbox 312 683 489 764; x_wconf 85' lang='lat' dir='ltr'>mandato</span> <span class='ocrx_word' id='word_1_8' title='bbox 516 685 674 791; x_wconf 85' lang='lat' dir='ltr'>predicti</span> <span class='ocrx_word' id='word_1_9' title='bbox 704 688 966 777; x_wconf 89' lang='lat' dir='ltr'>commissarii,</span> <span class='ocrx_word' id='word_1_10' title='bbox 986 689 1085 794; x_wconf 35' lang='lat' dir='ltr'>‘huic</span> <span class='ocrx_word' id='word_1_11' title='bbox 1108 687 1259 795; x_wconf 90' lang='lat' dir='ltr'>publico</span> <span class='ocrx_word' id='word_1_12' title='bbox 1291 691 1538 768; x_wconf 88' lang='lat' dir='ltr'>instrumento</span> <span class='ocrx_word' id='word_1_13' title='bbox 1569 717 1630 782; x_wconf 85' lang='lat' dir='ltr'>me</span> <span class='ocrx_word' id='word_1_14' title='bbox 1655 690 1744 768; x_wconf 91' lang='lat' dir='ltr'>sub·</span> 
     </span>
     <span class='ocr_line' id='line_1_3' title="bbox 313 815 1343 927; baseline 0.004 -33"><span class='ocrx_word' id='word_1_15' title='bbox 313 817 460 922; x_wconf 83' lang='lat' dir='ltr'><strong>scripsi,</strong></span> <span class='ocrx_word' id='word_1_16' title='bbox 482 815 654 924; x_wconf 88' lang='lat' dir='ltr'>illudque</span> <span class='ocrx_word' id='word_1_17' title='bbox 675 818 782 925; x_wconf 91' lang='lat' dir='ltr'>signo</span> <span class='ocrx_word' id='word_1_18' title='bbox 797 846 882 895; x_wconf 89' lang='lat' dir='ltr'>mco</span> <span class='ocrx_word' id='word_1_19' title='bbox 898 817 1009 898; x_wconf 92' lang='lat' dir='ltr'>solito</span> <span class='ocrx_word' id='word_1_20' title='bbox 1026 820 1164 927; x_wconf 81' lang='lat' dir='ltr'>signavi</span> <span class='ocrx_word' id='word_1_21' title='bbox 1180 838 1343 926; x_wconf 90' lang='lat' dir='ltr'>rogatus.</span> 
     </span>
    </p>
   </div>
   <div class='ocr_carea' id='block_1_3' title="bbox 315 1079 1747 1972">
    <p class='ocr_par' dir='ltr' id='par_1_3' title="bbox 328 1079 1747 1188">
     <span class='ocr_line' id='line_1_4' title="bbox 328 1079 1747 1188; baseline 0 -32"><span class='ocrx_word' id='word_1_22' title='bbox 328 1117 330 1122; x_wconf 96' lang='lat'>·</span> <span class='ocrx_word' id='word_1_23' title='bbox 370 1080 418 1156; x_wconf 89' lang='lat' dir='ltr'>Et</span> <span class='ocrx_word' id='word_1_24' title='bbox 433 1105 502 1188; x_wconf 88' lang='lat' dir='ltr'>ego</span> <span class='ocrx_word' id='word_1_25' title='bbox 519 1080 680 1158; x_wconf 80' lang='lat' dir='ltr'>lacobus</span> <span class='ocrx_word' id='word_1_26' title='bbox 700 1079 747 1157; x_wconf 93' lang='lat' dir='ltr'>de</span> <span class='ocrx_word' id='word_1_27' title='bbox 767 1080 916 1158; x_wconf 92' lang='lat' dir='ltr'>Virtuto</span> <span class='ocrx_word' id='word_1_28' title='bbox 933 1081 1088 1159; x_wconf 89' lang='lat' dir='ltr'>clericus</span> <span class='ocrx_word' id='word_1_29' title='bbox 1108 1082 1417 1160; x_wconf 85' lang='lat' dir='ltr'>Cathalaunensis</span> <span class='ocrx_word' id='word_1_30' title='bbox 1432 1081 1608 1169; x_wconf 88' lang='lat' dir='ltr'>diocesis,</span> <span class='ocrx_word' id='word_1_31' title='bbox 1625 1079 1747 1186; x_wconf 92' lang='lat' dir='ltr'>publi-</span> 
     </span>
    </p>

    <p class='ocr_par' dir='ltr' id='par_1_4' title="bbox 316 1209 1743 1319">
     <span class='ocr_line' id='line_1_5' title="bbox 316 1209 1743 1319; baseline 0.001 -33"><span class='ocrx_word' id='word_1_32' title='bbox 316 1237 380 1286; x_wconf 91' lang='lat' dir='ltr'>cus</span> <span class='ocrx_word' id='word_1_33' title='bbox 408 1209 589 1316; x_wconf 88' lang='lat' dir='ltr'>imperiali</span> <span class='ocrx_word' id='word_1_34' title='bbox 614 1211 830 1289; x_wconf 86' lang='lat' dir='ltr'>auctoritate</span> <span class='ocrx_word' id='word_1_35' title='bbox 867 1212 1048 1300; x_wconf 85' lang='lat' dir='ltr'>notarius,</span> <span class='ocrx_word' id='word_1_36' title='bbox 1082 1214 1273 1319; x_wconf 84' lang='lat' dir='ltr'>premissis</span> <span class='ocrx_word' id='word_1_37' title='bbox 1296 1211 1473 1291; x_wconf 89' lang='lat' dir='ltr'>omnibus</span> <span class='ocrx_word' id='word_1_38' title='bbox 1503 1228 1542 1289; x_wconf 90' lang='lat' dir='ltr'>et</span> <span class='ocrx_word' id='word_1_39' title='bbox 1570 1210 1743 1319; x_wconf 88' lang='lat' dir='ltr'>singulis,</span> 
     </span>
    </p>

    <p class='ocr_par' dir='ltr' id='par_1_5' title="bbox 315 1341 1743 1449">
     <span class='ocr_line' id='line_1_6' title="bbox 315 1341 1743 1449; baseline 0.001 -31"><span class='ocrx_word' id='word_1_40' title='bbox 315 1359 428 1447; x_wconf 87' lang='lat' dir='ltr'>prout</span> <span class='ocrx_word' id='word_1_41' title='bbox 439 1343 478 1418; x_wconf 94' lang='lat' dir='ltr'>in</span> <span class='ocrx_word' id='word_1_42' title='bbox 489 1341 651 1447; x_wconf 79' lang='lat' dir='ltr'>presenti</span> <span class='ocrx_word' id='word_1_43' title='bbox 668 1359 767 1420; x_wconf 86' lang='lat' dir='ltr'>carta</span> <span class='ocrx_word' id='word_1_44' title='bbox 781 1368 850 1420; x_wconf 90' lang='lat' dir='ltr'>scu</span> <span class='ocrx_word' id='word_1_45' title='bbox 861 1343 966 1448; x_wconf 87' lang='lat' dir='ltr'>pecia</span> <span class='ocrx_word' id='word_1_46' title='bbox 982 1361 1021 1420; x_wconf 88' lang='lat' dir='ltr'>et</span> <span class='ocrx_word' id='word_1_47' title='bbox 1034 1343 1325 1449; x_wconf 79' lang='lat' dir='ltr'>precedentibus</span> <span class='ocrx_word' id='word_1_48' title='bbox 1335 1343 1483 1449; x_wconf 91' lang='lat' dir='ltr'>plenius</span> <span class='ocrx_word' id='word_1_49' title='bbox 1491 1342 1743 1429; x_wconf 90' lang='lat' dir='ltr'>continentur,</span> 
     </span>
    </p>

    <p class='ocr_par' dir='ltr' id='par_1_6' title="bbox 317 1471 1743 1580">
     <span class='ocr_line' id='line_1_7' title="bbox 317 1471 1743 1580; baseline 0.001 -32"><span class='ocrx_word' id='word_1_50' title='bbox 317 1499 390 1548; x_wconf 90' lang='lat' dir='ltr'>una</span> <span class='ocrx_word' id='word_1_51' title='bbox 411 1501 497 1549; x_wconf 90' lang='lat' dir='ltr'>cum</span> <span class='ocrx_word' id='word_1_52' title='bbox 517 1471 674 1550; x_wconf 90' lang='lat' dir='ltr'>testibus</span> <span class='ocrx_word' id='word_1_53' title='bbox 697 1490 736 1549; x_wconf 90' lang='lat' dir='ltr'>et</span> <span class='ocrx_word' id='word_1_54' title='bbox 754 1473 909 1550; x_wconf 89' lang='lat' dir='ltr'>notariis</span> <span class='ocrx_word' id='word_1_55' title='bbox 929 1502 1039 1579; x_wconf 89' lang='lat' dir='ltr'>supra</span> <span class='ocrx_word' id='word_1_56' title='bbox 1063 1491 1101 1550; x_wconf 88' lang='lat' dir='ltr'>et</span> <span class='ocrx_word' id='word_1_57' title='bbox 1120 1472 1216 1550; x_wconf 83' lang='lat' dir='ltr'>infra</span> <span class='ocrx_word' id='word_1_58' title='bbox 1236 1474 1381 1579; x_wconf 87' lang='lat' dir='ltr'>scriptis</span> <span class='ocrx_word' id='word_1_59' title='bbox 1400 1500 1553 1580; x_wconf 90' lang='lat' dir='ltr'>presens</span> <span class='ocrx_word' id='word_1_60' title='bbox 1577 1472 1743 1560; x_wconf 88' lang='lat' dir='ltr'>interlui,</span> 
     </span>
    </p>

    <p class='ocr_par' dir='ltr' id='par_1_7' title="bbox 318 1601 1747 1708">
     <span class='ocr_line' id='line_1_8' title="bbox 318 1601 1747 1708; baseline 0.001 -30"><span class='ocrx_word' id='word_1_61' title='bbox 318 1619 371 1689; x_wconf 91' lang='lat' dir='ltr'>et,</span> <span class='ocrx_word' id='word_1_62' title='bbox 391 1603 439 1680; x_wconf 87' lang='lat' dir='ltr'>ad</span> <span class='ocrx_word' id='word_1_63' title='bbox 449 1603 668 1682; x_wconf 89' lang='lat' dir='ltr'>mandatum</span> <span class='ocrx_word' id='word_1_64' title='bbox 683 1620 720 1680; x_wconf 87' lang='lat' dir='ltr'>ct</span> <span class='ocrx_word' id='word_1_65' title='bbox 737 1603 1030 1708; x_wconf 88' lang='lat' dir='ltr'>requisicionem</span> <span class='ocrx_word' id='word_1_66' title='bbox 1048 1603 1138 1682; x_wconf 91' lang='lat' dir='ltr'>dicti</span> <span class='ocrx_word' id='word_1_67' title='bbox 1156 1601 1416 1689; x_wconf 87' lang='lat' dir='ltr'>commissarii,</span> <span class='ocrx_word' id='word_1_68' title='bbox 1436 1604 1508 1681; x_wconf 92' lang='lat' dir='ltr'>hoc</span> <span class='ocrx_word' id='word_1_69' title='bbox 1522 1604 1747 1682; x_wconf 81' lang='lat' dir='ltr'>iustrumen-</span> 
     </span>
    </p>

    <p class='ocr_par' dir='ltr' id='par_1_8' title="bbox 317 1732 1746 1972">
     <span class='ocr_line' id='line_1_9' title="bbox 317 1732 1746 1841; baseline 0.001 -33"><span class='ocrx_word' id='word_1_70' title='bbox 317 1751 397 1808; x_wconf 89' lang='lat' dir='ltr'>tum</span> <span class='ocrx_word' id='word_1_71' title='bbox 413 1761 526 1811; x_wconf 88' lang='lat' dir='ltr'>manu</span> <span class='ocrx_word' id='word_1_72' title='bbox 535 1733 685 1839; x_wconf 89' lang='lat' dir='ltr'>propria</span> <span class='ocrx_word' id='word_1_73' title='bbox 701 1735 830 1840; x_wconf 88' lang='lat' dir='ltr'>scripsi</span> <span class='ocrx_word' id='word_1_74' title='bbox 843 1735 882 1810; x_wconf 91' lang='lat' dir='ltr'>in</span> <span class='ocrx_word' id='word_1_75' title='bbox 892 1734 1153 1840; x_wconf 86' lang='lat' dir='ltr'>testimonium</span> <span class='ocrx_word' id='word_1_76' title='bbox 1164 1735 1454 1840; x_wconf 85' lang='lat' dir='ltr'>premissorum,</span> <span class='ocrx_word' id='word_1_77' title='bbox 1477 1732 1648 1841; x_wconf 90' lang='lat' dir='ltr'>illudque</span> <span class='ocrx_word' id='word_1_78' title='bbox 1661 1762 1746 1811; x_wconf 91' lang='lat' dir='ltr'>meo</span> 
     </span>
     <span class='ocr_line' id='line_1_10' title="bbox 318 1862 895 1972; baseline 0.005 -33"><span class='ocrx_word' id='word_1_79' title='bbox 318 1864 425 1968; x_wconf 90' lang='lat' dir='ltr'>signo</span> <span class='ocrx_word' id='word_1_80' title='bbox 444 1862 556 1940; x_wconf 90' lang='lat' dir='ltr'>solito</span> <span class='ocrx_word' id='word_1_81' title='bbox 574 1863 711 1972; x_wconf 85' lang='lat' dir='ltr'>signavi</span> <span class='ocrx_word' id='word_1_82' title='bbox 733 1880 895 1970; x_wconf 88' lang='lat' dir='ltr'>rogatus.</span> 
     </span>
    </p>
   </div>
   <div class='ocr_carea' id='block_1_4' title="bbox 204 2125 1751 2888">
    <p class='ocr_par' dir='ltr' id='par_1_9' title="bbox 204 2125 1749 2628">
     <span class='ocr_line' id='line_1_11' title="bbox 373 2125 1749 2234; baseline 0.001 -33"><span class='ocrx_word' id='word_1_83' title='bbox 373 2127 421 2202; x_wconf 86' lang='lat' dir='ltr'>Et</span> <span class='ocrx_word' id='word_1_84' title='bbox 447 2155 516 2233; x_wconf 88' lang='lat' dir='ltr'>ego</span> <span class='ocrx_word' id='word_1_85' title='bbox 546 2127 693 2204; x_wconf 86' lang='lat' dir='ltr'>Evcnus</span> <span class='ocrx_word' id='word_1_86' title='bbox 712 2126 822 2234; x_wconf 82' lang='lat' dir='ltr'>Phily</span> <span class='ocrx_word' id='word_1_87' title='bbox 863 2125 909 2202; x_wconf 89' lang='lat' dir='ltr'>de</span> <span class='ocrx_word' id='word_1_88' title='bbox 939 2127 1076 2205; x_wconf 86' lang='lat' dir='ltr'>Sancto</span> <span class='ocrx_word' id='word_1_89' title='bbox 1108 2127 1252 2204; x_wconf 86' lang='lat' dir='ltr'>Nicasio</span> <span class='ocrx_word' id='word_1_90' title='bbox 1277 2125 1434 2204; x_wconf 90' lang='lat' dir='ltr'>clericus</span> <span class='ocrx_word' id='word_1_91' title='bbox 1461 2127 1749 2232; x_wconf 86' lang='lat' dir='ltr'>Corisopitensis</span> 
     </span>
     <span class='ocr_line' id='line_1_12' title="bbox 204 2255 1749 2366; baseline 0.001 -34"><span class='ocrx_word' id='word_1_92' title='bbox 204 2358 211 2366; x_wconf 31' lang='grc' dir='ltr'>Ι</span> <span class='ocrx_word' id='word_1_93' title='bbox 320 2257 493 2344; x_wconf 90' lang='lat' dir='ltr'>diocesis,</span> <span class='ocrx_word' id='word_1_94' title='bbox 511 2256 712 2363; x_wconf 85' lang='lat' dir='ltr'>apostolica</span> <span class='ocrx_word' id='word_1_95' title='bbox 734 2255 904 2362; x_wconf 93' lang='lat' dir='ltr'>publicus</span> <span class='ocrx_word' id='word_1_96' title='bbox 925 2258 1144 2334; x_wconf 88' lang='lat' dir='ltr'>auctoritate</span> <span class='ocrx_word' id='word_1_97' title='bbox 1159 2257 1342 2345; x_wconf 89' lang='lat' dir='ltr'>notarius,</span> <span class='ocrx_word' id='word_1_98' title='bbox 1364 2258 1555 2363; x_wconf 89' lang='lat' dir='ltr'>premissis</span> <span class='ocrx_word' id='word_1_99' title='bbox 1573 2257 1749 2334; x_wconf 90' lang='lat' dir='ltr'>omnibus</span> 
     </span>
     <span class='ocr_line' id='line_1_13' title="bbox 319 2385 1749 2496; baseline -0.002 -31"><span class='ocrx_word' id='word_1_100' title='bbox 319 2406 357 2465; x_wconf 92' lang='lat' dir='ltr'>et</span> <span class='ocrx_word' id='word_1_101' title='bbox 376 2385 532 2496; x_wconf 86' lang='lat' dir='ltr'>singulis</span> <span class='ocrx_word' id='word_1_102' title='bbox 545 2387 731 2476; x_wconf 86' lang='lat' dir='ltr'>contentis</span> <span class='ocrx_word' id='word_1_103' title='bbox 746 2387 786 2463; x_wconf 93' lang='lat' dir='ltr'>in</span> <span class='ocrx_word' id='word_1_104' title='bbox 807 2387 970 2492; x_wconf 85' lang='lat' dir='ltr'>presenti</span> <span class='ocrx_word' id='word_1_105' title='bbox 993 2405 1030 2464; x_wconf 90' lang='lat' dir='ltr'>et</span> <span class='ocrx_word' id='word_1_106' title='bbox 1043 2385 1332 2492; x_wconf 85' lang='lat' dir='ltr'>precedentibus</span> <span class='ocrx_word' id='word_1_107' title='bbox 1348 2387 1457 2465; x_wconf 87' lang='lat' dir='ltr'>cartis</span> <span class='ocrx_word' id='word_1_108' title='bbox 1477 2388 1588 2466; x_wconf 91' lang='lat' dir='ltr'>simul</span> <span class='ocrx_word' id='word_1_109' title='bbox 1604 2387 1697 2466; x_wconf 90' lang='lat' dir='ltr'>sutis</span> <span class='ocrx_word' id='word_1_110' title='bbox 1713 2405 1749 2464; x_wconf 90' lang='lat' dir='ltr'>et</span> 
     </span>
     <span class='ocr_line' id='line_1_14' title="bbox 320 2517 1748 2628; baseline -0.003 -31"><span class='ocrx_word' id='word_1_111' title='bbox 320 2520 425 2628; x_wconf 89' lang='lat' dir='ltr'>signo</span> <span class='ocrx_word' id='word_1_112' title='bbox 452 2545 539 2594; x_wconf 90' lang='lat' dir='ltr'>meo</span> <span class='ocrx_word' id='word_1_113' title='bbox 569 2517 738 2625; x_wconf 89' lang='lat' dir='ltr'>signatis,</span> <span class='ocrx_word' id='word_1_114' title='bbox 767 2534 917 2623; x_wconf 81' lang='lat' dir='ltr'>excepta</span> <span class='ocrx_word' id='word_1_115' title='bbox 945 2535 1072 2594; x_wconf 86' lang='lat' dir='ltr'>tamen</span> <span class='ocrx_word' id='word_1_116' title='bbox 1098 2517 1331 2594; x_wconf 85' lang='lat' dir='ltr'>confessione</span> <span class='ocrx_word' id='word_1_117' title='bbox 1359 2517 1596 2624; x_wconf 72' lang='lat' dir='ltr'>precedentis</span> <span class='ocrx_word' id='word_1_118' title='bbox 1623 2517 1748 2595; x_wconf 90' lang='lat' dir='ltr'>ultimi</span> 
     </span>
    </p>

    <p class='ocr_par' dir='ltr' id='par_1_10' title="bbox 228 2646 1751 2888">
     <span class='ocr_line' id='line_1_15' title="bbox 319 2646 1749 2754; baseline 0.001 -30"><span class='ocrx_word' id='word_1_119' title='bbox 319 2649 438 2735; x_wconf 91' lang='lat' dir='ltr'>testis,</span> <span class='ocrx_word' id='word_1_120' title='bbox 454 2663 607 2753; x_wconf 85' lang='lat' dir='ltr'>prescn&#39;s</span> <span class='ocrx_word' id='word_1_121' title='bbox 622 2646 774 2724; x_wconf 83' lang='lat' dir='ltr'>interlui</span> <span class='ocrx_word' id='word_1_122' title='bbox 788 2675 860 2723; x_wconf 90' lang='lat' dir='ltr'>una</span> <span class='ocrx_word' id='word_1_123' title='bbox 875 2676 962 2724; x_wconf 90' lang='lat' dir='ltr'>cum</span> <span class='ocrx_word' id='word_1_124' title='bbox 975 2648 1131 2725; x_wconf 88' lang='lat' dir='ltr'>notariis</span> <span class='ocrx_word' id='word_1_125' title='bbox 1147 2665 1184 2724; x_wconf 91' lang='lat' dir='ltr'>et</span> <span class='ocrx_word' id='word_1_126' title='bbox 1193 2648 1352 2726; x_wconf 90' lang='lat' dir='ltr'>testibus</span> <span class='ocrx_word' id='word_1_127' title='bbox 1366 2647 1600 2754; x_wconf 83' lang='lat' dir='ltr'>subscriptis,</span> <span class='ocrx_word' id='word_1_128' title='bbox 1617 2665 1749 2726; x_wconf 88' lang='lat' dir='ltr'>etcum</span> 
     </span>
     <span class='ocr_line' id='line_1_16' title="bbox 228 2765 1751 2888; baseline 0.001 -31"><span class='ocrx_word' id='word_1_129' title='bbox 228 2765 232 2770; x_wconf 33' lang='lat'>¹</span> <span class='ocrx_word' id='word_1_130' title='bbox 321 2769 435 2888; x_wconf 90' lang='lat' dir='ltr'>signis</span> <span class='ocrx_word' id='word_1_131' title='bbox 451 2796 488 2856; x_wconf 88' lang='lat' dir='ltr'>et</span> <span class='ocrx_word' id='word_1_132' title='bbox 499 2777 840 2885; x_wconf 89' lang='lat' dir='ltr'>subscripcionibus</span> <span class='ocrx_word' id='word_1_133' title='bbox 861 2778 1028 2884; x_wconf 89' lang='lat' dir='ltr'>ipsomm</span> <span class='ocrx_word' id='word_1_134' title='bbox 1044 2779 1292 2868; x_wconf 89' lang='lat' dir='ltr'>notariomm,</span> <span class='ocrx_word' id='word_1_135' title='bbox 1305 2779 1452 2885; x_wconf 88' lang='lat' dir='ltr'>signum</span> <span class='ocrx_word' id='word_1_136' title='bbox 1462 2800 1751 2888; x_wconf 87' lang='lat' dir='ltr'>mcumrogatus</span> 
     </span>
    </p>
   </div>
   <div class='ocr_carea' id='block_1_5' title="bbox 322 2907 900 3016">
    <p class='ocr_par' dir='ltr' id='par_1_11' title="bbox 322 2907 900 3016">
     <span class='ocr_line' id='line_1_17' title="bbox 322 2907 900 3016; baseline 0 -31"><span class='ocrx_word' id='word_1_137' title='bbox 322 2910 476 3016; x_wconf 87' lang='lat' dir='ltr'>apposui</span> <span class='ocrx_word' id='word_1_138' title='bbox 498 2909 636 2988; x_wconf 89' lang='lat' dir='ltr'>hicme</span> <span class='ocrx_word' id='word_1_139' title='bbox 651 2907 900 2986; x_wconf 89' lang='lat' dir='ltr'>subscribens.</span> 
     </span>
    </p>
   </div>
   <div class='ocr_carea' id='block_1_6' title="bbox 288 3171 1828 4979">
    <p class='ocr_par' dir='ltr' id='par_1_12' title="bbox 288 3171 1828 4979">
     <span class='ocr_line' id='line_1_18' title="bbox 378 3171 1752 3280; baseline 0.004 -33"><span class='ocrx_word' id='word_1_140' title='bbox 378 3174 420 3248; x_wconf 92' lang='lat' dir='ltr'>ln</span> <span class='ocrx_word' id='word_1_141' title='bbox 437 3171 575 3250; x_wconf 89' lang='lat' dir='ltr'>Christi</span> <span class='ocrx_word' id='word_1_142' title='bbox 593 3174 744 3250; x_wconf 91' lang='lat' dir='ltr'>nomine</span> <span class='ocrx_word' id='word_1_143' title='bbox 763 3201 886 3250; x_wconf 88' lang='lat' dir='ltr'>amen.</span> <span class='ocrx_word' id='word_1_144' title='bbox 908 3173 1034 3252; x_wconf 86' lang='lat' dir='ltr'>Pateat</span> <span class='ocrx_word' id='word_1_145' title='bbox 1057 3175 1237 3254; x_wconf 89' lang='lat' dir='ltr'>universis</span> <span class='ocrx_word' id='word_1_146' title='bbox 1255 3174 1360 3280; x_wconf 92' lang='lat' dir='ltr'>quod</span> <span class='ocrx_word' id='word_1_147' title='bbox 1380 3202 1476 3253; x_wconf 84' lang='lat' dir='ltr'>anno</span> <span class='ocrx_word' id='word_1_148' title='bbox 1496 3175 1650 3253; x_wconf 91' lang='lat' dir='ltr'>Domini</span> <span class='ocrx_word' id='word_1_149' title='bbox 1668 3175 1752 3252; x_wconf 92' lang='lat' dir='ltr'>mil-</span> 
     </span>
     <span class='ocr_line' id='line_1_19' title="bbox 322 3302 1751 3410; baseline 0 -30"><span class='ocrx_word' id='word_1_150' title='bbox 322 3302 457 3381; x_wconf 90' lang='lat' dir='ltr'>lesimo</span> <span class='ocrx_word' id='word_1_151' title='bbox 474 3319 555 3382; x_wconf 86' lang='lat' dir='ltr'>cco⁰</span> <span class='ocrx_word' id='word_1_152' title='bbox 568 3304 746 3410; x_wconf 89' lang='lat' dir='ltr'>septimo,</span> <span class='ocrx_word' id='word_1_153' title='bbox 763 3303 955 3382; x_wconf 90' lang='lat' dir='ltr'>indicione</span> <span class='ocrx_word' id='word_1_154' title='bbox 975 3322 1093 3392; x_wconf 84' lang='lat' dir='ltr'>sexta,</span> <span class='ocrx_word' id='word_1_155' title='bbox 1116 3304 1238 3382; x_wconf 83' lang='lat' dir='ltr'>xvdie</span> <span class='ocrx_word' id='word_1_156' title='bbox 1255 3304 1394 3380; x_wconf 91' lang='lat' dir='ltr'>mensis</span> <span class='ocrx_word' id='word_1_157' title='bbox 1409 3303 1635 3393; x_wconf 83' lang='lat' dir='ltr'>novembris,</span> <span class='ocrx_word' id='word_1_158' title='bbox 1656 3331 1751 3409; x_wconf 92' lang='lat' dir='ltr'>pon-</span> 
     </span>
     <span class='ocr_line' id='line_1_20' title="bbox 322 3433 1752 3539; baseline 0 -30"><span class='ocrx_word' id='word_1_159' title='bbox 322 3433 483 3511; x_wconf 85' lang='lat' dir='ltr'>tificatus</span> <span class='ocrx_word' id='word_1_160' title='bbox 500 3433 719 3510; x_wconf 87' lang='lat' dir='ltr'>sanctissimi</span> <span class='ocrx_word' id='word_1_161' title='bbox 738 3434 852 3539; x_wconf 87' lang='lat' dir='ltr'>patris</span> <span class='ocrx_word' id='word_1_162' title='bbox 866 3451 903 3510; x_wconf 90' lang='lat' dir='ltr'>et</span> <span class='ocrx_word' id='word_1_163' title='bbox 923 3435 1067 3511; x_wconf 89' lang='lat' dir='ltr'>domini</span> <span class='ocrx_word' id='word_1_164' title='bbox 1090 3433 1233 3510; x_wconf 90' lang='lat' dir='ltr'>domini</span> <span class='ocrx_word' id='word_1_165' title='bbox 1259 3433 1464 3510; x_wconf 85' lang='lat' dir='ltr'>Clementis</span> <span class='ocrx_word' id='word_1_166' title='bbox 1485 3433 1607 3510; x_wconf 90' lang='lat' dir='ltr'>divina</span> <span class='ocrx_word' id='word_1_167' title='bbox 1628 3436 1752 3538; x_wconf 90' lang='lat' dir='ltr'>provi-</span> 
     </span>
     <span class='ocr_line' id='line_1_21' title="bbox 325 3562 1751 3670; baseline 0 -31"><span class='ocrx_word' id='word_1_168' title='bbox 325 3564 450 3640; x_wconf 89' lang='lat' dir='ltr'>dentia</span> <span class='ocrx_word' id='word_1_169' title='bbox 469 3589 564 3669; x_wconf 87' lang='lat' dir='ltr'>pape</span> <span class='ocrx_word' id='word_1_170' title='bbox 584 3562 704 3668; x_wconf 86' lang='lat' dir='ltr'>quinti</span> <span class='ocrx_word' id='word_1_171' title='bbox 727 3592 823 3640; x_wconf 90' lang='lat' dir='ltr'>anno</span> <span class='ocrx_word' id='word_1_172' title='bbox 849 3564 1032 3652; x_wconf 89' lang='lat' dir='ltr'>secundo,</span> <span class='ocrx_word' id='word_1_173' title='bbox 1055 3565 1096 3639; x_wconf 92' lang='lat' dir='ltr'>in</span> <span class='ocrx_word' id='word_1_174' title='bbox 1119 3562 1284 3670; x_wconf 87' lang='lat' dir='ltr'>religiosi</span> <span class='ocrx_word' id='word_1_175' title='bbox 1309 3580 1347 3639; x_wconf 86' lang='lat' dir='ltr'>et</span> <span class='ocrx_word' id='word_1_176' title='bbox 1368 3563 1518 3640; x_wconf 92' lang='lat' dir='ltr'>honesti</span> <span class='ocrx_word' id='word_1_177' title='bbox 1540 3563 1607 3638; x_wconf 91' lang='lat' dir='ltr'>viri</span> <span class='ocrx_word' id='word_1_178' title='bbox 1628 3563 1751 3641; x_wconf 83' lang='lat' dir='ltr'>fratris</span> 
     </span>
     <span class='ocr_line' id='line_1_22' title="bbox 323 3692 1752 3780; baseline 0 -10"><span class='ocrx_word' id='word_1_179' title='bbox 323 3693 463 3772; x_wconf 79' lang='lat' dir='ltr'>Nicolai</span> <span class='ocrx_word' id='word_1_180' title='bbox 480 3694 528 3772; x_wconf 93' lang='lat' dir='ltr'>de</span> <span class='ocrx_word' id='word_1_181' title='bbox 549 3692 747 3771; x_wconf 88' lang='lat' dir='ltr'>Ancssiaco</span> <span class='ocrx_word' id='word_1_182' title='bbox 773 3695 917 3772; x_wconf 91' lang='lat' dir='ltr'>ordinis</span> <span class='ocrx_word' id='word_1_183' title='bbox 936 3695 1236 3780; x_wconf 89' lang='lat' dir='ltr'>Predicatorum,</span> <span class='ocrx_word' id='word_1_184' title='bbox 1264 3693 1510 3770; x_wconf 88' lang='lat' dir='ltr'>commissarii</span> <span class='ocrx_word' id='word_1_185' title='bbox 1526 3693 1601 3769; x_wconf 88' lang='lat' dir='ltr'>dati</span> <span class='ocrx_word' id='word_1_186' title='bbox 1624 3722 1643 3770; x_wconf 89' lang='lat' dir='ltr'>a</span> <span class='ocrx_word' id='word_1_187' title='bbox 1664 3693 1752 3770; x_wconf 89' lang='lat' dir='ltr'>reli-</span> 
     </span>
     <span class='ocr_line' id='line_1_23' title="bbox 323 3823 1828 3932; baseline 0 -32"><span class='ocrx_word' id='word_1_188' title='bbox 323 3825 487 3932; x_wconf 79' lang='lat' dir='ltr'>gioso&#39;ct</span> <span class='ocrx_word' id='word_1_189' title='bbox 507 3824 667 3902; x_wconf 90' lang='lat' dir='ltr'>honesto</span> <span class='ocrx_word' id='word_1_190' title='bbox 686 3825 765 3901; x_wconf 91' lang='lat' dir='ltr'>viro</span> <span class='ocrx_word' id='word_1_191' title='bbox 786 3824 897 3902; x_wconf 82' lang='lat' dir='ltr'>fratre</span> <span class='ocrx_word' id='word_1_192' title='bbox 921 3824 1126 3904; x_wconf 88' lang='lat' dir='ltr'>Guillelmo</span> <span class='ocrx_word' id='word_1_193' title='bbox 1149 3825 1199 3901; x_wconf 89' lang='lat' dir='ltr'>de</span> <span class='ocrx_word' id='word_1_194' title='bbox 1220 3823 1380 3903; x_wconf 80' lang='lat' dir='ltr'>Parisios</span> <span class='ocrx_word' id='word_1_195' title='bbox 1400 3823 1568 3931; x_wconf 87' lang='lat' dir='ltr'>ejusdem</span> <span class='ocrx_word' id='word_1_196' title='bbox 1590 3823 1747 3913; x_wconf 91' lang='lat' dir='ltr'>ordinis,</span> <span class='ocrx_word' id='word_1_197' title='bbox 1826 3910 1828 3916; x_wconf 39' lang='grc'>,</span> 
     </span>
     <span class='ocr_line' id='line_1_24' title="bbox 324 3953 1753 4064; baseline -0.001 -34"><span class='ocrx_word' id='word_1_198' title='bbox 324 3955 545 4062; x_wconf 83' lang='lat' dir='ltr'>inquisitore</span> <span class='ocrx_word' id='word_1_199' title='bbox 565 3954 730 4032; x_wconf 87' lang='lat' dir='ltr'>heretice</span> <span class='ocrx_word' id='word_1_200' title='bbox 751 3957 937 4060; x_wconf 87' lang='lat' dir='ltr'>pravitatis</span> <span class='ocrx_word' id='word_1_201' title='bbox 954 3958 993 4032; x_wconf 95' lang='lat' dir='ltr'>in</span> <span class='ocrx_word' id='word_1_202' title='bbox 1014 3983 1130 4064; x_wconf 90' lang='lat' dir='ltr'>regno</span> <span class='ocrx_word' id='word_1_203' title='bbox 1146 3955 1300 4032; x_wconf 80' lang='lat' dir='ltr'>Francia</span> <span class='ocrx_word' id='word_1_204' title='bbox 1316 3953 1535 4044; x_wconf 87' lang='lat' dir='ltr'>auctoritate</span> <span class='ocrx_word' id='word_1_205' title='bbox 1551 3953 1753 4058; x_wconf 87' lang='lat' dir='ltr'>apostolica</span> 
     </span>
     <span class='ocr_line' id='line_1_25' title="bbox 326 4085 1752 4194; baseline -0.001 -33"><span class='ocrx_word' id='word_1_206' title='bbox 326 4085 520 4192; x_wconf 85' lang='lat' dir='ltr'>deputato,</span> <span class='ocrx_word' id='word_1_207' title='bbox 534 4103 706 4163; x_wconf 92' lang='lat' dir='ltr'>nostrum</span> <span class='ocrx_word' id='word_1_208' title='bbox 722 4089 953 4164; x_wconf 85' lang='lat' dir='ltr'>notariorum</span> <span class='ocrx_word' id='word_1_209' title='bbox 964 4087 1206 4194; x_wconf 90' lang='lat' dir='ltr'>publicorum</span> <span class='ocrx_word' id='word_1_210' title='bbox 1222 4104 1260 4162; x_wconf 89' lang='lat' dir='ltr'>et</span> <span class='ocrx_word' id='word_1_211' title='bbox 1270 4086 1421 4163; x_wconf 90' lang='lat' dir='ltr'>testium</span> <span class='ocrx_word' id='word_1_212' title='bbox 1434 4085 1752 4189; x_wconf 79' lang='lat' dir='ltr'>infrascriptomm</span> 
     </span>
     <span class='ocr_line' id='line_1_26' title="bbox 325 4214 1755 4322; baseline -0.003 -29"><span class='ocrx_word' id='word_1_213' title='bbox 325 4217 516 4321; x_wconf 86' lang='lat' dir='ltr'>presencia</span> <span class='ocrx_word' id='word_1_214' title='bbox 535 4217 780 4322; x_wconf 83' lang='lat' dir='ltr'>personaliter</span> <span class='ocrx_word' id='word_1_215' title='bbox 796 4220 1019 4296; x_wconf 88' lang='lat' dir='ltr'>constitutus</span> <span class='ocrx_word' id='word_1_216' title='bbox 1040 4217 1154 4295; x_wconf 79' lang='lat' dir='ltr'>frater</span> <span class='ocrx_word' id='word_1_217' title='bbox 1168 4217 1260 4297; x_wconf 90' lang='lat' dir='ltr'>Milo</span> <span class='ocrx_word' id='word_1_218' title='bbox 1277 4217 1324 4294; x_wconf 90' lang='lat' dir='ltr'>de</span> <span class='ocrx_word' id='word_1_219' title='bbox 1342 4219 1478 4294; x_wconf 87' lang='lat' dir='ltr'>Sancto</span> <span class='ocrx_word' id='word_1_220' title='bbox 1494 4214 1637 4292; x_wconf 88' lang='lat' dir='ltr'>Fiacrio</span> <span class='ocrx_word' id='word_1_221' title='bbox 1652 4241 1755 4320; x_wconf 87' lang='lat' dir='ltr'>pres·</span> 
     </span>
     <span class='ocr_line' id='line_1_27' title="bbox 324 4345 1754 4455; baseline -0.003 -31"><span class='ocrx_word' id='word_1_222' title='bbox 324 4347 442 4454; x_wconf 85' lang='lat' dir='ltr'>byter,</span> <span class='ocrx_word' id='word_1_223' title='bbox 465 4347 608 4424; x_wconf 88' lang='lat' dir='ltr'>ordinis</span> <span class='ocrx_word' id='word_1_224' title='bbox 632 4348 771 4427; x_wconf 89' lang='lat' dir='ltr'>milicie</span> <span class='ocrx_word' id='word_1_225' title='bbox 791 4348 956 4455; x_wconf 88' lang='lat' dir='ltr'>Templi,</span> <span class='ocrx_word' id='word_1_226' title='bbox 979 4349 1086 4426; x_wconf 85' lang='lat' dir='ltr'>etatis</span> <span class='ocrx_word' id='word_1_227' title='bbox 1103 4375 1203 4426; x_wconf 76' lang='lat' dir='ltr'>utrm</span> <span class='ocrx_word' id='word_1_228' title='bbox 1227 4375 1411 4424; x_wconf 88' lang='lat' dir='ltr'>annorum</span> <span class='ocrx_word' id='word_1_229' title='bbox 1426 4345 1483 4422; x_wconf 90' lang='lat' dir='ltr'>vel</span> <span class='ocrx_word' id='word_1_230' title='bbox 1501 4346 1611 4433; x_wconf 89' lang='lat' dir='ltr'>circa,</span> <span class='ocrx_word' id='word_1_231' title='bbox 1639 4361 1681 4421; x_wconf 86' lang='lat' dir='ltr'>ut</span> <span class='ocrx_word' id='word_1_232' title='bbox 1696 4345 1754 4420; x_wconf 90' lang='lat' dir='ltr'>di-</span> 
     </span>
     <span class='ocr_line' id='line_1_28' title="bbox 326 4475 1755 4586; baseline -0.002 -32"><span class='ocrx_word' id='word_1_233' title='bbox 326 4478 449 4566; x_wconf 88' lang='lat' dir='ltr'>cebat,</span> <span class='ocrx_word' id='word_1_234' title='bbox 468 4477 614 4584; x_wconf 88' lang='lat' dir='ltr'>juratus</span> <span class='ocrx_word' id='word_1_235' title='bbox 634 4478 682 4555; x_wconf 93' lang='lat' dir='ltr'>ad</span> <span class='ocrx_word' id='word_1_236' title='bbox 702 4495 825 4556; x_wconf 89' lang='lat' dir='ltr'>sancta</span> <span class='ocrx_word' id='word_1_237' title='bbox 845 4478 917 4555; x_wconf 90' lang='lat' dir='ltr'>Dei</span> <span class='ocrx_word' id='word_1_238' title='bbox 937 4479 1134 4586; x_wconf 87' lang='lat' dir='ltr'>Evangelia</span> <span class='ocrx_word' id='word_1_239' title='bbox 1157 4477 1227 4554; x_wconf 92' lang='lat' dir='ltr'>sibi</span> <span class='ocrx_word' id='word_1_240' title='bbox 1248 4493 1394 4554; x_wconf 91' lang='lat' dir='ltr'>ostensa</span> <span class='ocrx_word' id='word_1_241' title='bbox 1415 4493 1453 4552; x_wconf 89' lang='lat' dir='ltr'>et</span> <span class='ocrx_word' id='word_1_242' title='bbox 1471 4502 1584 4552; x_wconf 91' lang='lat' dir='ltr'>manu</span> <span class='ocrx_word' id='word_1_243' title='bbox 1604 4475 1755 4581; x_wconf 85' lang='lat' dir='ltr'>propria</span> 
     </span>
     <span class='ocr_line' id='line_1_29' title="bbox 288 4605 1754 4715; baseline -0.001 -31"><span class='ocrx_word' id='word_1_244' title='bbox 288 4691 291 4698; x_wconf 17' lang='grc' dir='ltr'>λ</span> <span class='ocrx_word' id='word_1_245' title='bbox 325 4625 422 4686; x_wconf 87' lang='lat' dir='ltr'>tacta</span> <span class='ocrx_word' id='word_1_246' title='bbox 437 4607 486 4686; x_wconf 91' lang='lat' dir='ltr'>de</span> <span class='ocrx_word' id='word_1_247' title='bbox 501 4637 540 4687; x_wconf 88' lang='lat' dir='ltr'>sc</span> <span class='ocrx_word' id='word_1_248' title='bbox 555 4625 593 4686; x_wconf 91' lang='lat' dir='ltr'>et</span> <span class='ocrx_word' id='word_1_249' title='bbox 606 4609 687 4687; x_wconf 88' lang='lat' dir='ltr'>aliis</span> <span class='ocrx_word' id='word_1_250' title='bbox 700 4605 797 4686; x_wconf 87' lang='lat' dir='ltr'>dicti</span> <span class='ocrx_word' id='word_1_251' title='bbox 809 4607 951 4686; x_wconf 91' lang='lat' dir='ltr'>ordinis</span> <span class='ocrx_word' id='word_1_252' title='bbox 964 4609 1102 4686; x_wconf 86' lang='lat' dir='ltr'>milicie</span> <span class='ocrx_word' id='word_1_253' title='bbox 1116 4608 1265 4715; x_wconf 91' lang='lat' dir='ltr'>Templi</span> <span class='ocrx_word' id='word_1_254' title='bbox 1280 4607 1502 4715; x_wconf 88' lang='lat' dir='ltr'>superdicto</span> <span class='ocrx_word' id='word_1_255' title='bbox 1518 4607 1674 4684; x_wconf 91' lang='lat' dir='ltr'>crimine</span> <span class='ocrx_word' id='word_1_256' title='bbox 1689 4607 1754 4682; x_wconf 90' lang='lat' dir='ltr'>dc-</span> 
     </span>
     <span class='ocr_line' id='line_1_30' title="bbox 326 4737 1755 4848; baseline -0.001 -32"><span class='ocrx_word' id='word_1_257' title='bbox 326 4739 408 4816; x_wconf 84' lang='lat' dir='ltr'>latis</span> <span class='ocrx_word' id='word_1_258' title='bbox 425 4737 549 4816; x_wconf 88' lang='lat' dir='ltr'>dicere</span> <span class='ocrx_word' id='word_1_259' title='bbox 570 4739 778 4829; x_wconf 75' lang='lat' dir='ltr'>veritatem,</span> <span class='ocrx_word' id='word_1_260' title='bbox 796 4757 833 4816; x_wconf 91' lang='lat' dir='ltr'>et</span> <span class='ocrx_word' id='word_1_261' title='bbox 847 4741 1096 4848; x_wconf 87' lang='lat' dir='ltr'>interrogatus</span> <span class='ocrx_word' id='word_1_262' title='bbox 1112 4741 1158 4817; x_wconf 89' lang='lat' dir='ltr'>de</span> <span class='ocrx_word' id='word_1_263' title='bbox 1178 4757 1348 4846; x_wconf 86' lang='lat' dir='ltr'>tempore</span> <span class='ocrx_word' id='word_1_264' title='bbox 1365 4755 1403 4816; x_wconf 88' lang='lat' dir='ltr'>et</span> <span class='ocrx_word' id='word_1_265' title='bbox 1417 4738 1532 4846; x_wconf 90' lang='lat' dir='ltr'>modo</span> <span class='ocrx_word' id='word_1_266' title='bbox 1547 4765 1613 4815; x_wconf 92' lang='lat' dir='ltr'>sue</span> <span class='ocrx_word' id='word_1_267' title='bbox 1626 4764 1755 4842; x_wconf 89' lang='lat' dir='ltr'>recep-</span> 
     </span>
     <span class='ocr_line' id='line_1_31' title="bbox 328 4868 1755 4979; baseline -0.004 -33"><span class='ocrx_word' id='word_1_268' title='bbox 328 4869 463 4957; x_wconf 86' lang='lat' dir='ltr'>cionis,</span> <span class='ocrx_word' id='word_1_269' title='bbox 488 4870 579 4947; x_wconf 81' lang='lat' dir='ltr'>dixit</span> <span class='ocrx_word' id='word_1_270' title='bbox 595 4899 663 4976; x_wconf 89' lang='lat' dir='ltr'>per</span> <span class='ocrx_word' id='word_1_271' title='bbox 673 4872 930 4979; x_wconf 88' lang='lat' dir='ltr'>juramentum</span> <span class='ocrx_word' id='word_1_272' title='bbox 954 4901 1062 4949; x_wconf 89' lang='lat' dir='ltr'>suum</span> <span class='ocrx_word' id='word_1_273' title='bbox 1083 4871 1186 4979; x_wconf 89' lang='lat' dir='ltr'>quod</span> <span class='ocrx_word' id='word_1_274' title='bbox 1205 4888 1374 4976; x_wconf 87' lang='lat' dir='ltr'>receptus</span> <span class='ocrx_word' id='word_1_275' title='bbox 1389 4869 1458 4946; x_wconf 84' lang='lat' dir='ltr'>fuit</span> <span class='ocrx_word' id='word_1_276' title='bbox 1476 4869 1576 4975; x_wconf 90' lang='lat' dir='ltr'>apud</span> <span class='ocrx_word' id='word_1_277' title='bbox 1597 4868 1755 4975; x_wconf 63' lang='lat' dir='ltr'>Moysia÷</span> 
     </span>
    </p>
   </div>
   <div class='ocr_carea' id='block_1_7' title="bbox 415 5018 1605 5084">
    <p class='ocr_par' dir='ltr' id='par_1_13' title="bbox 415 5018 1605 5084">
     <span class='ocr_line' id='line_1_32' title="bbox 415 5018 1605 5084; baseline 0 -8"><span class='ocrx_word' id='word_1_278' title='bbox 415 5019 521 5080; x_wconf 68' lang='lat' dir='ltr'>esocis</span> <span class='ocrx_word' id='word_1_279' title='bbox 532 5037 585 5080; x_wconf 83' lang='lat' dir='ltr'>res</span> <span class='ocrx_word' id='word_1_280' title='bbox 601 5037 774 5084; x_wconf 74' lang='lat' dir='ltr'>merram.</span> <span class='ocrx_word' id='word_1_281' title='bbox 791 5055 833 5067; x_wconf 92' lang='lat'><em>-</em></span> <span class='ocrx_word' id='word_1_282' title='bbox 848 5040 880 5084; x_wconf 85' lang='grc' dir='ltr'>ιι.</span> <span class='ocrx_word' id='word_1_283' title='bbox 1568 5018 1605 5077; x_wconf 85' lang='lat'>50</span> 
     </span>
    </p>
   </div>
   <div class='ocr_carea' id='block_1_8' title="bbox 0 0 2129 5876">
    <p class='ocr_par' dir='ltr' id='par_1_14' title="bbox 0 0 2129 5876">
     <span class='ocr_line' id='line_1_33' title="bbox 0 0 2129 5876; baseline 0 0"><span class='ocrx_word' id='word_1_284' title='bbox 0 0 2129 5876; x_wconf 95' lang='lat' dir='ltr'> </span> 
     </span>
    </p>
   </div>
  </div>
 </body>
</html>
