4210 5882
384 559 457 634 ias
716 649 720 658 ,
775 539 974 635 succus
1000 560 1096 632 uns
1122 559 1425 632 rsuemuus.

439 700 496 810 Ad
512 701 588 780 lxxx
603 700 805 780 articulum
825 701 1073 808 interrogatus
1095 699 1344 806 respondens,
1368 700 1460 777 dixit
1480 717 1652 778 contenta
1675 701 1715 776 in
1736 701 1817 807 ipso

382 833 538 914 articulo
558 863 643 912 vera
662 861 754 912 esse.

441 966 498 1045 Ad
515 966 604 1045 lxxu
622 965 821 1044 articulum
838 965 1087 1072 iuterrogatus
1107 965 1360 1072 respondeus,
1379 964 1472 1042 dixit
1484 965 1591 1073 quod
1606 963 1737 1044 fratres
1751 967 1817 1074 qui

382 1098 633 1178 interfuerunt
654 1116 691 1176 et
714 1099 900 1177 intersunt
927 1096 1099 1205 capitulis
1127 1125 1259 1176 eorum
1286 1114 1444 1206 possunt
1464 1097 1562 1176 inter
1583 1125 1623 1174 se
1642 1096 1749 1204 loqui
1771 1097 1818 1176 de

382 1228 487 1309 lactis
507 1249 544 1308 et
563 1231 725 1308 tractatis
746 1245 783 1306 et
804 1229 911 1306 dictis
932 1231 972 1306 in
988 1229 1078 1336 ipsis
1098 1229 1286 1336 capitulis,
1309 1229 1389 1307 aliis
1404 1247 1530 1308 autem
1549 1228 1728 1307 fratribus
1751 1231 1817 1338 qui

383 1391 459 1440 non
479 1361 729 1440 interfuenmt
744 1390 821 1438 non
842 1360 982 1440 audent
1001 1361 1167 1440 revelare
1188 1362 1367 1468 predicta.

437 1493 497 1572 Ad
510 1495 609 1572 lxxm
629 1492 828 1572 articulum
848 1493 1099 1600 respondens,
1120 1494 1266 1600 negavit
1287 1522 1375 1572 eum
1394 1510 1433 1572 et
1453 1510 1626 1572 contenta
1642 1493 1681 1570 in
1702 1521 1759 1572 eo.

410 1729 412 1736 Ι
437 1626 496 1703 Ad
509 1626 625 1704 lxxnu
646 1626 845 1706 articulum
865 1625 1114 1733 respondens,
1137 1627 1285 1732 negavit
1304 1655 1408 1714 eum,
1429 1626 1595 1703 adiciens
1612 1625 1718 1733 quod
1736 1625 1819 1703 lici·

380 1776 462 1836 tum
478 1774 535 1836 est
547 1757 638 1867 ipsis
657 1756 834 1836 fratribus
854 1757 1021 1835 confiteri
1034 1758 1094 1837 vel
1107 1757 1364 1836 sacerdotibus
1385 1756 1474 1835 dicti
1491 1757 1651 1845 ordinis,
1674 1757 1731 1835 vel
1747 1756 1819 1834 fra-

381 1888 502 1967 tribus
517 1886 729 1968 Minoribus
747 1888 805 1967 vel
824 1888 1141 1979 Predicatoribus,
1165 1908 1312 1997 peccata
1332 1917 1410 1967 sua.

438 2017 497 2096 Ad
517 2017 742 2097 lxxv-lxxx
768 2019 942 2097 articulos
961 2019 1139 2099 inclusive
1161 2021 1360 2128 diligenter
1381 2021 1647 2128 interrogatus,
1674 2019 1819 2128 negavit

383 2180 447 2230 eos
463 2168 500 2230 et
520 2143 647 2230 om'nia
667 2167 705 2228 et
724 2149 1054 2258 singulaconteuta
1071 2151 1194 2230 ineis.

440 2281 496 2360 Ad
516 2281 613 2360 lxxxi
630 2281 828 2359 articulum
848 2282 1095 2389 respondeus,
1115 2283 1262 2390 negavit
1282 2284 1408 2360 omnia
1427 2301 1465 2360 et
1485 2283 1628 2390 singula
1644 2299 1817 2361 contenta

382 2417 420 2492 in
442 2443 507 2504 eo,
530 2413 693 2519 exceptis
713 2440 787 2490 ase
808 2413 980 2520 superius
1001 2411 1227 2492 coufessatis.
1250 2414 1501 2521 Interrogatus
1520 2413 1615 2522 quid
1632 2432 1687 2492 est
1703 2413 1815 2504 fama,

382 2544 476 2624 dixit
495 2575 534 2623 se
553 2543 709 2648 nescire.

439 2676 497 2755 Ad
519 2677 632 2754 lxxxu
656 2673 854 2752 articulum
873 2675 1120 2783 respondens,
1149 2676 1243 2754 dixit
1267 2706 1306 2755 se
1333 2706 1411 2754 non
1439 2676 1593 2755 credere
1621 2675 1746 2784 aliqua
1770 2676 1817 2754 de

383 2807 565 2887 contentis
580 2808 619 2883 in
636 2835 699 2898 eo,
722 2834 845 2912 neque
862 2805 955 2884 scire
972 2806 1118 2914 aliquid
1134 2809 1180 2886 de
1195 2807 1330 2886 eodem
1345 2837 1493 2896 verum;
1512 2808 1542 2884 si
1555 2807 1674 2915 aliqui
1687 2807 1817 2886 fratres

383 2940 553 3048 ejusdem
573 2936 718 3014 ordinis
738 2953 912 3015 contenta
935 2938 1087 3016 indicto
1109 2939 1266 3017 articulo
1283 2941 1354 3017 sint
1375 2939 1534 3018 confessi
1554 2940 1613 3016 vel
1629 2939 1754 3046 aliqua
1769 2939 1816 3018 de

383 3070 568 3148 contentis
588 3061 712 3158 ineo,
731 3067 823 3147 dixit
842 3069 943 3176 ipsos
963 3069 1052 3148 falsa
1074 3069 1209 3149 dixisse
1231 3085 1268 3148 et
1288 3072 1465 3150 mentitos
1486 3100 1566 3148 esse
1587 3070 1787 3179 per-gulas.

438 3201 497 3280 Ad
511 3199 803 3282 lxxxiii—lxxxv
818 3201 995 3280 articulos
1008 3201 1185 3281 inclusive
1201 3201 1451 3310 iuterrogatus
1462 3201 1711 3310 respondeus,
1727 3202 1818 3280 dixit

382 3365 421 3414 se
440 3351 634 3441 receptum
654 3332 769 3410 fuisse
790 3333 828 3409 in
851 3333 983 3412 ordine
1001 3333 1093 3412 dicti
1114 3335 1264 3442 Templi
1290 3335 1391 3443 apud
1412 3334 1607 3415 Allembre
1625 3337 1665 3412 in
1687 3335 1818 3442 drago

381 3469 457 3556 nia,
492 3467 532 3544 in
558 3463 697 3571 capella
723 3465 892 3572 ejusdem
918 3467 1026 3545 castri
1056 3467 1104 3544 de
1132 3466 1337 3558 Allambre,
1364 3496 1432 3575 per
1462 3467 1614 3546 fratrem
1638 3467 1817 3546 Jacobum

381 3598 507 3680 Davila
519 3615 609 3676 tunc
625 3597 929 3676 comendatorem
946 3599 1037 3676 dicti
1053 3600 1179 3690 castri,
1195 3629 1279 3677 cum
1294 3599 1483 3678 voluntate
1497 3599 1663 3706 Magistri
1675 3599 1722 3676 de
1736 3600 1818 3676 Ara·

380 3732 507 3839 gonia,
534 3713 729 3808 Dominica
756 3729 980 3837 precedente
1002 3731 1140 3810 festum
1159 3733 1275 3812 sancti
1295 3732 1443 3811 Martini
1464 3733 1633 3838 proxime
1650 3730 1815 3837 preteriti

381 3864 533 3942 luerunt
547 3889 597 3940 im
616 3860 702 3938 anni
717 3859 848 3967 elapsi,
866 3863 1105 3968 presentibus
1123 3880 1161 3942 et
1175 3863 1316 3942 ibidem
1331 3864 1538 3942 astantibus
1553 3861 1758 3942 Gnillelmo
1769 3862 1815 3939 de

379 3994 541 4087 Juneda,
557 3992 782 4101 Bercugario
796 3992 844 4070 de
861 3995 1156 4101 Montepavono,
1174 3996 1374 4074 Dominico
1389 3995 1436 4073 de
1451 3995 1665 4085 Barbastre,
1684 3995 1815 4076 Sancio

383 4125 537 4214 Auersa,
557 4125 667 4201 Petro
680 4122 857 4202 Gaudiola
869 4123 1047 4204 iratribus
1058 4126 1147 4204 dicti
1160 4121 1315 4205 ordinis.
1332 4127 1471 4205 Modus
1486 4143 1612 4204 autem
1627 4126 1816 4234 recepcio-

381 4259 438 4335 nis
464 4256 598 4363 ipsius,
621 4271 658 4332 et
686 4251 843 4332 aliorum
864 4285 960 4364 quos
980 4257 1094 4366 recipi
1118 4257 1211 4336 vidit
1238 4259 1277 4335 in
1302 4257 1433 4336 fratres
1454 4259 1543 4336 dicti
1576 4257 1736 4349 ordinis,
1761 4275 1816 4336 est

381 4389 445 4496 qui
465 4387 650 4496 sequitur3
671 4384 754 4463 talis
771 4386 943 4468 videlicet
958 4389 997 4466 in
1017 4389 1154 4467 ellectu
1175 4390 1325 4497 qualem
1346 4391 1470 4497 ipsum
1487 4391 1653 4468 recitavit
1673 4408 1711 4468 et
1725 4391 1816 4468 dixit

380 4521 493 4600 frater
521 4518 807 4600 Bartholomeus
837 4522 943 4600 testis
971 4523 1162 4630 proximus
1193 4539 1229 4599 et
1258 4523 1481 4630 precedens,
1511 4523 1549 4599 iu
1575 4522 1814 4630 deposicionc

380 4653 600 4761 quemfecit
624 4649 663 4727 in
685 4650 766 4757 ipso
787 4653 944 4732 articulo
965 4655 1154 4761 superius,
1180 4673 1217 4731 et
1237 4655 1358 4762 qualis
1385 4655 1495 4732 etiam
1522 4654 1680 4762 scriptus
1703 4654 1814 4733 estin

378 4786 476 4866 libro
498 4784 713 4865 continente
739 4801 872 4866 statuta
895 4804 933 4865 et
956 4786 1124 4894 regulam
1152 4785 1293 4866 ordinis
1320 4786 1410 4864 dicti
1436 4786 1603 4893 Templi3
1629 4815 1745 4895 quem
1764 4785 1814 4864 si-

323 4955 325 4962 ·
380 4916 526 5024 [quidem
555 4907 713 5019 titmml]
741 4915 862 4995 dictus
886 4917 1000 4995 frater
1024 4917 1310 4997 Bartholomeus
1336 4917 1519 5010 exhibuit,
1542 4933 1655 5024 prout
1675 4918 1810 5006 credit,
