4208 5886
659 524 856 618 esoces
887 543 984 618 ons
1015 543 1321 616 ruurtmns.
1400 623 1408 632 ..
1627 549 1701 620 sss

278 692 373 768 banc
393 713 499 768 suam
518 687 816 794 deposicionem,
838 713 1036 793 quousque
1057 686 1315 764 attestacioues
1338 684 1480 762 fuerint
1497 685 1701 792 publicata.

333 822 423 898 Aeta
435 817 666 897 buerunthec
678 818 786 898 dicet
806 818 889 896 looo
904 815 1347 924 predictis,presentibus
1359 816 1536 922 magistro
1546 817 1701 907 Amisio,

278 981 339 1031 me
352 952 608 1030 Floriamonte
625 948 842 1039 Dondedei,
866 967 903 1026 et
922 948 1004 1026 aliis
1018 948 1172 1026 notariis
1194 975 1305 1054 supra
1326 946 1461 1026 ultimo
1485 949 1700 1026 nominatis.

335 1215 424 1290 Post
443 1213 529 1304 hec,
556 1212 618 1288 die
641 1211 814 1290 Mercurii
843 1209 1031 1315 sequenti,
1056 1237 1131 1314 que
1154 1209 1225 1285 fuit
1247 1237 1330 1288 xxvi
1350 1210 1432 1286 dies
1452 1209 1542 1286 dicti
1565 1209 1703 1286 mensis

279 1344 378 1432 maii,
391 1343 545 1420 bierunt
557 1340 709 1418 adducti
730 1367 799 1446 pro
808 1340 969 1418 testibus
991 1340 1039 1417 ad
1056 1340 1288 1446 presenciam
1299 1339 1522 1416 eorumdem
1534 1339 1704 1416 domino·

277 1501 361 1550 rum
384 1471 742 1560 commissariorum,
767 1471 805 1546 in
827 1470 945 1548 domo
962 1471 1131 1576 predicta
1150 1469 1296 1546 domini
1318 1470 1419 1546 Petri
1435 1469 1483 1546 de
1497 1469 1700 1562 Sabaudia,

276 1604 407 1681 fratres
416 1603 604 1680 lohannes
613 1600 661 1679 de
673 1600 780 1680 Cheli
790 1619 832 1678 et
840 1602 972 1678 Petrus
990 1600 1038 1676 de
1053 1599 1429 1708 bloydiesVienensis
1442 1617 1479 1676 et
1491 1601 1702 1705 Raynaldus

276 1733 368 1812 Belli
384 1733 455 1810 Pili
471 1735 519 1810 de
531 1731 683 1838 Capella
699 1731 747 1808 de
761 1731 962 1808 Deminbie
976 1729 1237 1809 Cabilonensis
1254 1729 1473 1818 diocesium,
1487 1731 1699 1808 servientes.

278 1865 354 1958 Qui
379 1864 496 1942 notis-
511 1863 751 1942 sacrosanctis
779 1862 979 1969 evangeliis
1000 1859 1220 1968 juraverunt
1241 1861 1282 1938 in
1308 1863 1380 1938 isto
1395 1861 1551 1967 negocio
1576 1860 1700 1938 dicere

276 2021 419 2071 meram
445 2011 482 2070 et
503 1992 656 2098 plenam
673 1991 882 2080 veritatem,
910 1991 1120 2068 secundum
1139 1989 1300 2068 formam
1314 1989 1519 2097 juramenti
1540 1991 1700 2068 eliorum

276 2122 431 2200 testium
448 2123 622 2229 superius
640 2121 890 2228 registretam,
908 2121 1111 2226 expositam
1127 2136 1165 2196 et
1176 2117 1437 2226 vulgarizatam
1458 2120 1613 2198 eisdem.

334 2381 421 2474 Quo
440 2381 552 2472 facto,
576 2382 698 2458 dietus
721 2379 833 2458 frater
853 2379 1043 2459 lohannes
1064 2381 1111 2458 de
1130 2379 1257 2471 Cheli,
1279 2398 1397 2458 vestes
1415 2381 1576 2458 radiatas
1597 2379 1664 2456 des
1682 2425 1700 2440 -

276 2535 378 2601 rens,
401 2539 488 2588 cum
507 2510 647 2618 quibus
662 2527 792 2616 captus
803 2509 918 2590 luisse
937 2509 1133 2588 dicebatau
1148 2510 1241 2586 dum
1259 2507 1421 2616 fugeret,
1438 2509 1599 2586 aliorum
1615 2538 1700 2614 cap-

278 2641 383 2720 cione
411 2641 557 2730 audita,
582 2640 737 2720 barbam
760 2667 883 2720 rasam
906 2641 1065 2730 babens,
1090 2667 1160 2718 xxx
1184 2667 1378 2718 annonam·
1395 2640 1453 2719 vel
1478 2640 1589 2730 circa,
1612 2667 1699 2718 cum

276 2799 353 2878 quo
369 2771 592 2875 inquisitum
611 2769 750 2860 fuerat,
766 2769 960 2848 absolutus
976 2787 1013 2846 et
1034 2770 1296 2848 reconciliatus
1315 2799 1383 2875 per
1399 2770 1598 2846 dominum
1619 2771 1698 2874 epi-

276 2929 430 3006 scopum
444 2899 775 2991 Matisconensem,
790 2899 896 2978 lectis
912 2917 949 2977 et
966 2898 1168 3007 diligenter
1186 2899 1362 3004 expositis
1381 2899 1453 2976 sibi
1468 2899 1646 2977 omnibus
1661 2916 1699 2976 et

276 3029 432 3136 singulis
454 3029 635 3120 artimrlis,
662 3029 858 3134 respondit
880 3055 918 3105 se
944 3028 1103 3120 nescire,
1130 3055 1198 3106 nee
1223 3029 1393 3118 credere,
1420 3057 1488 3106 nec
1512 3027 1697 3106 audivisse

277 3159 351 3234 dici
366 3160 415 3236 de
435 3160 621 3236 contentis
642 3160 681 3234 in
703 3163 756 3235 eis
779 3159 850 3234 nisi
875 3158 981 3260 quod
1000 3157 1172 3260 sequitur
1188 3189 1196 3234 :
1213 3157 1386 3236 videlicet
1409 3159 1515 3263 quod
1538 3159 1617 3262 ipse
1639 3186 1699 3234 re-

277 3303 405 3390 ceptus
419 3283 541 3366 fuerat
559 3285 600 3360 in
618 3285 780 3390 quedam
797 3311 943 3365 camera
959 3285 1096 3368 manus
1114 3287 1264 3391 Templi
1284 3288 1332 3364 de
1353 3289 1463 3366 Buris
1483 3289 1699 3396 Lingooen-

275 3415 325 3496 sis
348 3413 523 3504 diocesis,
551 3415 646 3494 eirca
669 3416 811 3492 instans
830 3415 971 3497 festum
995 3415 1199 3495 Natiuitatis
1225 3418 1380 3496 Domini
1405 3434 1518 3494 erunt
1542 3445 1565 3494 x
1589 3428 1696 3508 anni,

274 3567 344 3648 per
357 3541 511 3626 fratrem
525 3545 725 3650 Hugonem
746 3542 794 3626 de
814 3543 1011 3624 Penmndo
1029 3543 1255 3624 visitatorem
1271 3545 1439 3635 Francis,
1456 3545 1697 3651 presentibus

275 3671 451 3748 fratribus
465 3673 658 3777 Stephano
673 3672 721 3751 de
732 3673 903 3764 Voleuis,
920 3701 1035 3782 queen
1051 3675 1170 3752 credit
1183 3675 1316 3766 vivere,
1335 3677 1504 3782 Aymone
1520 3677 1693 3770 Durelet,

274 3817 318 3876 ut
338 3800 409 3878 sibi
429 3800 589 3892 videtur,
611 3803 677 3907 qui
696 3800 944 3881 transfretavit
963 3819 999 3882 et
1019 3804 1263 3909 postmodum
1284 3832 1361 3882 non
1380 3806 1510 3895 rediit,
1533 3808 1696 3886 servien-

275 3931 392 4022 tibus,
409 3931 549 4009 Poncio
569 3932 617 4010 de
637 3932 779 4013 Grandi
800 3933 943 4039 Campo
965 3950 1001 4012 et
1020 3933 1178 4012 Ricardo
1195 3935 1243 4016 de
1260 3937 1475 4016 Botincuria
1490 3936 1694 4028 militibus,

277 4059 492 4149 deffunctis,
514 4062 554 4136 iu
575 4060 679 4138 hunc
705 4062 886 4140 modum:
914 4088 1003 4144 nam
1022 4065 1137 4167 petita
1158 4081 1216 4150 ter
1239 4066 1414 4145 societate
1439 4065 1584 4145 ordinis
1603 4085 1641 4144 et
1661 4069 1696 4144 ei

276 4217 464 4286 concessa,
481 4190 570 4266 fecit
589 4217 677 4267 eum
693 4190 816 4268 dictus
830 4209 1003 4297 receptor
1016 4219 1149 4273 vovere
1171 4211 1208 4270 et
1220 4193 1348 4300 jurare
1364 4197 1586 4287 castitatem,
1603 4195 1696 4273 obo-

277 4320 479 4411 dienciam,
500 4321 621 4400 vivere
642 4321 721 4400 siue
746 4322 921 4427 proprio,
950 4339 988 4398 et
1006 4322 1109 4429 quod
1132 4351 1211 4403 non
1234 4325 1413 4404 revelaret
1436 4342 1578 4404 secreta
1599 4327 1697 4431 capi·-

274 4448 472 4538 tuliorum,
494 4479 565 4531 nec
582 4450 727 4556 aliquid
741 4452 847 4558 quod
860 4470 951 4530 tunc
966 4456 1075 4532 lieret
1086 4453 1146 4530 vel
1162 4454 1304 4533 diceret
1318 4456 1369 4544 ei,
1386 4455 1556 4561 predicto
1571 4457 1693 4563 quod,

275 4579 306 4654 si
329 4582 532 4673 revelaret,
556 4600 763 4689 poneretur
781 4583 822 4662 in
841 4611 1003 4672 carcere,
1024 4584 1065 4660 in
1091 4613 1167 4690 quo
1188 4585 1263 4662 cito
1288 4603 1502 4664 moreretur
1519 4588 1577 4664 vel
1597 4615 1696 4664 uuu-

275 4737 386 4814 quam
404 4712 451 4788 ds
467 4739 513 4790 eo
529 4711 645 4792 exiret
653 4747 671 4803 ς.
686 4729 723 4790 et
742 4713 919 4818 imposito
932 4713 1004 4790 sibi
1017 4713 1215 4803 mantello,
1233 4734 1404 4822 receptor
1415 4734 1453 4793 et
1464 4717 1528 4798 alii
1541 4717 1696 4796 fuonmt

275 4865 362 4915 eum
383 4841 540 4920 osculati
557 4843 596 4919 iu
613 4869 698 4932 ore,
721 4859 759 4920 et
778 4843 856 4949 ipse
875 4844 980 4927 tastis
998 4843 1071 4924 fuit
1089 4845 1278 4933 osculatus
1296 4846 1442 4926 dictum
1460 4865 1694 4954 receptorem
