4486 5890
584 501 651 570 102
966 492 1161 572 PROCES
1188 495 1282 567 DES
1308 495 1611 568 TEMPLIERS.

578 636 792 742 llcquisitus
812 633 894 722 ubi,
917 634 1088 740 quando,
1111 665 1131 710 a
1151 665 1227 741 quo
1257 652 1295 712 et
1320 635 1482 741 qualiter
1509 636 1586 742 ipse
1611 654 1648 714 et
1669 637 1792 714 dictus
1810 640 1999 716 lohannes

527 847 531 856 ,
576 767 716 872 recepti
732 765 894 854 fuerant,
913 766 1108 871 respondit
1122 794 1160 842 se
1176 766 1288 843 luisse
1303 783 1498 873 receptum
1514 766 1553 844 in
1569 767 1710 874 capella
1731 767 1867 848 domus
1887 773 2000 850 Tem-

576 897 628 1003 pli
645 897 692 974 de
707 896 825 976 Podio
841 896 980 974 Revelli
1003 897 1227 973 Pictavensis
1243 896 1419 986 diocesis,
1437 914 1475 974 et
1495 926 1562 1001 per
1579 897 1731 974 fratrem
1748 898 2011 978 Guillelmum'

577 1027 623 1102 de
642 1027 751 1104 Blere
773 1043 1033 1131 preceptorem
1054 1025 1152 1102 dicte
1174 1026 1328 1118 domus,
1350 1027 1416 1133 qui
1437 1027 1630 1106 detinetur
1644 1027 1745 1134 apud
1766 1029 1995 1136 Caynonem,

575 1157 763 1234 dominica
778 1175 862 1262 post
878 1157 1017 1234 instans
1032 1156 1169 1234 festum
1187 1156 1388 1234 nativitatis
1403 1158 1504 1235 beati
1516 1159 1697 1236 lobannis
1709 1160 1872 1264 Baptiste
1889 1179 2000 1238 erunt

576 1315 610 1364 ru
629 1287 715 1362 anni
735 1285 794 1362 vel
814 1286 926 1376 circa;
945 1287 1183 1391 presentibus
1203 1285 1380 1364 fratribus
1401 1287 1608 1368 Guillelmo
1629 1288 1874 1380 Charbonen,
1898 1290 1998 1367 Gua-

573 1417 681 1494 sredo
697 1417 882 1502 Prioriset
895 1417 1114 1524 Raymondo
1131 1419 1304 1524 Pogneuz
1319 1418 1586 1508 servientibus,
1608 1419 1827 1509 deffunctis,
1840 1421 1881 1497 in
1897 1421 1998 1498 hunc

575 1547 732 1626 modum
751 1575 863 1624 :nam
880 1577 966 1624 cum
984 1547 1158 1652 peciisset
1174 1548 1364 1627 caritatem
1384 1565 1422 1624 et
1439 1549 1655 1626 societatem
1671 1547 1830 1626 fratrum
1839 1549 1994 1638 ordinis,

574 1695 613 1754 et
630 1705 854 1783 responsum
879 1676 1010 1756 luisset
1032 1679 1067 1752 ei
1089 1677 1194 1784 quod
1213 1679 1395 1784 grandem
1409 1707 1497 1755 rem
1521 1677 1687 1784 petebat,
1710 1695 1748 1754 et
1768 1679 1875 1783 quod
1899 1679 1995 1756 beno

575 1807 981 1894 deliberaret,tande1n
1000 1808 1081 1912 ipso
1102 1806 1264 1886 instante
1275 1837 1314 1884 se
1336 1808 1466 1912 recipi,
1486 1807 1608 1884 dictus
1625 1824 1808 1912 receptor,
1831 1835 1995 1884 annuens

574 1937 667 2014 votis
687 1938 783 2042 ejus,
805 1936 893 2012 lecit
921 1965 1008 2014 eum
1035 1965 1166 2014 vovere
1191 1955 1229 2014 et
1247 1937 1374 2042 jurare
1405 1938 1627 2024 castitatem,
1651 1936 1930 2027 obedienciam,
1959 1954 1995 2012 et

573 2067 693 2142 vivere
708 2066 787 2143 sine
803 2067 972 2173 proprio,
990 2083 1028 2142 et
1043 2095 1187 2142 servare
1203 2067 1300 2142 bona
1317 2082 1359 2144 et
1372 2066 1596 2144 elemosinas
1611 2066 1772 2156 ordinis;
1792 2093 1870 2170 quo
1882 2065 1992 2152 sacto,

575 2197 755 2302 imposuit
771 2194 841 2273 sibi
862 2194 1104 2282 mantellum,
1120 2211 1159 2270 et
1176 2212 1252 2273 tam
1270 2199 1350 2298 ipse
1365 2223 1480 2299 quam
1493 2195 1555 2270 alii
1571 2210 1733 2272 astantes
1746 2195 1902 2272 osculati
1916 2195 1995 2272 lue-

572 2342 662 2405 runt
679 2355 768 2404 eum
783 2326 822 2402 in
832 2353 910 2402 ore.
922 2324 1053 2402 Dictus
1069 2353 1155 2402 vero
1173 2324 1363 2403 lohannes
1378 2341 1549 2431 receptus
1564 2322 1635 2400 luit
1655 2325 1695 2400 in
1706 2324 1840 2401 eadem
1855 2325 1993 2431 capella

573 2475 610 2534 et
634 2485 701 2564 per
724 2456 902 2535 eumdem
925 2472 1174 2559 receptorem,
1197 2456 1236 2532 in
1261 2455 1431 2560 proximo
1456 2453 1552 2532 festo
1578 2453 1894 2532 Annunciacionis
1919 2455 1993 2534 Do

574 2587 711 2666 minice
730 2601 844 2663 erunt
863 2602 949 2662 octo
968 2585 1055 2662 anni
1077 2584 1135 2662 vel
1156 2585 1267 2673 circa,
1287 2584 1526 2692 presentibus
1545 2583 1722 2662 iratribus
1742 2585 1911 2662 Gerardo
1929 2589 1991 2662 Ju-

574 2717 668 2793 dicis
688 2716 736 2795 de
757 2715 992 2822 Auginbaoo,
1010 2731 1110 2794 teste
1130 2705 1242 2820 supra
1271 2713 1688 2812 examinato,Jobanne
1709 2715 1757 2790 de
1782 2716 1935 2820 Ussayo,
1957 2733 1993 2792 et

573 2845 778 2926 Guillelrno
794 2845 832 2923 lo
850 2849 959 2924 Breto
973 2844 1238 2931 servientibus,
1261 2845 1478 2943 deffunctis3
1494 2846 1532 2920 in
1551 2845 1658 2950 cujus
1669 2845 1851 2924 lobannis
1865 2873 1994 2950 recep-

573 2979 680 3053 cione
699 2976 867 3082 predicta
884 2976 985 3052 licita
1001 2975 1094 3051 lacta
1115 2977 1154 3051 in
1175 3005 1241 3052 sua
1260 2975 1480 3080 recepcione
1508 2989 1648 3050 servata
1666 2973 1832 3050 suerunt.
1854 2975 1992 3078 Requi-

575 3107 716 3184 situsfsi
733 3108 801 3184 scit
822 3106 878 3186 vel
902 3106 1022 3184 credit
1038 3107 1143 3210 quod
1163 3105 1329 3210 predicta
1345 3104 1474 3182 illicita
1489 3105 1528 3180 in
1544 3102 1712 3180 articulis
1728 3119 1920 3192 contenta,
1937 3104 1992 3179 vel

573 3240 696 3344 aliqua
717 3267 760 3316 ex
778 3239 846 3326 eis,
867 3257 931 3316 aut
949 3237 1075 3342 alique
1091 3237 1162 3314 alia
1180 3237 1452 3314 intervenirent
1468 3237 1506 3312 in
1526 3233 1811 3342 recepcionibus
1831 3235 1990 3312 aliorum

572 3371 629 3446 vel
649 3385 750 3474 post,
775 3368 868 3445 dixit
894 3396 933 3444 se
954 3367 1115 3452 nescirez
1146 3367 1266 3444 credit
1295 3383 1438 3454 tamem
1475 3381 1627 3473 propter
1658 3365 1818 3472 illaque
1838 3393 1991 3471 magnus

570 3499 748 3606 Magister
763 3499 876 3576 etalii
896 3501 935 3575 in
956 3497 1094 3576 litteris
1111 3497 1328 3604 apostolicis
1343 3497 1525 3576 nominati
1549 3495 1706 3574 confessi
1725 3495 1838 3574 luisse
1860 3496 1990 3573 dicun-

571 3647 643 3719 tur,
669 3630 775 3734 quod
799 3631 838 3706 in
862 3611 1076 3735 aliquorum
1100 3627 1385 3734 recepcionibus
1410 3627 1534 3733 aliqua
1561 3626 1691 3706 illicita
1710 3626 1987 3704 intervenirent.

570 3760 751 3838 durabant
766 3759 878 3865 .quod
899 3787 975 3838 non
997 3761 1138 3836 exirent
1165 3758 1358 3845 ordinem,
1379 3775 1418 3834 et
1437 3758 1561 3837 statim
1586 3784 1656 3861 pro
1681 3754 1859 3862 professis
1877 3754 1990 3832 babe-

573 3891 722 3968 bantur.
753 3890 995 3968 Clandestine
1025 3879 1317 3993 recipiebantur,
1345 3886 1487 3966 scilicet
1516 3885 1630 3965 nullis
1657 3885 1891 3992 presentibus
1920 3886 1987 3962 nisi

572 4020 748 4098 fratribus
771 4020 931 4106 ordinis,
964 4037 1001 4098 et
1024 4019 1145 4097 credit
1175 4019 1280 4125 quod
1305 4049 1347 4098 ex
1369 4021 1440 4097 boc
1466 4019 1676 4098 habebatur
1707 4016 1804 4096 mala
1827 4017 1987 4122 suspicio

570 4167 700 4229 contra
726 4179 803 4228 eos.
834 4150 899 4228 De·
917 4149 1039 4256 ydolis
1060 4149 1298 4228 nonaudivit
1322 4149 1443 4255 loqui,
1472 4150 1540 4225 sed
1557 4146 1727 4228 cordulis
1745 4147 1989 4254 cingebantur

567 4281 767 4386 assumptis
780 4279 883 4360 unde
894 4278 1087 4369 volebant,
1102 4280 1141 4356 in
1157 4279 1307 4385 signum
1322 4280 1508 4358 castitatis.
1523 4279 1598 4372 Qui
1613 4277 1840 4354 revelassent
1849 4292 1987 4352 secreta

568 4411 818 4517 capitulorum
851 4411 971 4516 puniti
998 4409 1180 4500 luissent,
1208 4410 1282 4488 ‚sed
1302 4411 1422 4489 nescit
1451 4408 1626 4515 qualiter.
1652 4407 1806 4512 Absque
1835 4405 1987 4486 licencia

568 4569 645 4620 non
684 4557 856 4647 poterant
892 4539 1065 4618 confiteri
1105 4539 1187 4616 aliis
1204 4567 1330 4646 quam
1359 4538 1626 4616 sacerdotibus.-
1649 4537 1810 4618 ordinis,
1844 4551 1884 4612 et
1918 4535 1988 4614 boc

569 4801 801 4909 negligentes
826 4801 985 4880 luerunt
1010 4803 1194 4907 quianon
1221 4819 1465 4880 correxerunt
1483 4827 1549 4878 eos
1574 4827 1642 4876 nec
1668 4797 1987 4878 denunciaverunt
