4208 5886
409 525 479 596 ras
784 497 981 592 rnocts
1012 516 1108 589 ons
1139 513 1449 590 rnurrrnns.

401 664 583 742 tuliorum
607 660 683 738 illis
701 659 769 766 qui
787 687 865 736 non
881 657 1079 736 adfuerant
1099 657 1138 734 iu
1158 655 1320 747 eisdem,
1342 653 1391 732 de
1411 652 1529 730 modo
1549 653 1780 761 reeepcionis
1789 657 1828 734 in

401 791 553 901 speciali
573 818 651 868 non
671 789 799 868 habita
816 788 1034 876 mendene,
1054 804 1094 864 et
1114 785 1236 864 credit
1254 783 1361 893 quod
1379 783 1448 890 qui
1464 781 1692 862 revelassent
1713 787 1825 891 punit

401 925 577 1012 luissent,
598 921 666 1000 sed
692 922 813 998 nescit
833 918 1005 1028 qualiter.
1036 917 1233 1012 Quamdiu
1257 915 1396 996 habere
1420 931 1596 1022 poterant
1618 916 1830 997 sacerdotes

403 1054 563 1143 ordinis,
592 1081 669 1132 non
696 1051 887 1130 dehebant
914 1048 1086 1128 confiteri
1107 1048 1201 1126 aliis.
1221 1045 1457 1126 Elemosinas
1480 1063 1519 1124 et
1537 1044 1830 1152 hospitalitatem

401 1185 495 1263 vidit
514 1183 780 1261 convenienter
791 1181 874 1260 fieri
891 1198 929 1258 et
948 1179 1083 1258 servari
1102 1180 1142 1256 in
1163 1178 1342 1258 domibus
1358 1176 1503 1254 ordinis
1532 1176 1573 1254 in
1599 1177 1738 1283 quibus
1768 1207 1830 1254 ex-

402 1315 479 1393 titit
502 1329 773 1404 commoratus,
799 1329 837 1389 et
861 1309 1151 1388 dellendebatur
1175 1310 1228 1388 eis
1252 1339 1301 1388 ne
1324 1306 1494 1387 indebite
1514 1307 1753 1414 acquirerent
1768 1336 1829 1386 or·-

404 1445 495 1524 dini.
511 1447 653 1522 Eorum
669 1442 845 1550 capitulis
863 1441 976 1530 clam,
992 1440 1109 1519 nullis
1129 1442 1369 1548 presentibus
1382 1439 1454 1518 nisi
1474 1437 1650 1518 fratribus
1666 1439 1826 1528 ordinis,

402 1573 638 1664 tenebantur,
658 1573 861 1680 aliquando
880 1588 965 1648 ante
987 1571 1105 1662 hem,
1127 1588 1171 1648 ut
1186 1588 1341 1678 possent
1358 1567 1557 1648 intendere
1582 1569 1747 1677 negociis
1765 1597 1829 1646 eo-

403 1732 500 1780 mm.
533 1703 651 1780 Licita
673 1702 844 1780 ordinata
872 1729 939 1807 per
958 1701 1177 1809 Magistrum
1208 1729 1296 1778 cum
1321 1715 1508 1778 conventu
1530 1712 1710 1778 servasset
1727 1717 1830 1778 totus

404 1835 516 1922 ordo,
537 1851 667 1912 contra
684 1861 801 1939 quem
819 1860 922 1908 nunc
937 1831 1092 1940 grandia
1118 1831 1306 1918 scandala,
1329 1829 1492 1936 suspicio
1514 1846 1554 1907 et
1572 1830 1726 1909 infamia
1741 1847 1830 1908 sunt

405 1981 546 2056 exorta,
570 1981 608 2042 et
625 1979 753 2041 contra
771 1991 886 2069 quem
905 1961 1028 2040 dictus
1042 1962 1218 2068 Magister
1235 1979 1274 2039 et
1292 1959 1356 2038 alii
1376 1961 1554 2038 dicuntur
1571 1961 1697 2068 aliqua
1715 1959 1829 2040 luisse

405 2091 584 2186 confessi,
611 2094 659 2172 ad
677 2093 783 2202 cujus
804 2092 947 2170 ordinis
966 2092 1240 2172 deffensionem
1255 2121 1295 2171 se
1318 2119 1396 2170 non
1418 2091 1618 2170 obtulerat.

460 2225 675 2332 Requisitus
690 2225 721 2301 si
736 2224 790 2302 sic
804 2223 1031 2330 deposuerat
1044 2252 1171 2331 prece,
1188 2221 1546 2329 precepto,timore‚
1560 2249 1705 2313 amore,
1720 2223 1827 2310 odio,

403 2355 460 2432 vel
476 2354 677 2461 temporali
700 2353 861 2432 comodo
887 2352 1017 2431 habito
1042 2352 1102 2430 vel
1128 2351 1322 2441 hahendo,
1353 2352 1550 2459 respondit
1576 2352 1681 2460 quod
1701 2353 1828 2432 illicita

404 2486 610 2564 consessata
630 2515 699 2594 per
720 2513 810 2561 eum
830 2484 973 2562 dixerat
994 2483 1044 2562 oh
1065 2500 1212 2562 metum
1235 2511 1397 2592 persone
1419 2512 1486 2564 sue
1506 2510 1623 2591 quem
1649 2485 1826 2576 habehat,

403 2633 442 2693 et
458 2617 590 2694 eadem
612 2614 805 2692 consessus
824 2613 945 2690 luerat
964 2641 1089 2692 coram
1111 2612 1212 2691 dicto
1232 2612 1392 2690 domino
1410 2613 1691 2720 archiepiscopo
1706 2617 1828 2694 Turo-

405 2748 530 2836 nensi,
549 2763 592 2823 ut
607 2745 716 2832 dixit,
734 2772 822 2821 cum
838 2743 906 2820 diu
920 2742 1052 2820 suisset
1072 2742 1275 2820 incarcere
1294 2743 1472 2820 detentus
1488 2759 1690 2850 postquam
1705 2747 1827 2851 primo

404 2893 601 2985 negaverat
625 2875 792 2984 predicta
823 2901 947 2952 coram
976 2871 1077 2950 dicto
1103 2871 1260 2951 domino
1285 2871 1564 2980 archiepiscopo
1593 2877 1825 2968 Turonensi3

403 3035 481 3084 non
506 3024 635 3083 tamen
654 3003 776 3082 fuerat
796 3004 1068 3110 questionatus.
1097 3005 1228 3082 Postea
1257 3019 1384 3080 tamen
1415 3003 1508 3080 dixit
1531 3003 1637 3110 quod
1661 3005 1826 3111 predicta

405 3137 548 3215 dixerat
566 3166 636 3245 pro
650 3135 803 3214 veritate
820 3134 997 3220 dicenda,
1015 3150 1055 3210 et
1067 3132 1156 3239 quia
1172 3161 1259 3210 vera
1271 3131 1429 3212 fuerant.
1442 3133 1515 3214 Cui
1528 3133 1600 3214 luit
1611 3135 1825 3242 injunctum

404 3267 511 3375 qnod
521 3295 598 3344 non
611 3265 794 3343 revelaret
805 3265 902 3340 hanc
915 3291 1021 3342 suam
1036 3262 1335 3368 deposiciouem,
1355 3291 1553 3371 quousque
1569 3266 1826 3344 attestaciones

403 3396 546 3474 suerint
564 3395 765 3503 publicato.

459 3657 589 3736 Frater
615 3653 903 3736 bartholomeus
932 3653 1137 3736 bartholeti
1165 3655 1348 3752 serviens,
1376 3657 1626 3738 Xantouensis
1651 3659 1826 3748 diocesis,

401 3789 508 3866 testis
527 3817 639 3895 supra
653 3790 817 3896 juratus,
844 3786 1068 3864 mantellum
1090 3787 1233 3866 ordinis
1254 3807 1292 3866 et
1309 3789 1466 3868 barbam
1487 3787 1691 3882 defferens,
1717 3792 1828 3898 quin-

402 3920 654 4025 quagenarius
675 3917 734 3996 vel
761 3918 876 4008 circa,
910 3945 998 3994 cum
1028 3945 1104 4022 quo
1139 3919 1366 4026 inquisitum
1394 3919 1536 4008 fuerat,
1563 3919 1759 4000 absolutus
1791 3939 1828 4000 et

403 4047 663 4125 reconciliatus
689 4075 756 4154 per
780 4045 978 4124 officialem
1004 4047 1273 4140 Pictavensem,
1303 4049 1409 4128 lectis
1429 4067 1468 4128 et
1487 4049 1688 4158 diligenter
1713 4079 1827 4157 expo·

402 4178 483 4255 sitis
509 4179 581 4258 sibi
609 4177 787 4258 omnibus
812 4193 850 4254 et
868 4175 1027 4284 singulis
1052 4180 1235 4270 articulis,
1266 4181 1464 4286 respoudit
1491 4209 1531 4258 se
1556 4181 1722 4270 nescire,
1758 4209 1828 4258 nec

403 4309 571 4400 credere,
601 4337 671 4386 nec
693 4308 877 4386 audivisse
907 4307 979 4385 dici
1000 4309 1049 4386 de
1073 4311 1259 4390 contentis
1283 4311 1398 4390 ineis
1420 4311 1492 4390 nisi
1513 4312 1619 4418 quod
1633 4311 1826 4418 sequitur:

403 4438 505 4514 Dixit
523 4465 687 4545 namque
708 4467 746 4516 se
767 4437 880 4518 fuisse
900 4455 1092 4546 receptum
1114 4441 1155 4517 in
1174 4440 1317 4547 capella
1334 4441 1473 4520 domus
1491 4439 1642 4547 Templi
1667 4441 1716 4520 de
1739 4443 1830 4520 Ber-

403 4595 498 4676 nayo
517 4569 767 4646 Xantonensis
788 4568 964 4656 diocesis,
983 4569 1022 4646 in
1042 4570 1202 4650 instante
1226 4599 1356 4650 mense
1376 4571 1602 4678 septembris
1627 4588 1740 4650 erunt
1759 4572 1831 4649 cir-

402 4699 495 4775 citer
510 4725 619 4776 xxvru
635 4699 741 4787 anni,
762 4727 830 4806 per
848 4697 1001 4777 fratrem
1017 4699 1268 4779 Amblardum
1293 4701 1340 4780 de
1356 4703 1476 4782 Viena
1494 4703 1708 4809 quondam,
1736 4719 1832 4780 tunc

401 4845 661 4935 preceptorem
694 4829 870 4938 Pictavie‚
902 4829 1140 4934 presentibus
1172 4831 1351 4910 fratribus
1382 4831 1591 4912 Guillelmo
1615 4831 1689 4910 deu
1715 4831 1832 4938 Liege
