4486 5890
745 485 942 580 euodes
972 505 1067 578 uus
1094 505 1398 582 renelmus.
1735 519 1783 588 oo

357 665 585 755 protestatus
604 663 689 726 ante
709 647 989 753 deposicionem
1010 677 1113 726 suam
1135 651 1238 756 qu'od
1265 679 1342 730 non
1362 653 1583 732 intendebat
1607 657 1784 734 recedere

359 809 379 856 a
409 778 650 884 deposicione
677 805 745 883 per
768 805 857 856 eum
886 778 976 855 lacta
1005 807 1130 856 coram
1152 782 1308 860 domino
1333 783 1612 891 archiepiscopo
1639 817 1785 866 memo-

354 929 447 988 l'tth.

413 1175 541 1250 Frater
560 1175 692 1249 Petrus
714 1173 761 1250 de
785 1174 913 1250 Monte
933 1172 1102 1249 Chalveti
1120 1173 1301 1284 serviens,
1323 1175 1587 1281 Lugdunensis
1606 1178 1780 1265 diocesis,

355 1303 460 1381 tostis
479 1329 598 1407 snpra.
614 1302 782 1408 juratus,
806 1302 1028 1380 mantellum
1048 1300 1193 1378 ordinis
1214 1319 1251 1378 et
1271 1302 1426 1380 barbam
1447 1304 1653 1398 defferens,
1678 1310 1783 1385 etatis

354 1433 782 1541 quadragintaquinque
803 1459 989 1509 annorum
1003 1431 1061 1508 vel
1077 1433 1187 1520 circa,
1206 1461 1292 1508 cum
1307 1461 1383 1538 quo
1400 1433 1621 1539 inquisitum
1642 1436 1780 1522 fueret,

355 1563 550 1644 absolutus
560 1580 598 1640 et
608 1562 946 1668 reconciliatusper
957 1562 1156 1640 dominum
1168 1561 1489 1668 archiepiscopum
1500 1565 1810 1654 Turonensem,'
1887 1605 1891 1610 ·

355 1693 460 1772 lectis
475 1710 514 1770 et
533 1693 735 1799 diligenter
755 1693 930 1798 expositis
951 1692 1021 1769 sibi
1044 1691 1230 1770 omnibus
1261 1710 1300 1769 et
1327 1693 1487 1800 singulis
1511 1696 1694 1785 articulis,
1721 1727 1780 1775 re-

354 1824 508 1931 spondit
530 1853 570 1901 se
597 1823 760 1912 nescire,
783 1851 852 1900 nec
876 1822 1049 1912 credere,
1076 1851 1146 1900 nec
1170 1822 1355 1900 audiuisse
1376 1823 1449 1900 dici
1469 1826 1516 1900 de
1537 1829 1723 1904 contentis
1743 1831 1781 1904 in

354 1955 408 2032 eis
422 1954 494 2030 nisi
507 1953 613 2059 qnod
626 1954 808 2058 sequitur.
826 1953 927 2030 Dixit
940 1953 1095 2028 enimse
1108 1951 1221 2028 luisse
1234 1970 1428 2057 receptum
1442 1955 1480 2032 in
1492 1955 1633 2060 capella
1644 1957 1782 2036 domus

355 2086 402 2165 de
422 2083 576 2190 Belleyo
593 2083 783 2162 Eduensis
803 2082 982 2170 diocesis,
1001 2098 1090 2160 sunt
1110 2081 1227 2160 modo
1245 2109 1294 2159 -xx
1310 2083 1397 2160 anui
1413 2083 1472 2160 vel
1488 2087 1600 2177 circa,
1619 2115 1688 2192 per
1709 2090 1781 2168 l'ra-

355 2232 450 2292 trem
471 2211 678 2294 Geraldum
704 2213 752 2289 de
780 2213 939 2290 Sanzeto
965 2211 1126 2288 militem
1154 2211 1369 2318 quondam,
1393 2213 1673 2294 Lemouioeusis
1700 2221 1781 2298 dio-

355 2344 447 2422 cesis
471 2361 581 2434 tunc,
598 2359 855 2449 preceptorem
882 2340 1128 2418 Lemovioinii
1156 2356 1195 2416 et
1223 2339 1422 2431 Alternie,
1443 2344 1684 2446 presentibus
1709 2348 1782 2424 lra-

354 2475 476 2554 tribus
503 2473 713 2554 Guillelmo
744 2471 911 2550 Arnandi
934 2469 1232 2560 Lemovicensis,
1259 2469 1440 2550 Gnidone
1471 2490 1508 2548 et
1539 2475 1698 2582 Hugone
1732 2479 1779 2556 de

354 2604 562 2684 Monbelho
582 2602 915 2689 Claramontensis,
935 2619 973 2678 et
992 2601 1185 2706 Stephano
1204 2600 1253 2676 de
1267 2599 1373 2679 Valle
1393 2602 1580 2682 Eduensis
1603 2605 1777 2691 diocesis,

353 2735 603 2812 servientibus
621 2733 840 2821 dedicastis,
860 2749 904 2814 ut
915 2731 1053 2818 credit,
1072 2731 1227 2808 inbunc
1240 2731 1418 2820 modum,
1435 2761 1520 2810 nam
1538 2763 1624 2813 cum
1645 2738 1778 2843 peciis-

353 2881 410 2942 set
428 2865 534 2943 ssexis
545 2863 706 2971 genibus
722 2892 857 2969 panem
874 2879 912 2940 et
926 2891 1062 2968 aquam
1076 2879 1114 2940 et
1132 2861 1347 2940 societatem
1367 2861 1523 2940 fratrum
1546 2866 1689 2944 ordinis
1708 2886 1776 2954 ter,

352 2995 505 3074 tandem
522 2995 645 3074 dictus
659 3011 831 3100 receptor
847 2994 1030 3072 concessit
1044 2992 1187 3081 eidem,
1195 3009 1233 3070 et
1250 2991 1340 3070 lecit
1352 3021 1443 3070 curn
1457 3022 1589 3076 vovere
1605 3013 1643 3073 et
1649 2998 1778 3104 jurare

352 3124 626 3212 castitatem,et
644 3126 764 3202 uivere
783 3125 866 3204 sine
884 3124 1056 3230 proprio,
1078 3146 1223 3200 servare
1243 3121 1365 3200 bonos
1384 3151 1476 3200 usus
1496 3143 1534 3202 et
1552 3125 1670 3204 bonas
1690 3157 1778 3209 con-

351 3257 574 3334 suetudines
594 3283 668 3362 que
689 3272 781 3335 tunc
801 3272 907 3358 eraut
928 3272 965 3332 et
986 3254 1024 3332 iu
1044 3270 1240 3360 posterum
1259 3253 1546 3358 imponerentur
1571 3258 1609 3334 in
1630 3260 1774 3338 ordine.

354 3386 496 3492 atqnod
512 3415 590 3464 non
605 3385 785 3464 revelaret
797 3402 938 3466 secreta
954 3385 1220 3490 capitulorum.
1232 3383 1320 3476 Quo
1336 3383 1450 3476 lacto,
1466 3385 1588 3468 dictus
1607 3409 1779 3496 receptor

354 3517 535 3622 imposuit
568 3519 640 3596 sibi
672 3516 912 3604 mantellum,
938 3529 1075 3592 ettam
1106 3515 1184 3618 ipse
1211 3541 1326 3619 quam
1354 3515 1417 3592 alii
1447 3533 1608 3596 astantes
1622 3518 1779 3600 luerunt

352 3674 442 3726 eum
463 3647 620 3726 osculati
634 3647 672 3726 iu
694 3676 771 3725 ore.
798 3645 945 3724 Deinde
967 3643 1142 3724 instruxit
1157 3669 1245 3720 eum
1264 3658 1358 3747 quot
1378 3645 1490 3722 Pater
1503 3650 1776 3730 intentiores

352 3803 421 3880 pro
442 3777 546 3858 horis
566 3778 660 3869 suis,
686 3795 723 3854 et
745 3775 909 3882 qualiter
931 3803 970 3850 se
991 3790 1138 3880 regeret
1155 3771 1194 3849 in
1212 3769 1366 3860 ordine,
1401 3772 1529 3852 dicens
1547 3776 1651 3854 idem
1667 3781 1777 3858 testis

350 3905 456 4011 quod
471 3907 509 3986 in
522 3908 619 3985 dicta
631 3906 851 4012 recepcione
868 3933 935 3982 sua
951 3903 1056 3982 nulla
1071 3901 1200 3980 illicita
1217 3901 1510 3980 intervenertmt.
1528 3907 1773 3986 Postmodum

350 4053 491 4124 autem,
509 4036 785 4122 dimidioanno
800 4035 927 4141 elapso
941 4035 998 4112 vel
1011 4034 1122 4120 cirea,
1135 4032 1328 4137 predictus
1339 4029 1593 4115 fraterGuido
1604 4037 1773 4117 deMon-
1838 4063 1841 4068 ’

348 4165 465 4244 balbo
484 4183 680 4272 preceptor
700 4167 837 4244 domus
857 4164 1006 4270 Templi
1029 4164 1075 4240 de
1096 4165 1298 4242 lammens
1313 4162 1701 4258 Eduensisidiocesis,
1720 4200 1776 4248 vo-

353 4296 447 4374 cavit
465 4296 608 4378 dictum
625 4313 760 4376 testem
776 4297 815 4372 in
836 4295 934 4374 dicta
950 4295 1066 4372 donro
1077 4309 1287 4374 morantem
1300 4290 1349 4369 ad
1360 4283 1673 4388 cameramsurim,
1686 4299 1775 4378 nul-

349 4425 396 4508 lis
420 4425 505 4504 aliis
524 4427 777 4535 presentibus,
796 4426 927 4504 dicens
945 4425 1106 4532 siquod
1128 4425 1207 4529 ipse
1223 4419 1395 4504 noudum
1412 4441 1491 4500 erat
1509 4427 1772 4534 Templarius,

348 4559 560 4663 precipiens
585 4560 619 4637 ei
649 4553 754 4666 quod
774 4557 976 4664 abnegaret
995 4559 1142 4646 Deum3
1172 4571 1315 4634 etcum
1339 4552 1419 4657 ipse
1440 4554 1583 4634 diceret
1601 4587 1640 4636 se
1659 4561 1773 4640 nullo

351 4687 468 4768 modo
481 4689 749 4768 hoctacruram
759 4689 870 4779 ,dixit
888 4688 959 4768 sibi
977 4688 1100 4764 dictus
1115 4699 1317 4790 preceptor
1329 4684 1443 4787 vquod
1464 4688 1663 4792 oportebat
1675 4718 1771 4768 eum

347 4818 551 4926 abnegare,
572 4819 741 4928 alioquin
761 4836 919 4924 poneret
936 4847 1024 4896 eum
1047 4818 1084 4892 in
1102 4812 1320 4900 maloloeo,
1338 4829 1377 4890 et
1391 4830 1482 4894 tunc
1496 4816 1578 4922 ipse
1593 4818 1698 4896 testis
1709 4821 1774 4896 ab·

1583 4957 1629 5016 13.
