<?xml version="1.0" encoding="UTF-8"?>
<!DOCTYPE html PUBLIC "-//W3C//DTD XHTML 1.0 Transitional//EN"
    "http://www.w3.org/TR/xhtml1/DTD/xhtml1-transitional.dtd">
<html xmlns="http://www.w3.org/1999/xhtml" xml:lang="en" lang="en">
 <head>
  <title>
</title>
<meta http-equiv="Content-Type" content="text/html;charset=utf-8" />
  <meta name='ocr-system' content='tesseract 3.04.00' />
  <meta name='ocr-capabilities' content='ocr_page ocr_carea ocr_par ocr_line ocrx_word'/>
</head>
<body>
  <div class='ocr_page' id='page_1' title='image "./procsdestemplie03defegoog/procsdestemplie03defegoog_0278.png"; bbox 0 0 4208 5886; ppageno 0'>
   <div class='ocr_carea' id='block_1_1' title="bbox 406 497 1446 594">
    <p class='ocr_par' dir='ltr' id='par_1_1' title="bbox 406 497 1446 594">
     <span class='ocr_line' id='line_1_1' title="bbox 406 497 1446 594; baseline -0.004 -1"><span class='ocrx_word' id='word_1_1' title='bbox 406 525 480 594; x_wconf 75' lang='lat' dir='ltr'><strong>aaa</strong></span> <span class='ocrx_word' id='word_1_2' title='bbox 779 497 977 590; x_wconf 73' lang='lat' dir='ltr'><strong>esoces</strong></span> <span class='ocrx_word' id='word_1_3' title='bbox 1008 517 1105 588; x_wconf 84' lang='lat' dir='ltr'><strong>ons</strong></span> <span class='ocrx_word' id='word_1_4' title='bbox 1135 517 1446 590; x_wconf 78' lang='lat' dir='ltr'><strong>sunericus.</strong></span> 
     </span>
    </p>
   </div>
   <div class='ocr_carea' id='block_1_2' title="bbox 396 653 1831 4910">
    <p class='ocr_par' dir='ltr' id='par_1_2' title="bbox 396 653 1831 4502">
     <span class='ocr_line' id='line_1_2' title="bbox 403 653 1831 769; baseline 0 -31"><span class='ocrx_word' id='word_1_5' title='bbox 403 679 443 738; x_wconf 91' lang='lat' dir='ltr'><strong>et</strong></span> <span class='ocrx_word' id='word_1_6' title='bbox 461 663 539 769; x_wconf 91' lang='lat' dir='ltr'><strong>ipse</strong></span> <span class='ocrx_word' id='word_1_7' title='bbox 558 677 597 736; x_wconf 91' lang='lat' dir='ltr'><strong>et</strong></span> <span class='ocrx_word' id='word_1_8' title='bbox 611 673 770 736; x_wconf 74' lang='lat' dir='ltr'><strong>astantes</strong></span> <span class='ocrx_word' id='word_1_9' title='bbox 787 655 942 736; x_wconf 78' lang='lat' dir='ltr'><strong>luerunt</strong></span> <span class='ocrx_word' id='word_1_10' title='bbox 958 685 1046 734; x_wconf 92' lang='lat' dir='ltr'><strong>eum</strong></span> <span class='ocrx_word' id='word_1_11' title='bbox 1062 655 1218 734; x_wconf 89' lang='lat' dir='ltr'><strong>osculati</strong></span> <span class='ocrx_word' id='word_1_12' title='bbox 1233 657 1272 734; x_wconf 87' lang='lat' dir='ltr'><strong>in</strong></span> <span class='ocrx_word' id='word_1_13' title='bbox 1285 675 1426 748; x_wconf 72' lang='lat' dir='ltr'><strong>oraret</strong></span> <span class='ocrx_word' id='word_1_14' title='bbox 1438 653 1614 735; x_wconf 81' lang='lat' dir='ltr'><strong>instnixit</strong></span> <span class='ocrx_word' id='word_1_15' title='bbox 1630 689 1719 738; x_wconf 90' lang='lat' dir='ltr'><strong>eum</strong></span> <span class='ocrx_word' id='word_1_16' title='bbox 1734 682 1831 768; x_wconf 84' lang='lat' dir='ltr'><strong>quot</strong></span> 
     </span>
     <span class='ocr_line' id='line_1_3' title="bbox 403 787 1826 896; baseline 0 -26"><span class='ocrx_word' id='word_1_17' title='bbox 403 794 515 871; x_wconf 79' lang='lat' dir='ltr'><strong>Pater</strong></span> <span class='ocrx_word' id='word_1_18' title='bbox 531 805 645 868; x_wconf 84' lang='lat' dir='ltr'><strong>noster</strong></span> <span class='ocrx_word' id='word_1_19' title='bbox 658 790 800 866; x_wconf 89' lang='lat' dir='ltr'><strong>diceret</strong></span> <span class='ocrx_word' id='word_1_20' title='bbox 819 817 889 894; x_wconf 90' lang='lat' dir='ltr'><strong>pro</strong></span> <span class='ocrx_word' id='word_1_21' title='bbox 907 789 1011 866; x_wconf 88' lang='lat' dir='ltr'><strong>horis</strong></span> <span class='ocrx_word' id='word_1_22' title='bbox 1029 787 1123 880; x_wconf 83' lang='lat' dir='ltr'><strong>suis,</strong></span> <span class='ocrx_word' id='word_1_23' title='bbox 1146 804 1183 864; x_wconf 92' lang='lat' dir='ltr'><strong>et</strong></span> <span class='ocrx_word' id='word_1_24' title='bbox 1207 787 1370 894; x_wconf 86' lang='lat' dir='ltr'><strong>qualiter</strong></span> <span class='ocrx_word' id='word_1_25' title='bbox 1388 801 1535 896; x_wconf 77' lang='lat' dir='ltr'><strong>regeret</strong></span> <span class='ocrx_word' id='word_1_26' title='bbox 1556 817 1596 866; x_wconf 88' lang='lat' dir='ltr'><strong>se</strong></span> <span class='ocrx_word' id='word_1_27' title='bbox 1615 790 1653 867; x_wconf 90' lang='lat' dir='ltr'><strong>in</strong></span> <span class='ocrx_word' id='word_1_28' title='bbox 1676 793 1826 880; x_wconf 86' lang='lat' dir='ltr'><strong>ordine,</strong></span> 
     </span>
     <span class='ocr_line' id='line_1_4' title="bbox 404 917 1830 1030; baseline 0.002 -32"><span class='ocrx_word' id='word_1_29' title='bbox 404 939 442 998; x_wconf 90' lang='lat' dir='ltr'><strong>et</strong></span> <span class='ocrx_word' id='word_1_30' title='bbox 466 923 570 1028; x_wconf 89' lang='lat' dir='ltr'><strong>quod</strong></span> <span class='ocrx_word' id='word_1_31' title='bbox 598 921 697 998; x_wconf 90' lang='lat' dir='ltr'><strong>beua</strong></span> <span class='ocrx_word' id='word_1_32' title='bbox 727 937 889 996; x_wconf 88' lang='lat' dir='ltr'><strong>servaret</strong></span> <span class='ocrx_word' id='word_1_33' title='bbox 912 917 1137 997; x_wconf 80' lang='lat' dir='ltr'><strong>elemosinas</strong></span> <span class='ocrx_word' id='word_1_34' title='bbox 1164 918 1317 996; x_wconf 85' lang='lat' dir='ltr'><strong>ordinis.</strong></span> <span class='ocrx_word' id='word_1_35' title='bbox 1348 920 1480 996; x_wconf 80' lang='lat' dir='ltr'><strong>Postea</strong></span> <span class='ocrx_word' id='word_1_36' title='bbox 1507 919 1630 997; x_wconf 90' lang='lat' dir='ltr'><strong>dictus</strong></span> <span class='ocrx_word' id='word_1_37' title='bbox 1657 941 1830 1030; x_wconf 88' lang='lat' dir='ltr'><strong>receptor</strong></span> 
     </span>
     <span class='ocr_line' id='line_1_5' title="bbox 402 1048 1827 1157; baseline 0.003 -31"><span class='ocrx_word' id='word_1_38' title='bbox 402 1051 570 1157; x_wconf 86' lang='lat' dir='ltr'><strong>precepit</strong></span> <span class='ocrx_word' id='word_1_39' title='bbox 589 1051 623 1126; x_wconf 91' lang='lat' dir='ltr'><strong>ei</strong></span> <span class='ocrx_word' id='word_1_40' title='bbox 646 1051 752 1154; x_wconf 91' lang='lat' dir='ltr'><strong>quod</strong></span> <span class='ocrx_word' id='word_1_41' title='bbox 770 1050 972 1157; x_wconf 80' lang='lat' dir='ltr'><strong>abnegaret</strong></span> <span class='ocrx_word' id='word_1_42' title='bbox 991 1051 1131 1137; x_wconf 89' lang='lat' dir='ltr'><strong>Deum,</strong></span> <span class='ocrx_word' id='word_1_43' title='bbox 1154 1065 1192 1124; x_wconf 84' lang='lat' dir='ltr'><strong>st</strong></span> <span class='ocrx_word' id='word_1_44' title='bbox 1210 1049 1290 1154; x_wconf 89' lang='lat' dir='ltr'><strong>ipse</strong></span> <span class='ocrx_word' id='word_1_45' title='bbox 1313 1050 1418 1128; x_wconf 87' lang='lat' dir='ltr'><strong>testis</strong></span> <span class='ocrx_word' id='word_1_46' title='bbox 1441 1048 1637 1157; x_wconf 84' lang='lat' dir='ltr'><strong>abnegavit</strong></span> <span class='ocrx_word' id='word_1_47' title='bbox 1651 1079 1734 1142; x_wconf 87' lang='lat' dir='ltr'><strong>ore,</strong></span> <span class='ocrx_word' id='word_1_48' title='bbox 1750 1082 1827 1134; x_wconf 90' lang='lat' dir='ltr'><strong>non</strong></span> 
     </span>
     <span class='ocr_line' id='line_1_6' title="bbox 401 1178 1828 1286; baseline 0.002 -28"><span class='ocrx_word' id='word_1_49' title='bbox 401 1182 529 1259; x_wconf 87' lang='lat' dir='ltr'><strong>corde.</strong></span> <span class='ocrx_word' id='word_1_50' title='bbox 551 1181 698 1258; x_wconf 90' lang='lat' dir='ltr'><strong>Deinde</strong></span> <span class='ocrx_word' id='word_1_51' title='bbox 717 1179 884 1285; x_wconf 84' lang='lat' dir='ltr'><strong>precepit</strong></span> <span class='ocrx_word' id='word_1_52' title='bbox 908 1179 944 1255; x_wconf 90' lang='lat' dir='ltr'><strong>ei</strong></span> <span class='ocrx_word' id='word_1_53' title='bbox 968 1178 1075 1285; x_wconf 90' lang='lat' dir='ltr'><strong>quod</strong></span> <span class='ocrx_word' id='word_1_54' title='bbox 1096 1197 1248 1284; x_wconf 86' lang='lat' dir='ltr'><strong>spueret</strong></span> <span class='ocrx_word' id='word_1_55' title='bbox 1273 1195 1401 1256; x_wconf 88' lang='lat' dir='ltr'><strong>contra</strong></span> <span class='ocrx_word' id='word_1_56' title='bbox 1425 1207 1574 1256; x_wconf 89' lang='lat' dir='ltr'><strong>crucem</strong></span> <span class='ocrx_word' id='word_1_57' title='bbox 1595 1211 1668 1286; x_wconf 90' lang='lat' dir='ltr'><strong>que</strong></span> <span class='ocrx_word' id='word_1_58' title='bbox 1692 1202 1772 1261; x_wconf 89' lang='lat' dir='ltr'><strong>erat</strong></span> <span class='ocrx_word' id='word_1_59' title='bbox 1789 1185 1828 1261; x_wconf 89' lang='lat' dir='ltr'><strong>in</strong></span> 
     </span>
     <span class='ocr_line' id='line_1_7' title="bbox 403 1307 1829 1414; baseline 0.001 -26"><span class='ocrx_word' id='word_1_60' title='bbox 403 1313 508 1388; x_wconf 88' lang='lat' dir='ltr'><strong>altari</strong></span> <span class='ocrx_word' id='word_1_61' title='bbox 523 1327 662 1396; x_wconf 86' lang='lat' dir='ltr'><strong>erecta,</strong></span> <span class='ocrx_word' id='word_1_62' title='bbox 680 1327 718 1386; x_wconf 92' lang='lat' dir='ltr'><strong>et</strong></span> <span class='ocrx_word' id='word_1_63' title='bbox 736 1311 814 1414; x_wconf 87' lang='lat' dir='ltr'><strong>ipse</strong></span> <span class='ocrx_word' id='word_1_64' title='bbox 832 1309 958 1386; x_wconf 89' lang='lat' dir='ltr'><strong>noluit</strong></span> <span class='ocrx_word' id='word_1_65' title='bbox 970 1337 1119 1414; x_wconf 88' lang='lat' dir='ltr'><strong>spuere.</strong></span> <span class='ocrx_word' id='word_1_66' title='bbox 1136 1307 1293 1414; x_wconf 80' lang='lat' dir='ltr'><strong>Aliquid</strong></span> <span class='ocrx_word' id='word_1_67' title='bbox 1309 1308 1414 1386; x_wconf 87' lang='lat' dir='ltr'><strong>aliud</strong></span> <span class='ocrx_word' id='word_1_68' title='bbox 1427 1309 1607 1386; x_wconf 84' lang='lat' dir='ltr'><strong>illicitum</strong></span> <span class='ocrx_word' id='word_1_69' title='bbox 1622 1341 1699 1390; x_wconf 90' lang='lat' dir='ltr'><strong>non</strong></span> <span class='ocrx_word' id='word_1_70' title='bbox 1713 1314 1829 1392; x_wconf 89' lang='lat' dir='ltr'><strong>inter-</strong></span> 
     </span>
     <span class='ocr_line' id='line_1_8' title="bbox 401 1439 1828 1550; baseline 0.003 -32"><span class='ocrx_word' id='word_1_71' title='bbox 401 1443 560 1519; x_wconf 87' lang='lat' dir='ltr'><strong>venitin</strong></span> <span class='ocrx_word' id='word_1_72' title='bbox 586 1442 684 1517; x_wconf 89' lang='lat' dir='ltr'><strong>dicta</strong></span> <span class='ocrx_word' id='word_1_73' title='bbox 709 1469 777 1517; x_wconf 90' lang='lat' dir='ltr'><strong>sua</strong></span> <span class='ocrx_word' id='word_1_74' title='bbox 804 1439 1024 1544; x_wconf 87' lang='lat' dir='ltr'><strong>recepcione</strong></span> <span class='ocrx_word' id='word_1_75' title='bbox 1048 1467 1119 1514; x_wconf 90' lang='lat' dir='ltr'><strong>nec</strong></span> <span class='ocrx_word' id='word_1_76' title='bbox 1142 1456 1246 1544; x_wconf 87' lang='lat' dir='ltr'><strong>post,</strong></span> <span class='ocrx_word' id='word_1_77' title='bbox 1272 1456 1310 1516; x_wconf 91' lang='lat' dir='ltr'><strong>et</strong></span> <span class='ocrx_word' id='word_1_78' title='bbox 1332 1440 1462 1545; x_wconf 88' lang='lat' dir='ltr'><strong>pocius</strong></span> <span class='ocrx_word' id='word_1_79' title='bbox 1486 1440 1607 1518; x_wconf 88' lang='lat' dir='ltr'><strong>credit</strong></span> <span class='ocrx_word' id='word_1_80' title='bbox 1624 1443 1727 1546; x_wconf 89' lang='lat' dir='ltr'><strong>quod</strong></span> <span class='ocrx_word' id='word_1_81' title='bbox 1748 1474 1828 1550; x_wconf 88' lang='lat' dir='ltr'><strong>pre·</strong></span> 
     </span>
     <span class='ocr_line' id='line_1_9' title="bbox 403 1568 1827 1673; baseline 0.002 -26"><span class='ocrx_word' id='word_1_82' title='bbox 403 1573 502 1648; x_wconf 89' lang='lat' dir='ltr'><strong>dicta</strong></span> <span class='ocrx_word' id='word_1_83' title='bbox 522 1570 650 1647; x_wconf 90' lang='lat' dir='ltr'><strong>illicita</strong></span> <span class='ocrx_word' id='word_1_84' title='bbox 665 1568 724 1646; x_wconf 90' lang='lat' dir='ltr'><strong>vel</strong></span> <span class='ocrx_word' id='word_1_85' title='bbox 740 1569 810 1646; x_wconf 84' lang='lat' dir='ltr'><strong>alia</strong></span> <span class='ocrx_word' id='word_1_86' title='bbox 828 1596 905 1645; x_wconf 91' lang='lat' dir='ltr'><strong>uon</strong></span> <span class='ocrx_word' id='word_1_87' title='bbox 922 1568 1206 1645; x_wconf 89' lang='lat' dir='ltr'><strong>intervenerunt</strong></span> <span class='ocrx_word' id='word_1_88' title='bbox 1220 1569 1258 1644; x_wconf 91' lang='lat' dir='ltr'><strong>in</strong></span> <span class='ocrx_word' id='word_1_89' title='bbox 1275 1569 1562 1673; x_wconf 91' lang='lat' dir='ltr'><strong>recepciouibus</strong></span> <span class='ocrx_word' id='word_1_90' title='bbox 1580 1568 1741 1648; x_wconf 88' lang='lat' dir='ltr'><strong>aliorum</strong></span> <span class='ocrx_word' id='word_1_91' title='bbox 1756 1572 1827 1650; x_wconf 78' lang='lat' dir='ltr'><strong>lm-</strong></span> 
     </span>
     <span class='ocr_line' id='line_1_10' title="bbox 399 1697 1823 1805; baseline 0.001 -27"><span class='ocrx_word' id='word_1_92' title='bbox 399 1720 501 1778; x_wconf 87' lang='lat' dir='ltr'><strong>trum</strong></span> <span class='ocrx_word' id='word_1_93' title='bbox 518 1700 662 1778; x_wconf 87' lang='lat' dir='ltr'><strong>ordinis</strong></span> <span class='ocrx_word' id='word_1_94' title='bbox 682 1699 740 1775; x_wconf 90' lang='lat' dir='ltr'><strong>vel</strong></span> <span class='ocrx_word' id='word_1_95' title='bbox 754 1717 841 1805; x_wconf 86' lang='lat' dir='ltr'><strong>post</strong></span> <span class='ocrx_word' id='word_1_96' title='bbox 859 1726 974 1804; x_wconf 89' lang='lat' dir='ltr'><strong>quam</strong></span> <span class='ocrx_word' id='word_1_97' title='bbox 995 1697 1241 1786; x_wconf 86' lang='lat' dir='ltr'><strong>contrarium,</strong></span> <span class='ocrx_word' id='word_1_98' title='bbox 1266 1699 1450 1804; x_wconf 89' lang='lat' dir='ltr'><strong>quianon</strong></span> <span class='ocrx_word' id='word_1_99' title='bbox 1472 1700 1583 1787; x_wconf 87' lang='lat' dir='ltr'><strong>vidit,</strong></span> <span class='ocrx_word' id='word_1_100' title='bbox 1609 1729 1677 1776; x_wconf 89' lang='lat' dir='ltr'><strong>nec</strong></span> <span class='ocrx_word' id='word_1_101' title='bbox 1700 1703 1823 1792; x_wconf 89' lang='lat' dir='ltr'><strong>scivit,</strong></span> 
     </span>
     <span class='ocr_line' id='line_1_11' title="bbox 401 1827 1823 1937; baseline 0.001 -29"><span class='ocrx_word' id='word_1_102' title='bbox 401 1859 471 1908; x_wconf 91' lang='lat' dir='ltr'><strong>nec</strong></span> <span class='ocrx_word' id='word_1_103' title='bbox 492 1829 633 1906; x_wconf 88' lang='lat' dir='ltr'><strong>audivit</strong></span> <span class='ocrx_word' id='word_1_104' title='bbox 654 1828 729 1905; x_wconf 88' lang='lat' dir='ltr'><strong>dici</strong></span> <span class='ocrx_word' id='word_1_105' title='bbox 752 1843 838 1904; x_wconf 88' lang='lat' dir='ltr'><strong>ante</strong></span> <span class='ocrx_word' id='word_1_106' title='bbox 860 1827 1079 1932; x_wconf 84' lang='lat' dir='ltr'><strong>cuprionem</strong></span> <span class='ocrx_word' id='word_1_107' title='bbox 1103 1854 1253 1913; x_wconf 90' lang='lat' dir='ltr'><strong>eorum,</strong></span> <span class='ocrx_word' id='word_1_108' title='bbox 1278 1828 1366 1905; x_wconf 90' lang='lat' dir='ltr'><strong>licet</strong></span> <span class='ocrx_word' id='word_1_109' title='bbox 1383 1827 1520 1904; x_wconf 92' lang='lat' dir='ltr'><strong>viderit</strong></span> <span class='ocrx_word' id='word_1_110' title='bbox 1538 1830 1654 1937; x_wconf 85' lang='lat' dir='ltr'><strong>recipi</strong></span> <span class='ocrx_word' id='word_1_111' title='bbox 1673 1829 1823 1910; x_wconf 83' lang='lat' dir='ltr'><strong>fratrem</strong></span> 
     </span>
     <span class='ocr_line' id='line_1_12' title="bbox 401 1955 1826 2068; baseline 0.004 -33"><span class='ocrx_word' id='word_1_112' title='bbox 401 1962 555 2036; x_wconf 89' lang='lat' dir='ltr'><strong>Petrum</strong></span> <span class='ocrx_word' id='word_1_113' title='bbox 580 1957 628 2034; x_wconf 92' lang='lat' dir='ltr'><strong>de</strong></span> <span class='ocrx_word' id='word_1_114' title='bbox 652 1957 852 2036; x_wconf 88' lang='lat' dir='ltr'><strong>Gressibus</strong></span> <span class='ocrx_word' id='word_1_115' title='bbox 879 1957 1123 2046; x_wconf 88' lang='lat' dir='ltr'><strong>servientem,</strong></span> <span class='ocrx_word' id='word_1_116' title='bbox 1150 1955 1412 2035; x_wconf 84' lang='lat' dir='ltr'><strong>Ambianensis</strong></span> <span class='ocrx_word' id='word_1_117' title='bbox 1438 1957 1616 2048; x_wconf 87' lang='lat' dir='ltr'><strong>diocesis,</strong></span> <span class='ocrx_word' id='word_1_118' title='bbox 1644 1963 1692 2038; x_wconf 93' lang='lat' dir='ltr'><strong>de</strong></span> <span class='ocrx_word' id='word_1_119' title='bbox 1719 1963 1826 2068; x_wconf 85' lang='lat' dir='ltr'><strong>cujus</strong></span> 
     </span>
     <span class='ocr_line' id='line_1_13' title="bbox 400 2085 1824 2196; baseline 0.002 -31"><span class='ocrx_word' id='word_1_120' title='bbox 400 2089 474 2165; x_wconf 89' lang='lat' dir='ltr'><strong>vita</strong></span> <span class='ocrx_word' id='word_1_121' title='bbox 486 2089 544 2163; x_wconf 91' lang='lat' dir='ltr'><strong>vel</strong></span> <span class='ocrx_word' id='word_1_122' title='bbox 560 2105 680 2164; x_wconf 89' lang='lat' dir='ltr'><strong>morte</strong></span> <span class='ocrx_word' id='word_1_123' title='bbox 701 2113 777 2163; x_wconf 90' lang='lat' dir='ltr'><strong>non</strong></span> <span class='ocrx_word' id='word_1_124' title='bbox 798 2086 912 2164; x_wconf 91' lang='lat' dir='ltr'><strong>habet</strong></span> <span class='ocrx_word' id='word_1_125' title='bbox 931 2086 1215 2175; x_wconf 83' lang='lat' dir='ltr'><strong>certitudinem,</strong></span> <span class='ocrx_word' id='word_1_126' title='bbox 1232 2087 1272 2162; x_wconf 90' lang='lat' dir='ltr'><strong>in</strong></span> <span class='ocrx_word' id='word_1_127' title='bbox 1292 2085 1434 2192; x_wconf 89' lang='lat' dir='ltr'><strong>capella</strong></span> <span class='ocrx_word' id='word_1_128' title='bbox 1456 2087 1592 2166; x_wconf 87' lang='lat' dir='ltr'><strong>domus</strong></span> <span class='ocrx_word' id='word_1_129' title='bbox 1610 2091 1760 2196; x_wconf 90' lang='lat' dir='ltr'><strong>Templi</strong></span> <span class='ocrx_word' id='word_1_130' title='bbox 1777 2092 1824 2168; x_wconf 89' lang='lat' dir='ltr'><strong>de</strong></span> 
     </span>
     <span class='ocr_line' id='line_1_14' title="bbox 400 2214 1825 2322; baseline 0.001 -28"><span class='ocrx_word' id='word_1_131' title='bbox 400 2219 605 2294; x_wconf 87' lang='lat' dir='ltr'><strong>Montesart</strong></span> <span class='ocrx_word' id='word_1_132' title='bbox 627 2215 883 2292; x_wconf 89' lang='lat' dir='ltr'><strong>Noviomensis</strong></span> <span class='ocrx_word' id='word_1_133' title='bbox 903 2216 1080 2306; x_wconf 89' lang='lat' dir='ltr'><strong>diocesis,</strong></span> <span class='ocrx_word' id='word_1_134' title='bbox 1103 2245 1170 2322; x_wconf 91' lang='lat' dir='ltr'><strong>per</strong></span> <span class='ocrx_word' id='word_1_135' title='bbox 1190 2214 1342 2292; x_wconf 79' lang='lat' dir='ltr'><strong>fratrem</strong></span> <span class='ocrx_word' id='word_1_136' title='bbox 1357 2215 1567 2294; x_wconf 88' lang='lat' dir='ltr'><strong>Guarinum</strong></span> <span class='ocrx_word' id='word_1_137' title='bbox 1589 2218 1636 2295; x_wconf 94' lang='lat' dir='ltr'><strong>de</strong></span> <span class='ocrx_word' id='word_1_138' title='bbox 1657 2219 1825 2298; x_wconf 89' lang='lat' dir='ltr'><strong>Grande-</strong></span> 
     </span>
     <span class='ocr_line' id='line_1_15' title="bbox 398 2344 1824 2452; baseline 0.002 -31"><span class='ocrx_word' id='word_1_139' title='bbox 398 2345 531 2421; x_wconf 88' lang='lat' dir='ltr'><strong>villarii</strong></span> <span class='ocrx_word' id='word_1_140' title='bbox 563 2344 783 2420; x_wconf 89' lang='lat' dir='ltr'><strong>servientem</strong></span> <span class='ocrx_word' id='word_1_141' title='bbox 808 2345 1018 2450; x_wconf 88' lang='lat' dir='ltr'><strong>quondam,</strong></span> <span class='ocrx_word' id='word_1_142' title='bbox 1051 2361 1311 2452; x_wconf 88' lang='lat' dir='ltr'><strong>preceptorem</strong></span> <span class='ocrx_word' id='word_1_143' title='bbox 1339 2362 1431 2421; x_wconf 90' lang='lat' dir='ltr'><strong>tunc</strong></span> <span class='ocrx_word' id='word_1_144' title='bbox 1458 2345 1507 2422; x_wconf 91' lang='lat' dir='ltr'><strong>de</strong></span> <span class='ocrx_word' id='word_1_145' title='bbox 1534 2345 1707 2439; x_wconf 84' lang='lat' dir='ltr'><strong>Pontivo,</strong></span> <span class='ocrx_word' id='word_1_146' title='bbox 1736 2367 1824 2426; x_wconf 89' lang='lat' dir='ltr'><strong>sunt</strong></span> 
     </span>
     <span class='ocr_line' id='line_1_16' title="bbox 400 2473 1824 2580; baseline 0.003 -30"><span class='ocrx_word' id='word_1_147' title='bbox 400 2475 546 2551; x_wconf 88' lang='lat' dir='ltr'><strong>circiter</strong></span> <span class='ocrx_word' id='word_1_148' title='bbox 569 2501 617 2552; x_wconf 84' lang='lat' dir='ltr'><strong>vu</strong></span> <span class='ocrx_word' id='word_1_149' title='bbox 637 2475 741 2560; x_wconf 91' lang='lat' dir='ltr'><strong>anni,</strong></span> <span class='ocrx_word' id='word_1_150' title='bbox 768 2474 1008 2580; x_wconf 87' lang='lat' dir='ltr'><strong>presentibus</strong></span> <span class='ocrx_word' id='word_1_151' title='bbox 1028 2473 1206 2554; x_wconf 82' lang='lat' dir='ltr'><strong>fratribus</strong></span> <span class='ocrx_word' id='word_1_152' title='bbox 1224 2474 1383 2552; x_wconf 88' lang='lat' dir='ltr'><strong>Arberto</strong></span> <span class='ocrx_word' id='word_1_153' title='bbox 1407 2473 1617 2580; x_wconf 82' lang='lat' dir='ltr'><strong>presbitero</strong></span> <span class='ocrx_word' id='word_1_154' title='bbox 1639 2477 1736 2554; x_wconf 90' lang='lat' dir='ltr'><strong>dicte</strong></span> <span class='ocrx_word' id='word_1_155' title='bbox 1760 2479 1824 2554; x_wconf 94' lang='lat' dir='ltr'><strong>do·</strong></span> 
     </span>
     <span class='ocr_line' id='line_1_17' title="bbox 399 2603 1823 2714; baseline 0.001 -32"><span class='ocrx_word' id='word_1_156' title='bbox 399 2633 500 2690; x_wconf 87' lang='lat' dir='ltr'><strong>mus,</strong></span> <span class='ocrx_word' id='word_1_157' title='bbox 522 2603 695 2694; x_wconf 91' lang='lat' dir='ltr'><strong>Picardo,</strong></span> <span class='ocrx_word' id='word_1_158' title='bbox 723 2603 830 2710; x_wconf 87' lang='lat' dir='ltr'><strong>cujus</strong></span> <span class='ocrx_word' id='word_1_159' title='bbox 850 2631 1060 2710; x_wconf 84' lang='lat' dir='ltr'><strong>cognomen</strong></span> <span class='ocrx_word' id='word_1_160' title='bbox 1083 2604 1248 2712; x_wconf 82' lang='lat' dir='ltr'><strong>ignorat,</strong></span> <span class='ocrx_word' id='word_1_161' title='bbox 1270 2622 1309 2680; x_wconf 88' lang='lat' dir='ltr'><strong>et</strong></span> <span class='ocrx_word' id='word_1_162' title='bbox 1327 2604 1492 2682; x_wconf 81' lang='lat' dir='ltr'><strong>Roberto</strong></span> <span class='ocrx_word' id='word_1_163' title='bbox 1514 2605 1561 2683; x_wconf 85' lang='lat' dir='ltr'><strong>de</strong></span> <span class='ocrx_word' id='word_1_164' title='bbox 1581 2607 1725 2714; x_wconf 83' lang='lat' dir='ltr'><strong>Sarnoy</strong></span> <span class='ocrx_word' id='word_1_165' title='bbox 1743 2636 1823 2713; x_wconf 90' lang='lat' dir='ltr'><strong>pre·</strong></span> 
     </span>
     <span class='ocr_line' id='line_1_18' title="bbox 399 2732 1824 2840; baseline 0.001 -30"><span class='ocrx_word' id='word_1_166' title='bbox 399 2751 549 2840; x_wconf 89' lang='lat' dir='ltr'><strong>ceptore</strong></span> <span class='ocrx_word' id='word_1_167' title='bbox 571 2733 668 2810; x_wconf 91' lang='lat' dir='ltr'><strong>dicte</strong></span> <span class='ocrx_word' id='word_1_168' title='bbox 693 2733 841 2810; x_wconf 90' lang='lat' dir='ltr'><strong>domus.</strong></span> <span class='ocrx_word' id='word_1_169' title='bbox 863 2735 978 2824; x_wconf 87' lang='lat' dir='ltr'><strong>Item,</strong></span> <span class='ocrx_word' id='word_1_170' title='bbox 1003 2732 1095 2808; x_wconf 79' lang='lat' dir='ltr'><strong>dixit</strong></span> <span class='ocrx_word' id='word_1_171' title='bbox 1113 2734 1219 2840; x_wconf 90' lang='lat' dir='ltr'><strong>quod</strong></span> <span class='ocrx_word' id='word_1_172' title='bbox 1238 2733 1317 2840; x_wconf 88' lang='lat' dir='ltr'><strong>ipse</strong></span> <span class='ocrx_word' id='word_1_173' title='bbox 1337 2734 1436 2810; x_wconf 90' lang='lat' dir='ltr'><strong>bene</strong></span> <span class='ocrx_word' id='word_1_174' title='bbox 1452 2735 1630 2812; x_wconf 88' lang='lat' dir='ltr'><strong>credebat</strong></span> <span class='ocrx_word' id='word_1_175' title='bbox 1651 2735 1824 2814; x_wconf 86' lang='lat' dir='ltr'><strong>ecclesia·</strong></span> 
     </span>
     <span class='ocr_line' id='line_1_19' title="bbox 400 2862 1822 2968; baseline 0.002 -28"><span class='ocrx_word' id='word_1_176' title='bbox 400 2863 500 2940; x_wconf 89' lang='lat' dir='ltr'><strong>sticis</strong></span> <span class='ocrx_word' id='word_1_177' title='bbox 530 2864 784 2954; x_wconf 84' lang='lat' dir='ltr'><strong>sacramentis,</strong></span> <span class='ocrx_word' id='word_1_178' title='bbox 806 2863 963 2940; x_wconf 90' lang='lat' dir='ltr'><strong>credens</strong></span> <span class='ocrx_word' id='word_1_179' title='bbox 989 2863 1092 2968; x_wconf 92' lang='lat' dir='ltr'><strong>quod</strong></span> <span class='ocrx_word' id='word_1_180' title='bbox 1116 2862 1178 2938; x_wconf 87' lang='lat' dir='ltr'><strong>alii</strong></span> <span class='ocrx_word' id='word_1_181' title='bbox 1209 2862 1340 2941; x_wconf 86' lang='lat' dir='ltr'><strong>fratres</strong></span> <span class='ocrx_word' id='word_1_182' title='bbox 1369 2864 1513 2941; x_wconf 86' lang='lat' dir='ltr'><strong>ordinis</strong></span> <span class='ocrx_word' id='word_1_183' title='bbox 1540 2865 1676 2942; x_wconf 88' lang='lat' dir='ltr'><strong>eodem</strong></span> <span class='ocrx_word' id='word_1_184' title='bbox 1706 2865 1822 2943; x_wconf 92' lang='lat' dir='ltr'><strong>modo</strong></span> 
     </span>
     <span class='ocr_line' id='line_1_20' title="bbox 400 2991 1821 3098; baseline 0.001 -28"><span class='ocrx_word' id='word_1_185' title='bbox 400 2993 613 3080; x_wconf 88' lang='lat' dir='ltr'><strong>crederent,</strong></span> <span class='ocrx_word' id='word_1_186' title='bbox 630 3009 668 3070; x_wconf 89' lang='lat' dir='ltr'><strong>et</strong></span> <span class='ocrx_word' id='word_1_187' title='bbox 684 2992 788 3098; x_wconf 90' lang='lat' dir='ltr'><strong>quod</strong></span> <span class='ocrx_word' id='word_1_188' title='bbox 800 3021 931 3070; x_wconf 90' lang='lat' dir='ltr'><strong>eorum</strong></span> <span class='ocrx_word' id='word_1_189' title='bbox 947 2991 1158 3070; x_wconf 87' lang='lat' dir='ltr'><strong>sacerdotes</strong></span> <span class='ocrx_word' id='word_1_190' title='bbox 1173 2992 1300 3070; x_wconf 87' lang='lat' dir='ltr'><strong>debite</strong></span> <span class='ocrx_word' id='word_1_191' title='bbox 1316 2993 1560 3072; x_wconf 86' lang='lat' dir='ltr'><strong>celebrarent.</strong></span> <span class='ocrx_word' id='word_1_192' title='bbox 1581 2993 1821 3072; x_wconf 88' lang='lat' dir='ltr'><strong>Clandestine</strong></span> 
     </span>
     <span class='ocr_line' id='line_1_21' title="bbox 398 3121 1821 3229; baseline 0.001 -31"><span class='ocrx_word' id='word_1_193' title='bbox 398 3122 688 3229; x_wconf 89' lang='lat' dir='ltr'><strong>recipiebantur,</strong></span> <span class='ocrx_word' id='word_1_194' title='bbox 710 3121 824 3199; x_wconf 89' lang='lat' dir='ltr'><strong>nullis</strong></span> <span class='ocrx_word' id='word_1_195' title='bbox 842 3121 1082 3228; x_wconf 87' lang='lat' dir='ltr'><strong>presentibus</strong></span> <span class='ocrx_word' id='word_1_196' title='bbox 1094 3121 1167 3198; x_wconf 89' lang='lat' dir='ltr'><strong>nisi</strong></span> <span class='ocrx_word' id='word_1_197' title='bbox 1182 3121 1359 3200; x_wconf 81' lang='lat' dir='ltr'><strong>tratribus</strong></span> <span class='ocrx_word' id='word_1_198' title='bbox 1377 3123 1536 3213; x_wconf 87' lang='lat' dir='ltr'><strong>ordinis,</strong></span> <span class='ocrx_word' id='word_1_199' title='bbox 1557 3139 1596 3199; x_wconf 93' lang='lat' dir='ltr'><strong>et</strong></span> <span class='ocrx_word' id='word_1_200' title='bbox 1609 3123 1734 3199; x_wconf 88' lang='lat' dir='ltr'><strong>statim</strong></span> <span class='ocrx_word' id='word_1_201' title='bbox 1752 3153 1821 3228; x_wconf 90' lang='lat' dir='ltr'><strong>pro</strong></span> 
     </span>
     <span class='ocr_line' id='line_1_22' title="bbox 398 3249 1822 3359; baseline -0.003 -29"><span class='ocrx_word' id='word_1_202' title='bbox 398 3252 574 3359; x_wconf 80' lang='lat' dir='ltr'><strong>professis</strong></span> <span class='ocrx_word' id='word_1_203' title='bbox 593 3252 841 3329; x_wconf 88' lang='lat' dir='ltr'><strong>habebantur.</strong></span> <span class='ocrx_word' id='word_1_204' title='bbox 860 3249 1037 3328; x_wconf 89' lang='lat' dir='ltr'><strong>Cordulis</strong></span> <span class='ocrx_word' id='word_1_205' title='bbox 1052 3251 1154 3326; x_wconf 91' lang='lat' dir='ltr'><strong>unde</strong></span> <span class='ocrx_word' id='word_1_206' title='bbox 1170 3250 1347 3327; x_wconf 84' lang='lat' dir='ltr'><strong>volebant</strong></span> <span class='ocrx_word' id='word_1_207' title='bbox 1360 3250 1557 3356; x_wconf 88' lang='lat' dir='ltr'><strong>assumptis</strong></span> <span class='ocrx_word' id='word_1_208' title='bbox 1577 3249 1822 3356; x_wconf 86' lang='lat' dir='ltr'><strong>cingebantur</strong></span> 
     </span>
     <span class='ocr_line' id='line_1_23' title="bbox 398 3379 1820 3488; baseline -0.001 -29"><span class='ocrx_word' id='word_1_209' title='bbox 398 3409 511 3488; x_wconf 88' lang='lat' dir='ltr'><strong>super</strong></span> <span class='ocrx_word' id='word_1_210' title='bbox 537 3381 705 3458; x_wconf 89' lang='lat' dir='ltr'><strong>camisias</strong></span> <span class='ocrx_word' id='word_1_211' title='bbox 725 3409 812 3456; x_wconf 85' lang='lat' dir='ltr'><strong>corn</strong></span> <span class='ocrx_word' id='word_1_212' title='bbox 833 3379 972 3486; x_wconf 89' lang='lat' dir='ltr'><strong>quibus</strong></span> <span class='ocrx_word' id='word_1_213' title='bbox 986 3380 1172 3486; x_wconf 86' lang='lat' dir='ltr'><strong>jacebant.</strong></span> <span class='ocrx_word' id='word_1_214' title='bbox 1194 3379 1461 3488; x_wconf 85' lang='lat' dir='ltr'><strong>Injungebatur</strong></span> <span class='ocrx_word' id='word_1_215' title='bbox 1477 3380 1531 3484; x_wconf 80' lang='lat' dir='ltr'><strong>eis</strong></span> <span class='ocrx_word' id='word_1_216' title='bbox 1547 3379 1653 3484; x_wconf 90' lang='lat' dir='ltr'><strong>quod</strong></span> <span class='ocrx_word' id='word_1_217' title='bbox 1678 3379 1820 3485; x_wconf 85' lang='lat' dir='ltr'><strong>absque</strong></span> 
     </span>
     <span class='ocr_line' id='line_1_24' title="bbox 398 3507 1822 3614; baseline -0.002 -27"><span class='ocrx_word' id='word_1_218' title='bbox 398 3511 618 3588; x_wconf 88' lang='lat' dir='ltr'><strong>necessitate</strong></span> <span class='ocrx_word' id='word_1_219' title='bbox 639 3539 715 3587; x_wconf 92' lang='lat' dir='ltr'><strong>non</strong></span> <span class='ocrx_word' id='word_1_220' title='bbox 737 3509 1007 3586; x_wconf 87' lang='lat' dir='ltr'><strong>confiterentur</strong></span> <span class='ocrx_word' id='word_1_221' title='bbox 1025 3507 1096 3585; x_wconf 88' lang='lat' dir='ltr'><strong>nisi</strong></span> <span class='ocrx_word' id='word_1_222' title='bbox 1118 3508 1374 3586; x_wconf 87' lang='lat' dir='ltr'><strong>sacerdotibus</strong></span> <span class='ocrx_word' id='word_1_223' title='bbox 1394 3507 1549 3586; x_wconf 87' lang='lat' dir='ltr'><strong>ordinis.</strong></span> <span class='ocrx_word' id='word_1_224' title='bbox 1570 3507 1610 3584; x_wconf 91' lang='lat' dir='ltr'><strong>Si</strong></span> <span class='ocrx_word' id='word_1_225' title='bbox 1629 3508 1695 3614; x_wconf 91' lang='lat' dir='ltr'><strong>qui</strong></span> <span class='ocrx_word' id='word_1_226' title='bbox 1716 3526 1822 3588; x_wconf 85' lang='lat' dir='ltr'><strong>erant</strong></span> 
     </span>
     <span class='ocr_line' id='line_1_25' title="bbox 397 3638 1819 3745; baseline -0.001 -29"><span class='ocrx_word' id='word_1_227' title='bbox 397 3641 527 3718; x_wconf 76' lang='lat' dir='ltr'><strong>fratres</strong></span> <span class='ocrx_word' id='word_1_228' title='bbox 543 3641 702 3718; x_wconf 90' lang='lat' dir='ltr'><strong>scientes</strong></span> <span class='ocrx_word' id='word_1_229' title='bbox 723 3667 868 3717; x_wconf 81' lang='lat' dir='ltr'><strong>encres</strong></span> <span class='ocrx_word' id='word_1_230' title='bbox 886 3667 965 3716; x_wconf 88' lang='lat' dir='ltr'><strong>esse</strong></span> <span class='ocrx_word' id='word_1_231' title='bbox 981 3639 1019 3714; x_wconf 91' lang='lat' dir='ltr'><strong>in</strong></span> <span class='ocrx_word' id='word_1_232' title='bbox 1033 3639 1187 3728; x_wconf 86' lang='lat' dir='ltr'><strong>ordine,</strong></span> <span class='ocrx_word' id='word_1_233' title='bbox 1203 3639 1355 3716; x_wconf 85' lang='lat' dir='ltr'><strong>luerunt</strong></span> <span class='ocrx_word' id='word_1_234' title='bbox 1373 3638 1621 3745; x_wconf 83' lang='lat' dir='ltr'><strong>negligentes,</strong></span> <span class='ocrx_word' id='word_1_235' title='bbox 1635 3638 1724 3742; x_wconf 89' lang='lat' dir='ltr'><strong>quia</strong></span> <span class='ocrx_word' id='word_1_236' title='bbox 1741 3665 1819 3716; x_wconf 89' lang='lat' dir='ltr'><strong>non</strong></span> 
     </span>
     <span class='ocr_line' id='line_1_26' title="bbox 397 3765 1822 3874; baseline -0.001 -29"><span class='ocrx_word' id='word_1_237' title='bbox 397 3788 638 3848; x_wconf 77' lang='lat' dir='ltr'><strong>correxerunt</strong></span> <span class='ocrx_word' id='word_1_238' title='bbox 658 3765 722 3846; x_wconf 88' lang='lat' dir='ltr'><strong>eos</strong></span> <span class='ocrx_word' id='word_1_239' title='bbox 741 3797 811 3846; x_wconf 94' lang='lat' dir='ltr'><strong>nec</strong></span> <span class='ocrx_word' id='word_1_240' title='bbox 829 3769 1147 3846; x_wconf 86' lang='lat' dir='ltr'><strong>denunciaverunt</strong></span> <span class='ocrx_word' id='word_1_241' title='bbox 1166 3767 1341 3845; x_wconf 78' lang='lat' dir='ltr'><strong>Ecclesia.</strong></span> <span class='ocrx_word' id='word_1_242' title='bbox 1363 3767 1615 3846; x_wconf 82' lang='lat' dir='ltr'><strong>Elemosinanr</strong></span> <span class='ocrx_word' id='word_1_243' title='bbox 1640 3784 1678 3843; x_wconf 90' lang='lat' dir='ltr'><strong>et</strong></span> <span class='ocrx_word' id='word_1_244' title='bbox 1699 3769 1822 3874; x_wconf 87' lang='lat' dir='ltr'><strong>bospi-</strong></span> 
     </span>
     <span class='ocr_line' id='line_1_27' title="bbox 396 3896 1819 3976; baseline -0.003 0"><span class='ocrx_word' id='word_1_245' title='bbox 396 3899 578 3976; x_wconf 87' lang='lat' dir='ltr'><strong>talitatem</strong></span> <span class='ocrx_word' id='word_1_246' title='bbox 603 3898 698 3974; x_wconf 91' lang='lat' dir='ltr'><strong>vidit</strong></span> <span class='ocrx_word' id='word_1_247' title='bbox 717 3899 984 3975; x_wconf 86' lang='lat' dir='ltr'><strong>convenienter</strong></span> <span class='ocrx_word' id='word_1_248' title='bbox 1008 3898 1091 3974; x_wconf 84' lang='lat' dir='ltr'><strong>lieri</strong></span> <span class='ocrx_word' id='word_1_249' title='bbox 1120 3914 1157 3972; x_wconf 90' lang='lat' dir='ltr'><strong>et</strong></span> <span class='ocrx_word' id='word_1_250' title='bbox 1180 3897 1315 3974; x_wconf 87' lang='lat' dir='ltr'><strong>servari</strong></span> <span class='ocrx_word' id='word_1_251' title='bbox 1340 3896 1380 3972; x_wconf 90' lang='lat' dir='ltr'><strong>in</strong></span> <span class='ocrx_word' id='word_1_252' title='bbox 1408 3897 1586 3976; x_wconf 90' lang='lat' dir='ltr'><strong>domibus</strong></span> <span class='ocrx_word' id='word_1_253' title='bbox 1610 3897 1756 3974; x_wconf 90' lang='lat' dir='ltr'><strong>ordinis</strong></span> <span class='ocrx_word' id='word_1_254' title='bbox 1780 3897 1819 3972; x_wconf 93' lang='lat' dir='ltr'><strong>in</strong></span> 
     </span>
     <span class='ocr_line' id='line_1_28' title="bbox 396 4025 1821 4132; baseline -0.001 -28"><span class='ocrx_word' id='word_1_255' title='bbox 396 4029 535 4132; x_wconf 87' lang='lat' dir='ltr'><strong>quibus</strong></span> <span class='ocrx_word' id='word_1_256' title='bbox 557 4027 696 4104; x_wconf 82' lang='lat' dir='ltr'><strong>exstitit</strong></span> <span class='ocrx_word' id='word_1_257' title='bbox 715 4044 978 4104; x_wconf 88' lang='lat' dir='ltr'><strong>commoratus.</strong></span> <span class='ocrx_word' id='word_1_258' title='bbox 996 4025 1177 4105; x_wconf 78' lang='lat' dir='ltr'><strong>ordinata</strong></span> <span class='ocrx_word' id='word_1_259' title='bbox 1194 4053 1262 4132; x_wconf 92' lang='lat' dir='ltr'><strong>per</strong></span> <span class='ocrx_word' id='word_1_260' title='bbox 1282 4026 1502 4132; x_wconf 84' lang='lat' dir='ltr'><strong>Magistrum</strong></span> <span class='ocrx_word' id='word_1_261' title='bbox 1525 4055 1611 4103; x_wconf 93' lang='lat' dir='ltr'><strong>cum</strong></span> <span class='ocrx_word' id='word_1_262' title='bbox 1636 4043 1821 4104; x_wconf 86' lang='lat' dir='ltr'><strong>conventu</strong></span> 
     </span>
     <span class='ocr_line' id='line_1_29' title="bbox 396 4155 1820 4262; baseline -0.001 -31"><span class='ocrx_word' id='word_1_263' title='bbox 396 4173 575 4232; x_wconf 88' lang='lat' dir='ltr'><strong>servasset</strong></span> <span class='ocrx_word' id='word_1_264' title='bbox 599 4174 702 4234; x_wconf 92' lang='lat' dir='ltr'><strong>totus</strong></span> <span class='ocrx_word' id='word_1_265' title='bbox 728 4156 842 4244; x_wconf 86' lang='lat' dir='ltr'><strong>ordo,</strong></span> <span class='ocrx_word' id='word_1_266' title='bbox 873 4171 1000 4232; x_wconf 89' lang='lat' dir='ltr'><strong>contra</strong></span> <span class='ocrx_word' id='word_1_267' title='bbox 1026 4183 1139 4261; x_wconf 89' lang='lat' dir='ltr'><strong>quern</strong></span> <span class='ocrx_word' id='word_1_268' title='bbox 1167 4183 1269 4232; x_wconf 88' lang='lat' dir='ltr'><strong>nuuc</strong></span> <span class='ocrx_word' id='word_1_269' title='bbox 1293 4173 1448 4262; x_wconf 92' lang='lat' dir='ltr'><strong>propter</strong></span> <span class='ocrx_word' id='word_1_270' title='bbox 1473 4156 1641 4262; x_wconf 87' lang='lat' dir='ltr'><strong>predicta</strong></span> <span class='ocrx_word' id='word_1_271' title='bbox 1667 4155 1820 4262; x_wconf 88' lang='lat' dir='ltr'><strong>grandia</strong></span> 
     </span>
     <span class='ocr_line' id='line_1_30' title="bbox 397 4283 1821 4392; baseline -0.001 -30"><span class='ocrx_word' id='word_1_272' title='bbox 397 4285 585 4374; x_wconf 89' lang='lat' dir='ltr'><strong>seandala,</strong></span> <span class='ocrx_word' id='word_1_273' title='bbox 603 4285 764 4391; x_wconf 90' lang='lat' dir='ltr'><strong>suspicio</strong></span> <span class='ocrx_word' id='word_1_274' title='bbox 784 4301 824 4363; x_wconf 92' lang='lat' dir='ltr'><strong>et</strong></span> <span class='ocrx_word' id='word_1_275' title='bbox 841 4285 993 4361; x_wconf 79' lang='lat' dir='ltr'><strong>infamia</strong></span> <span class='ocrx_word' id='word_1_276' title='bbox 1011 4302 1099 4362; x_wconf 90' lang='lat' dir='ltr'><strong>sunt</strong></span> <span class='ocrx_word' id='word_1_277' title='bbox 1119 4302 1264 4374; x_wconf 76' lang='lat' dir='ltr'><strong>exorta3</strong></span> <span class='ocrx_word' id='word_1_278' title='bbox 1282 4285 1329 4363; x_wconf 92' lang='lat' dir='ltr'><strong>ad</strong></span> <span class='ocrx_word' id='word_1_279' title='bbox 1350 4285 1457 4392; x_wconf 89' lang='lat' dir='ltr'><strong>cujus</strong></span> <span class='ocrx_word' id='word_1_280' title='bbox 1468 4284 1613 4362; x_wconf 87' lang='lat' dir='ltr'><strong>ordinis</strong></span> <span class='ocrx_word' id='word_1_281' title='bbox 1626 4283 1821 4361; x_wconf 84' lang='lat' dir='ltr'><strong>deffensio-</strong></span> 
     </span>
     <span class='ocr_line' id='line_1_31' title="bbox 397 4412 1255 4502; baseline 0 -12"><span class='ocrx_word' id='word_1_282' title='bbox 397 4443 484 4490; x_wconf 89' lang='lat' dir='ltr'><strong>nem</strong></span> <span class='ocrx_word' id='word_1_283' title='bbox 503 4443 542 4490; x_wconf 92' lang='lat' dir='ltr'><strong>se</strong></span> <span class='ocrx_word' id='word_1_284' title='bbox 562 4413 765 4502; x_wconf 87' lang='lat' dir='ltr'><strong>obtulerat,</strong></span> <span class='ocrx_word' id='word_1_285' title='bbox 789 4431 826 4490; x_wconf 92' lang='lat' dir='ltr'><strong>et</strong></span> <span class='ocrx_word' id='word_1_286' title='bbox 845 4412 1008 4491; x_wconf 79' lang='lat' dir='ltr'><strong>nonfuit</strong></span> <span class='ocrx_word' id='word_1_287' title='bbox 1025 4412 1124 4490; x_wconf 89' lang='lat' dir='ltr'><strong>ultra</strong></span> <span class='ocrx_word' id='word_1_288' title='bbox 1141 4442 1255 4490; x_wconf 92' lang='lat' dir='ltr'><strong>mare.</strong></span> 
     </span>
    </p>

    <p class='ocr_par' dir='ltr' id='par_1_3' title="bbox 397 4543 1820 4910">
     <span class='ocr_line' id='line_1_32' title="bbox 454 4543 1818 4650; baseline 0 -30"><span class='ocrx_word' id='word_1_289' title='bbox 454 4544 671 4649; x_wconf 85' lang='lat' dir='ltr'><strong>Reqoisitus</strong></span> <span class='ocrx_word' id='word_1_290' title='bbox 701 4544 733 4620; x_wconf 88' lang='lat' dir='ltr'><strong>si</strong></span> <span class='ocrx_word' id='word_1_291' title='bbox 757 4544 810 4620; x_wconf 86' lang='lat' dir='ltr'><strong>sic</strong></span> <span class='ocrx_word' id='word_1_292' title='bbox 839 4544 1065 4650; x_wconf 90' lang='lat' dir='ltr'><strong>deposuerat</strong></span> <span class='ocrx_word' id='word_1_293' title='bbox 1099 4571 1226 4650; x_wconf 87' lang='lat' dir='ltr'><strong>prece,</strong></span> <span class='ocrx_word' id='word_1_294' title='bbox 1249 4561 1446 4650; x_wconf 84' lang='lat' dir='ltr'><strong>precepto,</strong></span> <span class='ocrx_word' id='word_1_295' title='bbox 1479 4543 1637 4630; x_wconf 89' lang='lat' dir='ltr'><strong>timore,</strong></span> <span class='ocrx_word' id='word_1_296' title='bbox 1673 4569 1818 4630; x_wconf 88' lang='lat' dir='ltr'><strong>amore,</strong></span> 
     </span>
     <span class='ocr_line' id='line_1_33' title="bbox 400 4673 1817 4780; baseline -0.001 -30"><span class='ocrx_word' id='word_1_297' title='bbox 400 4673 506 4761; x_wconf 92' lang='lat' dir='ltr'><strong>odio,</strong></span> <span class='ocrx_word' id='word_1_298' title='bbox 523 4673 582 4750; x_wconf 92' lang='lat' dir='ltr'><strong>vel</strong></span> <span class='ocrx_word' id='word_1_299' title='bbox 598 4673 796 4778; x_wconf 85' lang='lat' dir='ltr'><strong>temporali</strong></span> <span class='ocrx_word' id='word_1_300' title='bbox 810 4673 970 4750; x_wconf 89' lang='lat' dir='ltr'><strong>comode</strong></span> <span class='ocrx_word' id='word_1_301' title='bbox 984 4673 1113 4752; x_wconf 89' lang='lat' dir='ltr'><strong>habito</strong></span> <span class='ocrx_word' id='word_1_302' title='bbox 1123 4673 1183 4750; x_wconf 90' lang='lat' dir='ltr'><strong>vel</strong></span> <span class='ocrx_word' id='word_1_303' title='bbox 1194 4673 1388 4760; x_wconf 85' lang='lat' dir='ltr'><strong>babendo,</strong></span> <span class='ocrx_word' id='word_1_304' title='bbox 1404 4673 1600 4780; x_wconf 90' lang='lat' dir='ltr'><strong>respondit</strong></span> <span class='ocrx_word' id='word_1_305' title='bbox 1611 4673 1717 4778; x_wconf 91' lang='lat' dir='ltr'><strong>quod</strong></span> <span class='ocrx_word' id='word_1_306' title='bbox 1728 4700 1817 4760; x_wconf 88' lang='lat' dir='ltr'><strong>uon,</strong></span> 
     </span>
     <span class='ocr_line' id='line_1_34' title="bbox 397 4801 1820 4910; baseline -0.001 -31"><span class='ocrx_word' id='word_1_307' title='bbox 397 4804 465 4880; x_wconf 89' lang='lat' dir='ltr'><strong>sed</strong></span> <span class='ocrx_word' id='word_1_308' title='bbox 484 4832 556 4910; x_wconf 93' lang='lat' dir='ltr'><strong>pro</strong></span> <span class='ocrx_word' id='word_1_309' title='bbox 580 4803 735 4881; x_wconf 86' lang='lat' dir='ltr'><strong>veritate</strong></span> <span class='ocrx_word' id='word_1_310' title='bbox 763 4803 949 4892; x_wconf 68' lang='lat' dir='ltr'><strong>dicenda,</strong></span> <span class='ocrx_word' id='word_1_311' title='bbox 981 4804 1040 4882; x_wconf 91' lang='lat' dir='ltr'><strong>cui</strong></span> <span class='ocrx_word' id='word_1_312' title='bbox 1064 4803 1137 4881; x_wconf 83' lang='lat' dir='ltr'><strong>fuit</strong></span> <span class='ocrx_word' id='word_1_313' title='bbox 1165 4804 1373 4910; x_wconf 88' lang='lat' dir='ltr'><strong>injunctum</strong></span> <span class='ocrx_word' id='word_1_314' title='bbox 1403 4803 1509 4908; x_wconf 89' lang='lat' dir='ltr'><strong>quod</strong></span> <span class='ocrx_word' id='word_1_315' title='bbox 1540 4830 1617 4880; x_wconf 91' lang='lat' dir='ltr'><strong>non</strong></span> <span class='ocrx_word' id='word_1_316' title='bbox 1639 4801 1820 4880; x_wconf 84' lang='lat' dir='ltr'><strong>revelaret</strong></span> 
     </span>
    </p>
   </div>
   <div class='ocr_carea' id='block_1_3' title="bbox 0 0 2108 5880">
    <p class='ocr_par' dir='ltr' id='par_1_4' title="bbox 0 0 2108 5880">
     <span class='ocr_line' id='line_1_35' title="bbox 0 0 2108 5880; baseline 0 0"><span class='ocrx_word' id='word_1_317' title='bbox 0 0 2108 5880; x_wconf 95' lang='lat' dir='ltr'><strong> </strong></span> 
     </span>
    </p>
   </div>
  </div>
 </body>
</html>
