4208 5886
697 534 893 630 raoobs
925 549 1356 624 restauremus.
1564 637 1570 646 ,
1661 557 1734 628 aas

313 695 488 804 capitulio
514 709 686 772 tenentes
709 693 957 801 imponebant
982 688 1196 796 disciplinas
1220 708 1257 768 et
1279 716 1396 796 penas
1418 689 1594 769 iratribus
1615 691 1737 770 delin-

312 825 519 935 quentibus
538 850 701 931 quorum
727 849 900 902 excessus
921 819 1177 928 publicassent
1198 821 1239 897 in
1262 819 1459 926 capitulio;
1483 819 1550 898 sed
1578 822 1628 902 de
1651 850 1738 931 pre-

202 1047 206 1054 ,
313 955 421 1034 dictis
440 953 718 1062 precipiebatur
737 954 791 1032 eis
809 953 915 1060 quod
935 948 1207 1028 confiterentur
1223 950 1653 1030 sacerdotibus'ordinis.
1673 956 1738 1032 Ju-

311 1087 445 1166 rabant
458 1085 633 1162 ordinem
648 1111 727 1163 non
742 1083 860 1175 exire,
877 1099 914 1160 et
929 1081 1055 1160 statim
1074 1109 1143 1186 pro
1162 1080 1341 1188 professis
1357 1080 1607 1160 habebantur.
1624 1083 1737 1162 Clan-

313 1216 460 1295 dcstine
480 1217 770 1322 recipiebantur,
788 1212 904 1292 nullis
923 1212 1161 1320 presentibus
1175 1212 1249 1290 nisi
1263 1211 1440 1290 [ratribus
1455 1213 1614 1307 ordinis,
1632 1215 1737 1322 quod

312 1349 383 1454 ipsi
402 1348 489 1426 testi
509 1347 719 1453 plurimum
736 1343 978 1452 displicebat,
990 1341 1079 1448 quia
1093 1371 1140 1420 ex
1153 1344 1226 1420 boc
1241 1359 1320 1422 erat
1334 1371 1508 1422 murmur
1522 1361 1560 1422 at
1573 1344 1736 1451 suspicio

313 1495 441 1558 contra
462 1506 543 1564 eos,
561 1477 731 1584 et-aliqui
747 1474 937 1552 sacarlares
951 1473 1127 1550 dicebant
1140 1472 1247 1580 quod
1260 1501 1300 1551 se
1314 1473 1579 1554 osculabantur
1592 1475 1633 1551 in
1650 1501 1734 1552 ano.

313 1608 464 1687 Audiuit
483 1609 558 1686 dici
578 1608 684 1715 quod
705 1607 781 1684 duo
801 1603 933 1683 fratres
948 1603 1108 1693 ordinis,
1124 1622 1400 1682 commorantes
1418 1605 1458 1682 in
1476 1605 1607 1684 Castro
1628 1607 1738 1682 Pere-

312 1741 427 1850 grini,
450 1757 555 1816 erant
575 1740 623 1816 de
644 1739 812 1815 crimine·
822 1734 1047 1816 sodomitico
1067 1734 1266 1826 diffamati3
1294 1752 1436 1812 etcum
1459 1737 1532 1814 boc
1549 1737 1738 1843 pervenis,

313 1887 370 1948 set
385 1869 433 1946 ad
449 1869 686 1978 Magistrum,
704 1866 893 1946 mundavit
905 1893 971 1944 eos
983 1865 1082 1971 capi,
1100 1883 1138 1943 et
1152 1891 1251 1943 unus
1265 1865 1419 1943 illorum
1433 1866 1506 1944 luit
1519 1865 1737 1944 interfectus

315 2029 401 2077 cum
428 2001 593 2107 lugeret,
625 2017 663 2077 et
688 2000 785 2077 alter
808 1998 881 2075 fuit
906 2013 1090 2104 perpetuo
1120 1998 1256 2075 carceri
1286 1997 1528 2104 mancipatus.
1558 1997 1738 2076 Cordulis

315 2129 418 2208 unde
437 2128 613 2207 volebant
636 2124 1106 2234 assumptiscingebantur·
1119 2127 1168 2202 *in
1195 2125 1346 2233 signum
1372 2127 1561 2216 castitatis,
1589 2155 1632 2204 er
1650 2156 1737 2234 pre-

315 2277 428 2365 cepto
441 2258 541 2336 beati
556 2259 754 2348 Bemardi‚
767 2284 880 2364 super
895 2257 1064 2336 camisias
1080 2285 1167 2334 cum
1178 2255 1319 2363 quibus
1331 2257 1522 2364 jacebant,
1536 2259 1603 2336 sed
1620 2258 1738 2336 nescit

315 2417 385 2466 neo
406 2389 549 2466 audivit
569 2389 643 2467 dici
668 2390 771 2496 quod
789 2404 987 2495 tangerent
1005 2388 1123 2495 capita
1145 2386 1361 2495 ydolorum.
1384 2389 1500 2477 ltem,
1521 2388 1614 2464 dixit
1633 2389 1736 2494 quod

316 2521 615 2628 civitasSydonis
626 2520 748 2598 fuerat
766 2536 892 2624 empta
909 2547 976 2625 per
993 2518 1146 2594 fratrem
1164 2517 1352 2595 Thomam
1370 2517 1533 2596 Ber-audi
1553 2535 1644 2594 tunc
1660 2519 1738 2595 Ma·

314 2649 472 2756 gistrum
499 2649 660 2738 ordinis,
683 2651 750 2727 sed
770 2678 848 2728 non
876 2648 1020 2726 audivit
1045 2648 1118 2724 dici
1142 2649 1247 2754 quod
1274 2647 1409 2754 aliquis
1434 2647 1613 2725 dominus
1638 2647 1737 2724 dicte

315 2779 470 2858 civitatis
486 2780 601 2859 fuerit
621 2780 733 2860 srater
753 2781 896 2858 ordinis
915 2807 1060 2856 eorum.
1080 2779 1245 2856 Narravit
1263 2795 1390 2856 autem
1411 2796 1496 2886 post
1516 2779 1738 2858 destructio-

315 2937 404 2986 nem
422 2910 542 3003 Acon,
557 2941 644 2988 cum
663 2928 761 2988 esset
777 2913 818 2987 in
833 2911 992 3017 Chipro,
1007 2939 1046 2987 se
1064 2907 1247 2986 audivisse
1265 2909 1375 2987 dicia
1397 2908 1554 2986 domino
1567 2909 1738 2986 Johanne

318 3037 365 3116 de
385 3041 500 3122 Tanis
525 3041 645 3119 milite
666 3041 844 3132 seculari,
865 3041 1013 3146 baylivo
1032 3040 1138 3146 regio
1163 3039 1319 3117 civitatis
1343 3041 1391 3117 de
1410 3039 1597 3127 Limasso,
1631 3041 1738 3146 quod

315 3169 470 3275 quidam
491 3170 629 3248 nobilis
652 3173 887 3250 adamaverat
904 3171 1099 3277 quondam
1120 3169 1359 3248 domicellam
1382 3171 1429 3248 de
1450 3187 1569 3248 castro
1589 3171 1637 3248 de
1660 3170 1738 3246 lda-

315 3298 437 3376 raclea
455 3301 654 3376 comitatus
665 3301 904 3406 Tripolitani,
923 3317 961 3376 et
978 3329 1064 3376 cum
1078 3299 1117 3376 in
1133 3299 1204 3376 vita
1219 3327 1286 3374 sua
1303 3327 1382 3376 non
1398 3300 1582 3405 potuisset
1598 3299 1738 3376 habere

317 3456 420 3516 eam,
443 3429 573 3504 audito
599 3429 702 3534 quod
729 3444 809 3505 erat
832 3445 998 3517 mortua,
1025 3427 1213 3505 faciteam
1234 3428 1446 3516 exhumari,
1477 3445 1515 3506 et
1534 3428 1739 3507 concubuit
1858 3495 1860 3508 ,

316 3557 581 3645 cum-eadem,
609 3574 648 3665 et
668 3557 913 3662 postmodum
937 3557 1141 3664 amputavit
1163 3555 1233 3633 sibi
1258 3557 1398 3662 capud,
1425 3574 1464 3634 et
1481 3583 1549 3634 vox
1574 3558 1737 3664 quedam

316 3687 485 3765 insonuit
508 3686 614 3792 quod
644 3686 852 3766 custodiret
879 3686 977 3764 bane
1004 3686 1150 3766 dictum
1177 3685 1314 3792 capud,
1347 3685 1435 3791 quia
1462 3686 1653 3793 quidquid
1680 3715 1739 3763 ca-

316 3816 396 3923 pud
419 3816 564 3894 rideret
586 3833 712 3894 totum
737 3816 995 3894 destrueretur
1018 3832 1056 3892 et
1078 3814 1334 3922 dissiparetur.
1362 3815 1409 3892 Et
1427 3831 1611 3921 cooperto
1638 3817 1738 3926 dicto

317 3948 435 4054 capite
462 3965 500 4024 et
524 3947 689 4052 reposito
713 3945 754 4025 in
778 3947 945 4055 quodam
974 3947 1131 4037 scrinio,
1159 3973 1247 4024 cum
1271 3945 1395 4024 dietus
1419 3946 1560 4024 nobilis
1583 3947 1739 4025 haberet

317 4078 407 4155 odio
432 4075 622 4165 Grilones,
650 4079 716 4184 qui
742 4077 988 4156 morabantur
1011 4078 1050 4154 in
1075 4094 1175 4156 terra
1200 4075 1334 4182 Chipri
1354 4092 1393 4153 et
1416 4074 1508 4155 locis
1527 4078 1739 4184 circumpo-

315 4207 407 4296 sitis,
437 4207 716 4314 discooperiens
746 4208 891 4286 dictum
926 4208 1063 4315 capud,
1097 4208 1269 4314 exposuit
1297 4208 1421 4313 ipsum
1461 4209 1671 4286 civitatibus
1703 4226 1739 4286 et

316 4339 444 4416 castris
464 4339 652 4416 dictorum
670 4337 889 4426 Grilouum‚
909 4357 947 4416 et
967 4365 1100 4418 omnes
1121 4337 1247 4416 subito
1263 4356 1501 4417 corruerunt.
1524 4342 1609 4434 Quo
1629 4367 1740 4447 repo·

316 4469 388 4546 sito
408 4470 448 4546 in
470 4469 571 4546 dicto
599 4468 737 4546 scrinio
757 4485 796 4545 et
814 4469 919 4574 prius
943 4483 1138 4574 cooperto,
1160 4496 1247 4546 cum
1270 4496 1447 4575 processu
1471 4472 1654 4576 temporis
1673 4499 1741 4576 per

315 4627 419 4676 mare
450 4599 751 4706 proficisceretur
778 4627 905 4678 versus
935 4599 1303 4706 Constantinopolim
1330 4615 1374 4679 ut
1403 4601 1622 4692 destrueret¹
1639 4631 1737 4694 eam,

316 4707 482 4836 queram
509 4730 635 4810 verua
662 4730 788 4808 naua
815 4729 906 4808 uon
932 4728 1087 4821 nonnis,
1117 4728 1216 4808 orave
1242 4728 1333 4808 dicti
1359 4730 1485 4808 resur
1512 4730 1642 4808 suarm
1668 4733 1738 4810 aar
1837 4835 1845 4840 ‚

315 4861 509 4968 subrepta,
535 4879 579 4940 ut
604 4861 698 4940 scire
723 4879 850 4968 posset
870 4861 964 4969 quid
990 4860 1137 4966 inipso
1160 4860 1298 4938 sonnio
1321 4860 1428 4968 quod
1452 4861 1576 4938 dictus
1601 4861 1739 4938 nobilis
