4202 5876
698 525 894 619 rnocts
919 544 1016 616 uns
1042 543 1341 618 rnurmnns.
1655 545 1730 620 tes

309 685 472 764 Ecclesie
490 702 732 774 sacramenta,
755 703 793 762 et
811 686 851 761 in
870 684 944 762 illis
963 685 1084 762 credit
1102 684 1273 775 firmiter,
1289 713 1359 763 nec
1374 684 1518 764 dubitat
1531 685 1734 766 Christico-

308 817 430 896 larum
447 832 485 894 et
500 815 623 894 Deum
643 815 858 892 timentium
875 841 1000 892 veram
1015 843 1095 892 esse
1110 815 1279 892 salutem.
1476 799 1479 806 ¹

366 947 468 1026 Dixit
484 947 600 1024 eciam
623 973 661 1024 se
681 947 824 1024 nescire
845 975 914 1024 nec
933 945 1210 1052 erederequod
1229 947 1402 1052 cuiquam
1421 945 1523 1024 fratri
1544 949 1732 1055 capellano

311 1095 348 1156 et
366 1077 574 1185 presbitero
593 1077 684 1154 dicti
703 1075 861 1165 ordinis,
883 1075 1034 1183 quando
1046 1077 1242 1154 missarum
1252 1076 1474 1182 sollempnia
1488 1075 1562 1184 agit
1577 1094 1615 1155 et
1635 1077 1734 1158 cele-

299 1208 408 1307 bret,
431 1205 673 1285 interdicatur
689 1206 735 1285 ab
755 1206 881 1313 aliquo
898 1206 1111 1313 presidente
1128 1207 1198 1314 ipsi
1213 1207 1335 1284 ordini
1350 1234 1398 1284 ne
1411 1205 1574 1313 perfecte
1587 1224 1624 1285 et
1639 1237 1736 1287 com·

311 1338 408 1445 plete
423 1337 609 1426 conficiat,
625 1363 718 1413 neve
731 1334 842 1412 verba
854 1335 987 1413 tradita
997 1365 1016 1413 a
1027 1337 1162 1414 sanctis
1175 1338 1340 1444 patribus
1358 1355 1396 1415 et
1411 1367 1432 1414 a
1445 1338 1608 1417 Domino
1619 1339 1736 1418 Jhesu

312 1469 461 1549 Christo
474 1469 515 1545 in
523 1465 756 1546 confectione
767 1465 859 1544 sacri
870 1466 1036 1570 corporis
1050 1483 1088 1542 et
1096 1467 1255 1572 preciosi
1271 1467 1459 1575 sanguinis
1469 1468 1584 1546 Jbesu
1596 1468 1734 1548 Christi

209 1634 213 1644 ‘
312 1600 492 1678 dicantur.

368 1729 524 1808 Addidit
547 1729 663 1807 eciam
690 1757 818 1807 verum
853 1755 931 1805 esse
961 1727 1081 1833 quod,
1115 1746 1200 1834 post
1228 1728 1485 1834 recepcionem
1510 1728 1666 1806 fratrum
1690 1732 1735 1807 ad

314 1863 457 1940 dictum
483 1857 672 1951 ordinem,
689 1859 815 1966 jurant
836 1887 875 1935 se
896 1884 971 1936 non
990 1855 1205 1963 relinquere
1225 1873 1439 1965 susceptum
1460 1859 1630 1936 habitum
1649 1859 1737 1937 dicti

314 1992 457 2070 ordinis
472 2018 541 2067 nec
560 1991 685 2094 ipsum
704 1989 879 2066 ordinem
897 2016 964 2094 pro
985 1987 1132 2065 fortiori
1152 1987 1210 2064 vel
1230 1987 1405 2066 debiliori
1424 1971 1605 2095 religione
1625 1991 1740 2096 quali·

311 2121 392 2212 bet,
409 2122 479 2200 nisi
495 2119 710 2198 auctoritate
725 2119 782 2196 sui
798 2117 1000 2223 superioris
1008 2119 1087 2196 boc
1101 2117 1281 2207 facerent,
1298 2119 1356 2196 cui
1376 2134 1474 2199 esset
1486 2119 1601 2196 dandi
1613 2140 1740 2199 aucto-

312 2253 401 2330 ritas
420 2252 459 2328 in
478 2249 700 2357 religionem
721 2247 831 2326 aliam
845 2247 1076 2324 transeundi.

371 2379 572 2460 Confessus
591 2397 647 2458 est
667 2378 783 2456 eciam
805 2378 908 2486 quod
923 2377 1048 2456 statim
1066 2377 1225 2456 habetur
1238 2405 1308 2485 pro
1324 2377 1491 2484 professo
1507 2383 1572 2486 qui
1585 2383 1633 2460 ed
1649 2411 1739 2460 eun-

297 2513 402 2622 dem
418 2511 591 2590 ordinem
612 2527 668 2588 est
684 2524 867 2616 receptus.

372 2640 430 2718 Ad
449 2641 633 2747 xl-lxxu
654 2638 830 2716 articulos
849 2638 1043 2729 inclusive,
1064 2639 1265 2746 diligenter
1284 2657 1321 2716 et
1335 2639 1523 2744 sigillatim
1537 2641 1741 2749 interroga·

316 2788 392 2860 tus,
419 2769 565 2875 negavit
591 2769 691 2873 ipsos
716 2766 893 2845 articulos
917 2785 954 2846 et
977 2769 1102 2846 omnia
1121 2784 1158 2846 et
1176 2768 1321 2876 singula
1341 2786 1512 2848 contenta
1531 2769 1572 2846 in
1597 2771 1665 2860 eis,
1694 2801 1739 2850 eo

317 2899 414 2978 salvo
435 2897 541 3006 quod
560 2898 628 2974 scit
649 2914 685 2975 et
704 2895 825 2975 credit
843 2897 963 3004 quod,
988 2915 1185 3006 postquam
1202 2916 1291 2976 sunt
1308 2898 1438 2976 fratres
1456 2901 1596 3006 recepti
1616 2902 1664 2979 ad
1683 2901 1741 2978 di·

319 3046 420 3107 ctum
439 3028 627 3117 ordinem,
645 3027 852 3136 injungitur
868 3029 1008 3107 eisdem
1027 3028 1284 3135 arecipiente,
1307 3047 1345 3107 et
1366 3029 1419 3108 sic
1437 3047 1494 3108 est
1512 3031 1561 3108 de
1580 3058 1684 3109 more
1706 3049 1743 3108 et

318 3160 588 3238 consuetudine
614 3158 702 3235 dicti
728 3158 886 3249 ordinis,
910 3177 953 3238 ut
979 3161 1117 3265 recepti
1143 3177 1329 3238 assumant
1355 3177 1392 3237 et
1412 3161 1606 3266 recipiant,
1632 3180 1743 3268 prout

316 3289 455 3397 placet,
478 3289 650 3369 cordulas
662 3290 843 3396 quasdem
863 3289 911 3366 de
925 3291 1004 3367 lino
1017 3289 1076 3366 vel
1091 3289 1139 3366 de
1153 3317 1288 3397 canape
1305 3307 1369 3366 aut
1388 3290 1435 3368 de
1454 3290 1554 3406 lana,
1572 3309 1671 3370 certe
1684 3292 1743 3370 vel

182 3517 187 3524 Ι
317 3423 455 3499 incerte
468 3447 658 3510 mensure,
670 3419 809 3526 quibus
829 3419 890 3496 die
906 3435 1096 3524 noctuque
1107 3419 1289 3525 precincti
1306 3419 1397 3507 sint,
1415 3419 1532 3497 eciam
1549 3421 1640 3496 dum
1657 3421 1743 3498 dor-

319 3553 441 3628 miunt
453 3550 512 3628 vel
531 3548 749 3639 comedunt,
766 3548 806 3626 in
821 3550 966 3657 signum
980 3547 1163 3653 promisse
1180 3576 1201 3625 a
1217 3577 1255 3624 se
1276 3549 1451 3626 castitatis
1464 3551 1742 3627 manutenende

321 3699 359 3758 et
376 3681 554 3760 servande
574 3679 663 3758 totis
682 3677 917 3787 temporibus
938 3679 1009 3754 vite
1035 3707 1115 3755 sue.

375 3809 520 3918 Adjeeit
542 3828 668 3888 tamen
694 3824 732 3886 et
754 3809 846 3886 dixit
868 3808 1079 3916 quodcum
1104 3807 1213 3886 dictis
1238 3808 1406 3888 cordulis
1432 3837 1501 3887 nec
1527 3810 1645 3917 capita
1663 3823 1744 3888 'nec

319 3941 428 4042 ydola
443 3941 491 4021 de
509 3940 648 4040 quibus
668 3939 707 4015 in
722 3939 886 4017 articulis
899 3939 1022 4046 agitur
1035 3955 1239 4046 tanguntur
1255 3966 1325 4016 nec
1345 3939 1556 4047 cinguntur,
1574 3941 1642 4017 sed
1655 3941 1745 4018 sim-

214 4142 215 4146 ,
321 4065 468 4171 pliciter
495 4079 532 4140 et
559 4091 644 4140 curn
672 4091 767 4169 puro
786 4063 976 4142 intellectu
1003 4064 1118 4141 dictas
1142 4062 1314 4144 cordulas
1338 4070 1525 4175 recipiunt
1544 4069 1640 4148 sicut
1668 4070 1745 4178 pla·

322 4212 395 4285 cet,
418 4212 456 4272 et
473 4219 534 4270 eas
552 4210 703 4298 portent
721 4193 892 4299 quandiu
911 4195 1054 4302 integre
1074 4212 1322 4302 perseverant.
1345 4197 1408 4276 Eis
1424 4216 1548 4277 autem
1566 4217 1746 4278 vetustate
1823 4214 1830 4227 “

320 4324 378 4402 vel
392 4323 497 4402 aliter
511 4323 712 4429 corruptis,
723 4322 876 4400 licenter
891 4324 978 4402 alias
995 4325 1083 4404 cord
1089 4323 1168 4402 ulas
1181 4327 1365 4432 recipiunt
1378 4330 1559 4437 cujusque
1573 4331 1742 4420 materie,

323 4456 439 4535 eciam
456 4455 502 4532 de
519 4453 683 4562 jonquo,
707 4454 737 4530 si
760 4455 876 4561 magis
897 4455 1057 4561 placeam
1079 4483 1148 4532 uec
1168 4457 1208 4534 in
1228 4457 1301 4535 hoc
1319 4456 1488 4536 voluntas
1503 4460 1672 4564 specialis
1688 4489 1747 4538 re-

321 4585 485 4693 quiritur
502 4585 730 4691 preceptoris
749 4584 807 4663 vel
825 4585 975 4663 alterius
993 4587 1227 4692 presidentis.

378 4716 533 4795 Addidit
557 4715 674 4794 eciam
696 4715 817 4822 quod,
845 4733 930 4822 post
949 4745 1054 4795 suam
1078 4718 1354 4824 recepcionem,
1377 4719 1586 4827 injungitur
1602 4722 1748 4798 noviter
1865 4777 1877 4791 .

322 4848 481 4954 receptis
509 4847 556 4926 ed
583 4846 775 4936 ordinem,
802 4847 941 4954 absque
969 4865 1198 4928 sacramento
1227 4847 1373 4957 aliquo,
1400 4849 1527 4928 ncilla
1554 4880 1627 4958 que
1648 4869 1742 4942 acta,

408 4995 514 5055 mocks
530 5013 582 5054 nus
598 5013 771 5056 reuertens.
783 5028 823 5041 -
839 5013 872 5054 rr.
1538 4995 1578 5058 62
