4302 5886
748 521 944 627 rao'cas
970 552 1065 624 nas
1090 552 1390 625 rnuenrnas,
1704 547 1774 623 aar

409 693 469 771 Ad
489 713 644 772 xvr--et
664 719 723 771 nx
742 694 919 774 articulos
938 694 1117 771 inclusive
1134 693 1334 800 diligenter
1357 695 1606 800 interrogatus
1626 721 1779 798 respon-

354 826 446 904 dens
459 824 649 932 sigillatim
667 853 781 932 super
792 825 965 934 singulis,
987 822 1134 928 negavit
1154 823 1254 929 ipsos
1271 822 1447 902 articulos
1460 840 1498 900 et
1511 823 1638 900 omnia
1654 839 1691 898 et
1705 823 1780 898 sin·

352 957 441 1064 gula
456 973 628 1034 contenta
648 955 686 1030 in
704 953 774 1044 eis3
795 955 961 1031 adiciens
976 954 1081 1060 quod
1102 953 1132 1029 si
1156 981 1314 1061 magnus
1333 954 1508 1060 Magister
1529 952 1616 1030 dicti
1638 953 1779 1028 ordinis

352 1085 518 1192 predicta
539 1086 596 1164 vel
621 1085 747 1192 aliqua
773 1085 820 1162 de
845 1085 1025 1191 predictis
1050 1084 1241 1161 consessus
1268 1101 1324 1160 est
1350 1084 1397 1159 de
1423 1111 1462 1159 se
1491 1085 1572 1188 ipso
1595 1083 1776 1195 dixitque,

352 1216 531 1294 mentitus
548 1232 603 1292 est
622 1214 716 1293 falso
736 1214 869 1306 modo,
891 1232 934 1290 ut
951 1211 1081 1290 credit.

407 1346 466 1423 Ad
486 1371 722 1423 xxx—mm
738 1343 916 1422 articulos
935 1343 1117 1421 inclusive
1136 1343 1335 1448 diligenter
1356 1343 1604 1448 interrogatus
1624 1370 1779 1447 respon-

353 1476 448 1552 dens
460 1475 647 1582 sigillatim
662 1503 777 1581 super
791 1474 966 1583 singulis,
988 1473 1136 1580 negavit
1153 1474 1254 1578 ipsos
1269 1473 1445 1551 articulos
1459 1490 1497 1549 et
1513 1473 1638 1550 omnia
1657 1491 1695 1548 et
1707 1474 1780 1550 sin-

351 1605 438 1712 gtda
458 1621 632 1682 contenta
650 1605 690 1680 in
711 1606 780 1693 eis,
804 1623 958 1710 excepto
974 1605 1080 1710 quod
1099 1603 1289 1680 confessus
1311 1602 1484 1710 estquod
1505 1603 1543 1678 in
1559 1605 1777 1708 reccpcione

351 1733 508 1810 fratrum
519 1734 609 1812 dicti
625 1732 769 1810 ordinis
780 1795 788 1826 ,
800 1734 984 1840 recipiens
997 1750 1036 1810 et
1045 1750 1219 1840 receptus
1231 1731 1499 1811 deosculantur
1510 1761 1548 1809 se
1564 1735 1601 1808 in
1618 1761 1683 1809 ore
1699 1751 1779 1808 tan-

351 1881 450 1952 tum,
470 1866 567 1943 etin
585 1863 686 1942 nulla
706 1863 773 1942 alia
788 1883 893 1971 parte
914 1865 1092 1970 corporis.

407 1995 465 2072 Ad
481 2021 767 2073 mrur--xxxrx
778 1995 954 2074 articulos
965 1994 1145 2072 inclusive
1156 1994 1392 2100 respondens
1403 1993 1654 2104 interrogatus
1667 2024 1779 2101 super

351 2121 509 2234 singulis
528 2125 734 2232 sigillatim,
754 2125 847 2202 dixit
862 2142 900 2204 et
912 2123 1104 2203 confessus
1119 2141 1177 2202 est
1196 2119 1318 2231 quod,
1331 2124 1438 2230 juxta
1456 2140 1593 2202 statuta
1609 2124 1698 2202 dicti
1720 2153 1779 2202 or-

353 2255 468 2346 dinis,
494 2256 703 2364 injungitur
725 2257 815 2362 ipsis
834 2255 1011 2334 iratribus
1034 2256 1197 2361 receptis
1216 2254 1370 2340 noviter,
1397 2255 1435 2329 in
1454 2281 1519 2330 sua
1538 2255 1776 2358 reccpcione,

350 2411 419 2492 per
439 2417 459 2463 a
479 2415 518 2464 se
538 2388 737 2494 prestitum
759 2403 1050 2473 sacramentum,
1077 2385 1181 2492 quod
1207 2386 1329 2490 ipsum
1352 2383 1523 2461 ordinem
1549 2411 1625 2460 non
1649 2403 1779 2460 exeant
1896 2391 1903 2398 '

350 2544 421 2592 nec
438 2515 652 2624 relinquant
670 2543 738 2623 pro
759 2517 909 2625 majori,
929 2517 987 2593 vel
1008 2514 1171 2604 fortiori,
1191 2515 1250 2592 vel
1268 2513 1425 2604 minori,
1442 2513 1500 2590 vel
1520 2512 1696 2591 debiliori
1716 2545 1778 2591 or-

352 2645 455 2737 dine,
476 2649 555 2724 sine
575 2648 732 2725 licencia
752 2649 919 2755 ejusqui
940 2647 1029 2724 dare
1053 2663 1180 2752 potest
1200 2646 1253 2723 eis
1272 2641 1464 2722 licenciam
1486 2645 1662 2721 exeundi.
1683 2643 1776 2722 Item

351 2773 542 2854 molossus
562 2795 618 2856 est
644 2778 748 2884 quod
772 2776 903 2856 fratres
930 2776 1179 2855 incontinenti
1198 2794 1282 2882 post
1306 2775 1564 2881 reccpcionem
1585 2803 1691 2852 suam
1713 2777 1777 2850 ha-

350 2905 490 2984 bentur
510 2935 577 3013 pro
597 2906 784 3012 professis.
807 2909 900 2986 Item
921 2907 1111 2985 confessus
1128 2905 1301 3012 estquod
1321 2905 1361 2981 in
1380 2904 1601 3010 reccpcione
1621 2932 1777 2982 suorum

351 3033 508 3114 fratrum
528 3036 622 3115 nulli
636 3055 724 3114 sunt
741 3038 813 3114 nisi
834 3037 966 3115 fratres
984 3037 1073 3114 dicti
1095 3036 1255 3127 ordinis,
1272 3052 1310 3112 et
1329 3035 1434 3140 quod
1454 3062 1587 3110 eorum
1610 3037 1777 3141 reccpcio

351 3193 426 3244 non
443 3167 486 3243 lit
505 3163 577 3244 nisi
597 3168 635 3243 in
655 3168 817 3274 capitulo
839 3184 877 3244 et
895 3169 934 3244 in
952 3167 1145 3272 presencia
1166 3165 1324 3244 fratrum
1344 3165 1417 3243 loci
1439 3165 1478 3240 in
1497 3193 1574 3273 quo
1594 3166 1779 3271 recipiun-

350 3315 424 3386 tur,
443 3315 480 3373 et
494 3295 627 3374 clausis
633 3297 758 3404 januis
774 3297 943 3403 ejusdem
958 3297 1044 3373 loci.
1061 3295 1194 3374 Cetera
1207 3311 1381 3372 contenta
1397 3295 1568 3372 universa
1586 3312 1623 3372 et
1633 3296 1778 3401 singula

352 3427 391 3500 in
408 3426 497 3528 ipsis
517 3425 682 3502 articulis
703 3426 855 3532 negavit
869 3452 948 3502 esse
969 3453 1065 3502 vera.

407 3553 466 3628 Ad
485 3553 636 3632 nl—-rlv
650 3555 822 3632 articulos
837 3553 1012 3630 inclusive
1030 3555 1277 3658 interrogatus
1292 3551 1524 3658 singulariter
1536 3569 1576 3628 et
1593 3552 1777 3658 sigillatim

351 3710 464 3787 super
482 3685 572 3787 ipsis
586 3679 765 3772 articulis,
786 3684 931 3789 negarit
950 3684 1050 3789 ipsos
1069 3682 1242 3760 articulos
1263 3699 1301 3758 et
1324 3682 1450 3758 omnia
1470 3698 1508 3759 et
1528 3681 1670 3788 singula
1689 3711 1777 3758 con-

350 3829 451 3889 tenta
472 3813 509 3888 in
531 3812 584 3890 eis
600 3841 685 3890 vera
705 3841 796 3890 esse.
1601 3824 1609 3841 '

408 3943 466 4021 Ad
485 3943 653 4023 ulvr-et
665 3944 766 4022 lautu
786 3941 960 4022 articulos
979 3941 1154 4022 inclusive
1175 3940 1374 4050 diligenter
1392 3941 1635 4048 interrogatus
1654 3943 1778 4049 singu-

351 4073 476 4150 lariter
485 4075 669 4181 sigillatim
680 4102 792 4181 super
811 4073 983 4181 singulis,
1004 4075 1151 4182 negavit
1165 4071 1264 4182 ipsos
1285 4090 1322 4151 ct
1336 4073 1462 4150 omnia
1482 4091 1520 4151 et
1534 4071 1676 4180 singula
1692 4101 1779 4150 con-

352 4218 451 4279 tenta
480 4204 594 4280 ineis
625 4233 708 4282 vera
738 4234 835 4294 asse,
868 4205 966 4284 salvo
992 4223 1029 4283 et
1057 4222 1209 4311 excepto
1239 4204 1345 4312 quod
1375 4203 1563 4282 consessus
1592 4205 1778 4312 estquod

351 4331 557 4438 injungitur
581 4333 670 4438 ipsis
689 4334 862 4412 lintribus
890 4337 929 4410 in
955 4364 1021 4414 sua
1045 4335 1263 4442 reccpcione
1293 4334 1397 4442 quod
1425 4353 1606 4442 perpetuo
1630 4353 1779 4442 portent

352 4463 577 4539 incessanter
600 4462 745 4568 cingula
765 4466 840 4542 sive
862 4462 1031 4541 cordulae
1060 4465 1176 4541 lineas
1204 4466 1278 4541 sive
1306 4464 1429 4544 laneas
1451 4493 1564 4572 super
1588 4466 1775 4544 camisiam

353 4590 400 4668 ad
427 4589 697 4696 designandum
718 4594 932 4672 castitatem.
954 4595 1105 4700 Negavit
1129 4611 1254 4670 tamen
1282 4592 1387 4699 quod
1406 4593 1454 4671 de
1484 4595 1590 4672 dictis
1615 4594 1777 4671 cordulis

352 4749 420 4799 seu
439 4721 596 4828 cingulis
615 4749 691 4800 non
718 4723 917 4828 cingrmtur
934 4753 1001 4802 seu
1023 4740 1225 4830 tanguntur
1254 4724 1370 4831 capita
1389 4724 1587 4832 ydolorum
1605 4751 1675 4802 nec
1693 4752 1776 4829 pars

352 4851 472 4957 aliqua
493 4850 729 4929 eorumdem.
752 4854 843 4928 ltem
867 4853 1053 4930 confessus
1074 4852 1252 4959 estquod
1272 4854 1475 4962 injungitur
1494 4855 1583 4961 ipsis
1602 4852 1777 4930 iratribus
