4210 5882
433 543 506 618 set
818 527 1017 618 Peocns
1043 546 1139 618 nus
1165 545 1464 618 rennuens.

431 685 561 790 petivit
577 684 623 762 ab
647 713 691 762 eo
711 704 838 764 utrum
860 688 1029 766 crederet
1054 687 1092 762 in
1119 713 1205 764 eum
1230 687 1337 793 cujus
1364 713 1496 794 ymago
1521 703 1599 764 eret
1616 685 1688 776 ibi,
1717 689 1850 796 etipse

430 814 522 891 dixit
542 814 646 920 quod
661 815 731 908 sic3
749 833 787 895 et
804 835 893 894 ωηο
914 818 1006 895 dixit
1025 817 1095 894 sibi
1116 816 1221 923 quod
1236 845 1314 893 non
1335 817 1497 895 debebat
1516 817 1669 894 credere
1689 817 1728 893 in
1746 845 1848 909 eum,

429 949 518 1054 quia
538 947 651 1024 falsus
666 949 848 1055 propheta
865 968 960 1038 erat,
984 967 1022 1026 et
1041 949 1145 1054 quod
1165 977 1241 1025 uon
1263 948 1432 1026 crederet
1453 949 1522 1025 uisi
1541 949 1580 1026 in
1596 949 1722 1028 Deum
1741 977 1851 1056 supe·

427 1081 585 1168 norem,
608 1096 646 1156 et
659 1081 765 1185 quod
779 1057 983 1186 in‘signum
997 1079 1102 1185 quod
1115 1106 1191 1156 non
1207 1081 1378 1158 crederet
1391 1096 1541 1186 spueret
1559 1107 1671 1186 supra
1686 1108 1848 1170 cmcem;

428 1225 465 1284 et
482 1226 573 1286 tunc
593 1210 670 1313 ipse
687 1209 787 1314 spuit
803 1226 862 1284 ter
872 1210 974 1316 juxta
991 1237 1159 1297 crucem,
1181 1207 1326 1317 lingens
1347 1237 1480 1316 spuere
1497 1239 1609 1316 supra
1628 1239 1791 1288 crucem.
1805 1213 1849 1288 Et

427 1355 518 1415 ωηο
539 1327 691 1445 quidem
718 1338 831 1416 frater
862 1355 983 1416 astons
1006 1339 1058 1416 ibi
1087 1339 1179 1416 dixit
1201 1371 1209 1416 ε
1234 1341 1342 1418 «Non
1361 1340 1502 1418 fecistis
1523 1368 1695 1448 magnam
1714 1343 1789 1420 vim
1803 1342 1848 1419 de

427 1469 514 1557 isto,
532 1471 618 1574 quia
637 1470 747 1546 nimis
761 1471 909 1577 juvenis
927 1486 991 1546 est.
1010 1507 1022 1538 u
1042 1472 1293 1577 Interrogatus
1311 1471 1359 1548 de
1380 1471 1526 1560 osculo,
1550 1471 1642 1548 dixit
1663 1500 1732 1577 per
1747 1473 1848 1576 jura·

425 1617 594 1676 mentum
622 1628 732 1677 suum
765 1601 868 1704 quod
897 1600 963 1677 ille
988 1600 1171 1707 recipiens
1197 1601 1365 1707 precepit
1389 1601 1458 1679 sibi
1489 1601 1594 1707 quod
1620 1602 1848 1680 oscularetur

425 1730 568 1806 eumin
587 1728 661 1806 fine
678 1730 784 1835 spine
802 1731 920 1822 dorsi,
942 1731 981 1807 in
1002 1731 1180 1808 umbilico
1198 1747 1235 1808 et
1254 1733 1293 1807 in
1312 1759 1393 1820 ore,
1417 1749 1471 1819 et,
1488 1758 1565 1809 non
1586 1732 1758 1810 obstante
1772 1761 1847 1838 pre-

424 1877 549 1966 cepto,
572 1857 665 1936 dixit
683 1888 752 1967 per
761 1863 1015 1968 juramentum
1036 1891 1146 1938 suum
1162 1861 1266 1967 quod
1281 1889 1358 1939 non
1378 1859 1566 1937 osculatus
1585 1861 1658 1938 fuit
1677 1891 1765 1938 eum
1778 1862 1845 1940 uisi

423 1993 462 2066 in
484 1990 664 2066 umbilico
686 2009 723 2066 et
741 1992 781 2065 in
802 2019 878 2067 ore.
896 1992 999 2068 Dixit
1015 1991 1132 2064 eciem
1153 2017 1221 2094 per
1235 1989 1492 2095 juramentum
1509 2017 1622 2066 suum
1641 1991 1746 2097 quod
1761 2020 1845 2096 pro-

424 2119 549 2199 hibuit
561 2119 631 2196 sibi
646 2119 966 2197 cohabitacionem
977 2119 1195 2206 mulierum,
1210 2119 1278 2195 sed
1291 2119 1383 2196 dixit
1395 2119 1467 2196 sibi
1479 2099 1677 2226 quodlecti
1692 2119 1844 2200 fratrum

425 2251 547 2327 essent
567 2278 785 2326 communes
805 2251 902 2327 iuter
921 2251 1033 2356 ipsos.

478 2383 730 2488 Interrogatus
757 2397 885 2458 utrum
907 2382 958 2468 vi,
989 2380 1046 2456 vel
1069 2397 1173 2457 metu
1202 2383 1357 2458 carceris
1377 2410 1444 2460 seu
1463 2399 1752 2472 tormentorum,
1782 2405 1844 2461 eut

423 2509 494 2586 alia
520 2510 568 2586 de
590 2539 713 2600 causa,
743 2509 905 2617 aliquam
927 2511 1064 2588 dixerit
1081 2509 1276 2588 falsitatem
1300 2513 1357 2589 vel
1375 2511 1622 2590 immiscuerit
1642 2513 1682 2588 in
1703 2515 1844 2620 deposi-

422 2642 527 2720 cione
544 2669 624 2730 sua,
644 2641 737 2718 dixit
750 2670 818 2748 per
828 2643 1082 2749 juramentum
1098 2671 1209 2719 suum
1229 2643 1332 2748 quod
1354 2671 1446 2731 non;
1469 2643 1586 2722 immo
1606 2643 1698 2722 dixit
1712 2673 1842 2748 puram

422 2788 460 2848 et
473 2800 614 2849 meram
628 2772 832 2850 veritatem.

477 3035 571 3112 ltem
600 3033 713 3112 frater
735 3035 925 3110 lohannes
948 3037 995 3109 de
1015 3035 1210 3120 Choune8‚
1238 3037 1345 3110 elutis
1364 3063 1461 3108 xxxtt
1481 3063 1682 3119 annorum,
1696 3037 1841 3136 juretus

422 3164 557 3242 eodem
577 3164 694 3241 modo
710 3164 757 3240 de
779 3192 818 3240 se
834 3179 872 3240 et
887 3161 968 3240 aliis
988 3164 1027 3239 in
1044 3190 1151 3240 causa
1165 3160 1256 3238 fidei
1272 3161 1396 3238 dicere
1409 3161 1617 3252 veritatem,
1637 3178 1674 3237 et
1687 3162 1841 3238 interro·

419 3310 526 3399 gatus
554 3295 601 3371 de
626 3311 798 3400 tempore
823 3311 860 3370 et
878 3294 993 3372 modo
1018 3323 1083 3371 sue
1112 3295 1356 3400 recepcionis‚
1388 3294 1479 3371 dixit
1498 3323 1565 3402 per
1586 3297 1838 3403 juramentum

419 3453 530 3501 suum
550 3423 655 3530 qnod
669 3425 739 3502 fuit
753 3441 924 3530 receptus
940 3425 978 3500 in
993 3426 1108 3502 domo
1126 3423 1173 3500 de
1189 3423 1366 3502 Cbounes
1384 3454 1452 3530 per
1474 3424 1625 3503 fratrem
1640 3428 1837 3532 Symouem

420 3556 466 3631 de
494 3555 630 3650 Quinci
650 3572 909 3663 preceptorem
929 3555 1028 3633 dicte
1047 3555 1201 3643 domus,
1224 3583 1272 3633 xu
1293 3556 1379 3632 enni
1399 3573 1486 3634 sunt
1507 3557 1639 3663 elapsi,
1661 3559 1838 3663 presenti·

416 3685 488 3762 bus
502 3684 613 3762 fratre
630 3687 781 3766 Gcltero
798 3689 845 3764 de
868 3687 901 3764 la
918 3688 1063 3766 Sotiere
1082 3704 1120 3764 et
1134 3686 1361 3793 quibusdem
1377 3687 1459 3765 aliis
1475 3689 1522 3764 de
1540 3713 1705 3795 quorum
1727 3689 1838 3766 nomi-

417 3814 527 3892 nibus
540 3844 615 3894 non
628 3816 770 3895 recolit.
786 3816 886 3895 Dixit
899 3817 1015 3894 eciem
1029 3847 1099 3923 per
1111 3817 1366 3924 juramentum
1381 3845 1492 3894 suum
1510 3818 1629 3923 quod,
1645 3835 1732 3923 post
1745 3817 1838 3894 mul-

335 4001 336 4006 =
416 3963 471 4022 tas
491 3945 755 4050 promissiones
775 3949 821 4022 ab
840 3973 885 4022 eo
901 3946 1011 4022 fectus
1031 3949 1078 4021 de
1099 3947 1340 4024 observandis
1360 3947 1503 4023 statutis
1524 3965 1561 4022 et
1582 3950 1732 4023 secretis
1753 3948 1836 4024 dicti

418 4074 578 4163 ordinis,
599 4092 637 4152 et
653 4074 834 4153 mantello
849 4074 918 4151 sibi
942 4075 990 4150 ed
1010 4057 1146 4152 colluin
1165 4075 1307 4180 posito,
1331 4075 1455 4152 dictus
1475 4076 1660 4180 recipiens
1679 4075 1837 4154 ostendit

417 4203 489 4280 sibi
505 4205 704 4311 quamdam
723 4234 872 4283 crucem
890 4207 937 4283 de
960 4204 1062 4314 ligno
1084 4235 1168 4282 cum
1189 4206 1360 4312 ymagine
1380 4208 1497 4283 Jbesu
1517 4205 1655 4284 Christi
1676 4205 1835 4282 crucifixi

419 4362 510 4412 enea
531 4335 668 4412 elevata
688 4365 801 4444 super
820 4363 984 4423 crucem,
1009 4353 1047 4411 et
1074 4337 1203 4442 petivit
1222 4336 1269 4414 ab
1294 4365 1339 4414 eo
1359 4351 1485 4414 utrum
1505 4337 1675 4412 crederet
1693 4334 1731 4410 in
1752 4361 1836 4410 eum

417 4465 524 4573 cujus
542 4466 657 4573 figura
680 4485 764 4544 eret
777 4469 843 4546 ibi.
861 4468 936 4561 Qui
957 4468 1148 4572 respondit
1163 4467 1268 4575 quod
1281 4469 1349 4557 sic3
1369 4485 1406 4544 et
1421 4483 1511 4544 tunc
1524 4465 1645 4543 dictus
1657 4467 1836 4571 recipiens

417 4594 509 4672 dixit
528 4595 599 4672 sibi
617 4629 625 4672 :
643 4633 656 4664 ι
671 4599 731 4672 Tu
750 4597 848 4672 mele
867 4595 1003 4685 credis,
1026 4598 1112 4702 quia
1129 4597 1285 4704 quidem
1301 4595 1415 4674 falsus
1429 4595 1611 4702 propheta
1627 4613 1697 4686 est;
1712 4595 1836 4672 credas

415 4725 654 4802 solummodo
680 4727 719 4800 in
740 4727 865 4800 Deum
890 4726 975 4812 celi,
1001 4743 1039 4800 et
1060 4754 1136 4801 non
1157 4729 1196 4800 in
1215 4729 1340 4801 istum.
1357 4761 1369 4790 ι
1385 4728 1431 4799 Et
1451 4727 1530 4829 ipse
1552 4725 1666 4802 dixit:
1687 4723 1833 4798 «Credo

415 4856 452 4931 in
472 4857 619 4932 Patrem
640 4871 678 4931 et
697 4855 834 4931 Filium
854 4871 891 4932 et
909 4854 1090 4960 Spiritum
1105 4857 1300 4942 Sanctum,
1320 4853 1386 4960 qui
1404 4853 1477 4932 fuit
1497 4871 1606 4931 uatus
1627 4853 1673 4930 de
1687 4851 1831 4957 Virgine
