4486 5890
746 501 941 592 ruoots
967 518 1062 590 oss
1089 518 1394 592 rsurmsus
1735 523 1782 600 95

360 661 579 751 ‹lellunctis,
603 661 642 736 in
669 688 835 767 quorum
865 661 1022 767 quidem
1051 662 1336 767 recepcionibns
1363 662 1420 739 vel
1447 683 1533 770 post
1560 667 1675 744 nichil
1710 671 1781 746 suit

357 811 482 872 actum
504 821 574 868 nec
593 792 737 868 dictum
753 791 803 869 de
814 791 957 870 illicitis
977 792 1016 867 in
1042 793 1210 871 articulis
1229 795 1416 882 contentis
1435 823 1505 872 nec
1520 795 1665 904 aliquid
1679 799 1783 876 aliud

356 925 622 1012 inhonestum3
644 922 712 999 sed
734 950 804 1029 per
826 950 891 1000 eos
913 922 1103 1028 requisitis
1128 925 1323 1013 societate,
1344 952 1440 1030 pane
1466 941 1504 1002 et
1522 955 1618 1032 aqua
1638 930 1782 1006 ordinis

356 1057 588 1163 frequenter,
611 1072 649 1131 et
669 1053 945 1132 deliberacione
963 1055 1107 1142 habita,
1126 1055 1180 1132 eis
1194 1057 1397 1145 concessis,
1414 1058 1469 1134 eis
1482 1085 1552 1163 pro
1565 1059 1643 1135 suis
1656 1087 1783 1166 recep-

357 1187 529 1264 cionibus
543 1185 786 1275 instantibus,
804 1185 974 1292 predicto
984 1188 1089 1293 quod
1096 1186 1195 1264 bene
1206 1186 1476 1278 deliberarent,
1489 1189 1577 1296 quia
1592 1208 1783 1294 oporteret

357 1347 421 1396 eos
433 1347 453 1395 a
463 1346 503 1398 se
516 1318 689 1396 abdicare
700 1317 869 1424 proprias
881 1318 1090 1394 voluntates
1100 1335 1139 1394 et
1148 1318 1281 1424 subjici
1293 1319 1442 1407 alienis,
1458 1335 1497 1396 et
1509 1319 1627 1396 multa
1639 1319 1782 1399 dumet

356 1477 483 1556 aspera
500 1449 703 1539 sustinere3
726 1445 889 1526 finaliter
904 1447 1049 1554 poscito
1070 1447 1117 1525 ab
1137 1448 1192 1525 eis
1204 1448 1310 1556 quod
1330 1477 1408 1526 non
1424 1449 1616 1527 habebant
1630 1451 1783 1528 infirmi·

354 1598 448 1658 tates
467 1579 645 1672 latentes,
667 1607 738 1656 nec
757 1596 865 1656 erant
888 1578 1026 1657 debitis
1051 1607 1126 1686 que
1153 1578 1296 1656 solvere
1317 1606 1394 1656 non
1413 1597 1583 1686 possent,
1613 1609 1682 1658 nec
1702 1611 1783 1659 ma-

354 1710 555 1798 trimonio,
578 1738 648 1788 nec
667 1709 775 1788 alteri
797 1708 971 1818 religioni
988 1709 1163 1816 obligati,
1185 1707 1274 1786 lecit
1299 1709 1352 1787 eis
1365 1737 1499 1788 vovere
1520 1728 1558 1788 et
1577 1711 1705 1817 jurare
1726 1741 1784 1789 ca-

354 1841 538 1930 stitatem,
555 1839 834 1926 obedienciam,
856 1840 978 1918 vivere
994 1841 1075 1916 sinc
1094 1840 1267 1945 proprio,
1285 1857 1322 1917 et
1342 1867 1486 1918 servare
1499 1841 1726 1920 bonosusus
1746 1862 1783 1919 et

354 1972 473 2049 bonas
493 1970 788 2048 consuetudines
802 1969 958 2048 ordinis.
981 1971 1029 2047 Et
1047 1968 1234 2076 impositis
1248 1971 1371 2076 primo
1392 1970 1595 2063 militibus,
1616 1989 1783 2079 postmo—

356 2103 447 2179 dum
470 2100 736 2188 servientibus,
760 2099 966 2189 mantellis,
989 2099 1062 2176 suit
1082 2127 1146 2176 eos
1171 2099 1361 2178 osculatus
1385 2101 1425 2176 in
1447 2129 1531 2188 ore,
1552 2117 1590 2177 et
1609 2102 1783 2180 instruxit

354 2259 420 2308 cos
436 2247 530 2337 quot
550 2230 662 2307 Pater
678 2243 793 2306 noster
809 2228 979 2305 dicerent
999 2255 1067 2333 pro
1085 2228 1189 2306 horis
1202 2229 1295 2316 suis,
1316 2245 1355 2305 ct
1375 2229 1538 2334 qualiter
1556 2249 1730 2339 regerent
1742 2261 1781 2310 se

230 2368 233 2374 ’
355 2362 393 2437 in
422 2359 567 2437 ordine.
596 2359 815 2465 Requisitus
839 2357 870 2434 si
897 2359 985 2445 scit,
1021 2358 1143 2436 credit
1169 2358 1228 2436 vel
1255 2358 1396 2435 audivit
1422 2358 1496 2435 dici
1523 2359 1628 2467 quod
1652 2360 1782 2439 illicita

357 2508 530 2568 contenta
550 2490 590 2566 in
607 2489 774 2567 articulis
792 2489 852 2566 vel
879 2489 966 2578 alia,
993 2517 1062 2566 seu
1081 2487 1205 2595 aliqua
1228 2517 1273 2565 ex
1293 2489 1348 2566 eis
1368 2488 1637 2567 intervenirent
1660 2491 1699 2565 in
1725 2519 1782 2568 rc-

355 2619 598 2726 cepcionibus
624 2618 784 2697 aliorum
813 2616 971 2696 fratrum
999 2618 1090 2695 dieti
1123 2617 1268 2697 ordinis
1298 2617 1357 2695 vel
1385 2636 1486 2725 post,
1519 2621 1714 2726 respondit
1743 2651 1781 2698 se

354 2752 515 2840 nescire,
538 2778 610 2828 nec
627 2749 820 2827 audiverat
838 2748 913 2826 dici
933 2766 1019 2826 ante
1039 2749 1256 2854 capcionem
1277 2777 1430 2838 eorum3
1451 2750 1520 2828 sed
1533 2767 1619 2857 post
1638 2752 1782 2858 capcio-

356 2909 461 2974 nem,
492 2880 636 2958 audivit
663 2879 736 2958 dici
766 2877 947 2987 magnum
977 2879 1196 2989 Magistrum
1224 2897 1262 2957 et
1289 2879 1381 2957 alios
1409 2879 1638 2959 contrarium
1666 2881 1781 2960 luisse

356 3011 560 3100 confessos,
583 3027 622 3088 et
643 3028 799 3117 propter
821 3011 911 3100 boc,
934 3009 1028 3089 dixit
1051 3038 1091 3087 se
1114 3011 1259 3088 nescire
1279 3009 1385 3116 quod
1406 3011 1533 3088 credat
1554 3040 1669 3118 super
1690 3013 1778 3102 hoc,

356 3171 403 3218 an
424 3142 521 3220 dicta
542 3141 669 3219 illicita
689 3141 961 3220 intervenirent
977 3139 1037 3218 vel
1057 3168 1157 3228 non;
1177 3169 1248 3218 nec
1267 3140 1337 3218 scit
1350 3140 1455 3218 aliud
1476 3141 1523 3218 de
1540 3143 1726 3220 contentis
1741 3143 1781 3220 in

356 3272 466 3350 dictis
485 3271 651 3350 articulis
671 3271 743 3350 nisi
763 3271 931 3377 predicta
947 3287 985 3348 et
1001 3269 1100 3348 illud
1116 3272 1222 3378 quod
1240 3271 1435 3378 sequitur:
1456 3301 1543 3349 nam
1565 3272 1658 3350 dixit
1676 3276 1781 3380 quod

356 3401 452 3480 bene
471 3402 648 3480 credebat
667 3403 924 3480 ecclesiasticis
947 3402 1203 3495 sacramentis,
1232 3419 1271 3480 ct
1289 3403 1410 3480 credit
1435 3403 1541 3510 quod
1563 3404 1625 3481 alii
1650 3404 1781 3482 fratres

356 3534 499 3611 ordinis
519 3533 655 3613 eodem
686 3532 803 3610 modo
829 3533 1042 3620 crederent,
1071 3549 1109 3610 et
1131 3533 1236 3639 quod
1261 3561 1394 3610 eorum
1420 3533 1633 3612 sacerdotes
1653 3534 1780 3612 debite

356 3663 601 3742 celebrarent.
616 3665 799 3742 Jurabant
813 3662 987 3740 ordinem
1006 3691 1084 3741 non
1101 3663 1213 3740 exire.
1236 3663 1370 3740 Statim
1391 3690 1459 3770 pro
1479 3664 1655 3770 professis
1673 3665 1781 3741 habe·

357 3795 513 3872 bantur.¹
523 3794 766 3873 Clandestine
781 3793 1072 3900 recipiebantur,
1093 3821 1138 3871 ex
1154 3821 1231 3899 quo
1248 3792 1370 3871 credit
1384 3793 1489 3900 quod
1505 3811 1603 3872 esset
1616 3795 1780 3900 suspicio

356 3943 484 4004 contra
511 3953 586 4004 eos.
611 3925 791 4005 Cordulis
816 3924 918 4004 unde
942 3923 1119 4002 volebant
1137 3924 1339 4030 assumptis
1363 3925 1610 4033 cingebantur
1627 3943 1781 4031 propter

357 4058 593 4134 honestatem
621 4085 735 4163 super
759 4056 928 4134 camisias
952 4084 1038 4133 cum
1066 4055 1207 4163 quibus
1228 4053 1414 4163 jacebant.
1437 4055 1708 4163 injungebatur
1728 4055 1781 4132 eis

356 4217 424 4294 per
453 4203 729 4264 sacramentum
762 4183 868 4292 quod
903 4212 981 4264 non
1016 4184 1224 4263 revelarent
1256 4203 1399 4263 secreta
1428 4184 1697 4291 capitulorum,
1732 4185 1780 4262 de

358 4318 474 4396 modo
492 4316 724 4425 recepcionis
743 4315 896 4422 speciali
916 4342 993 4394 non
1013 4313 1139 4392 habita
1160 4315 1372 4392 mancione.
1395 4315 1589 4407 Quamdiu
1608 4332 1781 4423 poterant

360 4449 532 4526 invenire
554 4445 764 4525 sacerdotes
786 4445 947 4537 ordinis,
974 4471 1051 4522 non
1078 4461 1253 4550 poterant
1276 4445 1418 4552 absque
1445 4473 1577 4522 eorum
1603 4445 1778 4538 licencia,

356 4578 439 4658 aliis
456 4577 639 4657 confiteri.
656 4576 696 4655 Si
712 4576 777 4684 qui
793 4592 901 4654 erant
914 4575 1045 4678 fratres
1061 4575 1222 4653 scientes
1237 4603 1383 4654 errores
1399 4577 1437 4652 in
1455 4577 1606 4668 ordine,
1623 4578 1778 4655 fuerunt

361 4711 595 4819 negligentes
613 4708 703 4816 quia
721 4735 801 4786 non
820 4723 1063 4786 correxerunt
1081 4732 1147 4784 eos
1169 4733 1240 4784 nec
1260 4706 1584 4785 denunciaverunt
1599 4708 1777 4785 Ecclesie.

356 4843 412 4919 De
437 4841 614 4918 mandato
634 4839 874 4949 superiorum
898 4837 1042 4917 ordinis
1066 4836 1160 4916 vidit
1180 4836 1405 4918 elemosinas
1425 4855 1462 4915 et
1489 4837 1778 4944 hospitalitatem
