4242 5890
713 531 912 620 Pnocts
944 546 1040 618 Dus
1071 531 1375 620 T'EMPLIERS.
1682 554 1756 624 273

325 683 442 762 lelmo
472 683 521 761 de
548 683 721 764 Plesiano
751 686 898 764 domini
929 687 1028 795 regis
1057 688 1211 765 Francia
1245 688 1383 779 milite,
1413 717 1455 764 ac
1478 690 1757 770 venerabilibus

323 815 413 891 viris
431 815 588 894 domino
609 815 794 895 Gualrido
824 817 872 895 de
901 818 1060 926 Plarcyo
1091 818 1237 896 domini
1264 849 1358 926 pape
1381 820 1545 909 notario,
1572 850 1614 897 ac
1638 823 1757 930 magi-

323 960 401 1023 stro
421 945 565 1025 Amisio
584 947 632 1025 de
652 947 880 1041 Aurelianis,
899 966 937 1026 et
957 977 1018 1026 me
1039 949 1296 1030 Floriamonte
1313 950 1362 1028 de
1381 953 1545 1040 Nantua,
1562 952 1754 1030 Bernardo
1830 967 1836 978 “

323 1075 482 1170 Filholi,
502 1077 713 1157 Guillelmo
733 1080 940 1186 lladulphi,
960 1082 1154 1158 Bemardo
1170 1082 1377 1159 Humbaldi
1402 1097 1441 1157 ct
1465 1081 1624 1188 Hugoue
1653 1084 1757 1161 Nico·

323 1205 371 1283 lai
402 1208 557 1286 notariis
575 1211 846 1317 suprascriptis.
866 1211 949 1290 Deo
964 1213 1119 1319 gracias,
1139 1212 1262 1289 amen.

377 1475 425 1550 Et
450 1503 519 1583 ego
547 1473 783 1552 Floriamons
809 1474 1011 1552 Dondedei
1037 1475 1085 1552 de
1111 1477 1255 1553 Nantua
1288 1474 1465 1565 clericus,
1493 1474 1697 1582 apostolica
1717 1491 1755 1578 et
1806 1558 1812 1567 ‚

321 1604 508 1712 imperiali
530 1607 751 1684 auctoritate
776 1606 946 1684 notarius
962 1604 1155 1710 publicus,
1182 1605 1221 1682 in
1246 1605 1362 1711 hujus
1386 1607 1491 1684 modi
1508 1607 1665 1714 negocio
1686 1633 1754 1709 per

321 1735 443 1813 dictos
463 1737 639 1814 dominos
653 1736 929 1814 commissarios
947 1735 1153 1826 adhibitus,
1170 1727 1351 1842 predictis
1366 1737 1621 1843 processibus,
1638 1755 1754 1842 prout

320 1866 548 1956 continetur,
571 1868 610 1944 in
629 1865 802 1944 ducentis
818 1882 858 1942 ct
870 1866 1002 1943 decern
1021 1882 1059 1944 et
1078 1895 1214 1944 novem
1232 1865 1333 1945 foliis
1354 1897 1441 1943 cum
1458 1866 1620 1944 dimidio
1640 1895 1753 1972 supra

320 1996 470 2101 positis,
496 1997 643 2102 scriptis
667 2023 783 2074 manu
813 2024 914 2086 maa,
951 2013 988 2072 et
1018 1996 1133 2102 signis
1166 1996 1418 2094 discretorum
1442 1998 1610 2075 virorum
1640 1999 1753 2104 magi·

319 2141 484 2203 strorum
505 2125 688 2203 Bemardi
709 2123 869 2212 Filboli,
887 2123 1086 2204 Guillelmi
1102 2125 1309 2231 Radulphi,
1328 2127 1510 2205 Bernardi
1526 2126 1749 2218 Humbaldi,

319 2271 358 2332 et
382 2257 551 2360 Hugonis
579 2255 720 2334 Nicolai
753 2256 990 2334 notariorum
1018 2256 1277 2362 publicorum,
1299 2286 1368 2362 per
1393 2275 1614 2364 quaternos,
1641 2257 1749 2362 quin-

317 2400 427 2461 tenos
448 2412 516 2461 seu
535 2401 729 2462 sextemos
752 2385 792 2460 in
818 2385 1005 2492 principio
1022 2401 1059 2464 ct
1077 2387 1117 2462 in
1136 2387 1213 2464 fine
1235 2387 1405 2494 signatis,
1428 2388 1468 2464 in
1488 2415 1653 2494 quorum
1672 2387 1750 2492 qui·

319 2514 408 2590 dem
439 2513 621 2594 loliorum
650 2515 797 2622 paginis
822 2513 980 2622 singulis
1007 2533 1098 2594 sunt
1127 2519 1381 2596 communiter
1409 2516 1657 2624 quadraginta
1689 2515 1749 2593 val

317 2645 413 2722 circa
437 2641 557 2735 linea,
584 2661 799 2750 presentem
824 2673 1065 2751 processum,
1097 2646 1220 2733 annis,
1251 2647 1476 2736 indictione,
1504 2647 1747 2753 pontificatu,

318 2773 454 2852 diebus
480 2791 518 2850 et
532 2772 626 2851 locis
646 2773 841 2878 predictis,
864 2792 978 2880 prout
1007 2792 1064 2852 est
1090 2776 1264 2882 superius
1286 2775 1542 2882 specificatum
1569 2794 1607 2854 et
1626 2779 1750 2887 singu-

316 2904 445 2981 lariter
475 2902 725 2991 declaratum,
761 2905 808 2981 de
832 2907 1011 2983 mandato
1042 2905 1233 3010 dictorum
1261 2908 1507 2986 dominorum
1536 2910 1750 2986 commissa·

317 3034 479 3122 riorum,
505 3051 618 3140 prout
633 3033 865 3125 -adluerunt,
891 3035 1042 3141 propria
1066 3063 1182 3113 manu
1207 3037 1355 3143 scripsi,
1384 3055 1422 3114 et
1446 3039 1485 3116 in
1509 3039 1606 3117 hanc
1626 3040 1749 3148 publi·

316 3193 397 3242 cam
425 3163 585 3243 sormam
611 3165 650 3241 in
678 3166 751 3242 hoc
777 3163 875 3242 libro
905 3164 953 3241 de
973 3165 1106 3271 papiro
1129 3167 1259 3273 redegi
1291 3184 1329 3244 et
1352 3169 1491 3277 signavi
1523 3170 1631 3276 signo
1659 3201 1745 3249 meo

316 3311 513 3383 consueto,
534 3311 578 3376 et
592 3292 863 3372 nichilominus
892 3293 1117 3401 infrascripti
1138 3297 1275 3374 notarii
1298 3297 1550 3402 signaverunt.

371 3555 419 3631 Et
433 3583 503 3663 ego
521 3553 751 3634 Guillelmus
771 3554 962 3662 Radulphi
983 3554 1032 3632 de
1051 3553 1188 3632 Sancto
1200 3554 1313 3634 Floro
1328 3556 1652 3638 Claromonteusis
1667 3561 1744 3640 dio·

313 3685 422 3774 cesis,
452 3683 610 3763 clericus
639 3684 831 3792 publicus,
862 3685 1082 3763 auctoritate
1111 3701 1342 3764 sacrosancte
1362 3689 1531 3768 Romane
1553 3693 1739 3781 notarius,

312 3816 491 3920 predictis
521 3815 756 3923 processibus
786 3843 900 3922 supra
926 3842 994 3922 per
1025 3814 1170 3892 dictum
1202 3805 1500 3894 Floriamoutem
1526 3820 1673 3926 scriptis
1704 3839 1742 3899 ct

314 3945 534 4054 designatis,
551 3945 706 4052 [presens
726 3943 906 4052 intersnill
926 3973 1001 4024 una
1024 3974 1109 4022 cum
1126 3944 1236 4022 dictis
1256 3945 1526 4036 Floriamonte,
1547 3952 1738 4032 Bemardo

311 4075 456 4165 Filioli,
485 4077 644 4186 Hugone
671 4074 811 4154 Nicolai
839 4092 877 4152 et
901 4075 1095 4154 Remardo
1123 4074 1300 4153 Umbaldi
1335 4078 1491 4156 notariis
1522 4081 1737 4173 antedictis,

310 4223 426 4312 prout
444 4235 556 4313 supra
575 4203 829 4314 specificatum
854 4220 911 4282 est
929 4221 969 4282 et
987 4204 1227 4314 singulariter
1247 4205 1494 4300 declaratum,
1512 4226 1551 4286 et
1571 4211 1617 4288 de
1639 4242 1739 4290 man·

312 4337 399 4414 dato
433 4336 621 4415 dictorum
650 4335 896 4414 dominorum
927 4335 1288 4425 commissariorum,
1320 4354 1435 4444 prout
1449 4339 1657 4431 affuerunt,
1675 4345 1738 4421 hic

309 4495 370 4545 me
386 4465 605 4575 subscripsi,
623 4484 663 4545 et
682 4467 833 4576 signum
850 4494 980 4546 meum
994 4449 1150 4574 apposui
1172 4482 1408 4544 consuetum.

363 4729 412 4807 Et
428 4755 498 4838 ego
517 4730 731 4808 Bemardus
749 4728 925 4809 Umbaldi
946 4729 994 4808 de
1019 4730 1253 4810 Barchinona
1267 4731 1442 4826 clericus,
1464 4734 1612 4813 domini
1634 4736 1734 4845 regis

307 4858 463 4936 Francia
499 4857 655 4938 illustris
691 4859 908 4939 anctoritate
938 4861 1108 4940 notarius
1131 4857 1324 4967 publicus,
1354 4862 1534 4970 predictis
1555 4865 1734 4973 processi-

393 4993 501 5059 rnocls
517 5017 572 5058 oss
587 5017 761 5060 rsurnrans.
771 5018 856 5059 -ιι,
1544 5003 1584 5064 35
