4364 5886
352 429 421 504 iu
735 403 930 498 rnocss
956 418 1052 496 ons
1079 417 1386 496 senenses,

346 573 451 682 quod
471 571 549 648 sic:
570 567 723 646 fratrem
754 565 950 644 Matbeum
971 561 1119 644 Ganant
1146 563 1309 644 militem
1334 563 1546 673 quondum,
1575 563 1776 646 Turonen-

347 733 446 794 sem,
474 703 513 778 in
540 699 638 777 dictu
662 695 804 804 ospdla
826 695 1006 786 d'Auson,
1037 710 1129 772 sunt
1154 694 1302 773 circiter
1330 694 1526 774 decernet
1552 713 1636 776 octo
1670 697 1774 792 snni,

346 865 415 946 per
438 832 658 940 magistrum
684 827 843 906 Pictavie
863 825 1078 936 quondam,
1105 843 1143 904 et
1167 821 1288 906 credit
1311 827 1417 936 quod
1437 821 1535 906 esset
1554 825 1668 906 frater
1687 828 1778 908 Am-

347 967 517 1052 blardns,
534 961 789 1070 presentibus,
810 974 853 1040 ut
870 959 943 1038 sibi
963 959 1126 1047 videtur,
1143 957 1321 1039 fratribus
1337 958 1547 1039 Guillelmo
1567 959 1644 1040 deu
1663 961 1778 1070 Liege

347 1113 566 1208 preceptore
600 1093 781 1202 impelle,
815 1109 913 1172 teste
946 1089 1058 1199 sopri
1087 1092 1314 1182 examinato,
1349 1109 1389 1170 et
1416 1089 1591 1199 pluribus
1619 1092 1703 1170 aliis
1730 1092 1778 1171 de

348 1228 488 1340 quibus
504 1254 580 1304 non
595 1225 830 1303 recordatur.
850 1223 954 1303 Alios
969 1250 1050 1301 non
1064 1222 1200 1302 recolit
1216 1250 1258 1302 se
1277 1223 1413 1302 vidisse
1431 1223 1563 1331 recipi,
1580 1251 1652 1302 nec
1669 1224 1777 1314 vidit,

350 1385 419 1440 nee
447 1357 589 1436 audivit
617 1356 710 1448 dici,
740 1383 812 1432 nec
843 1355 947 1434 scivit
973 1353 1080 1461 quod
1102 1353 1144 1430 in
1173 1354 1394 1462 recepcione
1430 1354 1520 1432 dicti
1548 1352 1672 1432 lintris
1699 1381 1780 1432 rno-

351 1491 460 1570 neohi
485 1488 544 1566 vel
564 1503 649 1596 post
668 1485 913 1564 intervenerit
937 1483 1083 1591 aliquid
1107 1483 1295 1562 illicitum.
1315 1485 1427 1576 Item,
1452 1484 1547 1562 dixit
1565 1477 1605 1564 se
1625 1486 1779 1565 eredens

351 1624 455 1734 quod
493 1619 625 1698 iratres
661 1617 807 1696 ordinis
835 1615 1035 1694 crederent
1074 1614 1332 1694 ecclesiasticis
1357 1618 1614 1708 sacramentis,
1640 1614 1780 1724 quibus

352 1759 430 1864 ipse
460 1750 655 1840 credebat,
675 1766 715 1826 et
738 1745 847 1854 quod
875 1773 1011 1826 eorum
1040 1745 1251 1824 secerdotes
1280 1745 1408 1824 debite
1438 1744 1683 1826 celebrarent.
1704 1746 1781 1825 Sta·

353 1889 421 1964 tim
446 1911 514 1992 pro
538 1877 714 1988 professis
742 1875 997 1956 habebantur.
1029 1875 1211 1954 durabunt
1231 1877 1406 1956 ordinem
1437 1906 1514 1958 non
1539 1879 1651 1958 exire.
1673 1878 1781 1958 Clen-

355 2015 499 2096 destino
524 2009 812 2120 recipiebantur,
833 2007 949 2087 nullis
964 2006 1206 2114 presentibus
1231 2007 1304 2086 nisi
1324 2007 1502 2088 fratribus
1515 2009 1670 2088 ordinis.
1690 2009 1782 2090 Cor-

355 2147 457 2230 dulis
491 2147 592 2224 unde
623 2141 801 2220 volebant
831 2141 1031 2246 assumptis
1059 2165 1100 2218 se
1134 2137 1334 2245 cingebant
1358 2169 1472 2248 super
1497 2139 1667 2219 camisias
1694 2169 1781 2218 curn

355 2281 496 2394 quibus
522 2275 708 2388 jacebant.
739 2271 920 2352 durabant
950 2295 1029 2347 non
1058 2267 1223 2347 revelare
1254 2287 1396 2348 secreta
1428 2271 1702 2377 capitulorum,
1733 2271 1781 2350 de

358 2415 473 2492 ruodo
506 2405 734 2515 recepcionis
772 2399 923 2510 speciali
950 2427 1027 2476 non
1059 2397 1186 2477 babitu
1212 2401 1424 2479 mensione.
1450 2401 1529 2496 Qui
1558 2400 1783 2479 revelassent

357 2543 480 2654 puniti
502 2541 675 2628 luissent,
702 2534 772 2612 sed
795 2531 913 2610 nescit
932 2528 1110 2637 qualiter.
1140 2531 1334 2625 Quamdiu
1350 2549 1536 2640 poterent
1559 2531 1698 2611 bebere
1728 2560 1784 2611 ss·

357 2673 527 2754 terdotns
554 2665 716 2757 ordinis,
746 2691 825 2742 non
849 2675 1023 2768 poterunt
1042 2659 1125 2738 aliis
1154 2661 1340 2740 confiteri.
1361 2663 1403 2742 Si
1432 2664 1499 2770 qni
1524 2682 1633 2742 erent
1650 2661 1783 2741 fratres

357 2805 515 2882 seientes
538 2825 684 2878 errores
699 2793 855 2872 suerunt
873 2788 1126 2898 negligentes,
1145 2792 1234 2899 quia
1259 2820 1336 2870 non
1359 2811 1603 2871 correxerunt
1626 2819 1783 2871 cosnec

359 2931 680 3016 denunciaverunt
703 2921 881 3004 Ecclesie.
913 2920 1148 3000 Elemosinns
1179 2939 1218 3000 et
1248 2922 1542 3029 hospitalitatem
1572 2924 1667 3002 vidit
1693 2951 1783 3002 con·

359 3065 551 3144 vestientes
568 3059 649 3138 fieri
669 3073 708 3136 et
721 3052 856 3133 servari
875 3052 917 3129 in
932 3050 1110 3130 domibus
1130 3052 1274 3132 ordinis
1301 3055 1340 3132 in
1360 3054 1503 3161 quibus
1522 3053 1661 3134 exstitit
1679 3081 1783 3132 com-
1884 3061 1889 3070 '

360 3211 542 3286 moratus,
569 3207 607 3269 et
626 3184 803 3294 capitulis
823 3183 920 3262 clam
945 3183 1085 3276 teneri,
1115 3182 1232 3260 nullis
1250 3184 1491 3290 presentibus
1507 3184 1580 3264 nisi
1604 3181 1784 3262 fratribus

360 3325 519 3418 ordinis,
546 3319 752 3428 aliquando
778 3333 863 3394 ente
893 3314 1008 3394 diem.
1036 3312 1220 3394 Ordinats
1245 3343 1314 3422 per
1340 3315 1560 3425 Magistrum
1589 3343 1677 3394 cum
1701 3341 1785 3393 oon·

361 3475 472 3538 ventu
502 3466 681 3534 servasset
707 3463 810 3526 totns
842 3444 956 3534 ordo,
987 3460 1118 3523 contre
1143 3473 1259 3552 quem
1287 3473 1389 3523 nunc
1416 3443 1572 3554 grandis
1591 3442 1781 3532 scandula,

361 3587 522 3700 suspicio
547 3603 587 3664 et
606 3579 759 3660 insumis
782 3593 872 3656 sunt
894 3592 1040 3665 exorte,
1068 3593 1106 3654 et
1129 3575 1252 3654 credit
1271 3577 1377 3683 quod
1402 3575 1518 3682 aliqui
1542 3604 1586 3654 ex
1606 3571 1785 3652 iratribus

362 3721 506 3802 ordinis
535 3717 674 3798 scirent
700 3725 841 3788 secreta
870 3707 1001 3784 illicite
1025 3704 1230 3786 confessnte
1257 3734 1326 3814 per
1343 3733 1453 3799 eum,
1480 3722 1519 3783 et
1542 3703 1657 3812 aliqui
1685 3729 1782 3792 noos

364 3871 400 3932 et
419 3851 512 3930 vidit
527 3845 709 3956 quasdem
727 3838 876 3916 licterus
904 3835 1140 3943 apostolicas,
1161 3837 1202 3914 in
1226 3836 1367 3944 quibus
1396 3835 1612 3914 continetur
1640 3833 1785 3911 dictum

365 3981 580 4092 Magistrum
602 3991 640 4054 et
659 3971 752 4050 alios
772 3968 898 4076 eliqua
915 3983 1043 4044 eontra
1061 3967 1237 4046 ordinem
1256 3966 1370 4045 fuisse
1387 3965 1596 4054 confessoss
1617 3963 1666 4043 ad
1679 3963 1785 4071 cujus

365 4107 635 4190 deffensionem
654 4129 694 4178 ee
713 4127 790 4178 non
805 4095 1005 4176 obuderet.

421 4236 634 4346 ltoquisitus
663 4232 693 4310 si
721 4229 776 4308 sic
804 4229 1031 4336 deposuerat
1062 4253 1194 4333 prece,
1224 4244 1423 4335 precepto,
1454 4226 1609 4313 timore,
1638 4251 1784 4317 amore,

366 4371 471 4458 oilie,
488 4367 547 4448 vel
575 4359 772 4472 temporali
803 4359 965 4437 comodo
995 4357 1125 4436 habito
1144 4355 1204 4435 vel
1232 4357 1427 4445 habendo,
1452 4354 1650 4465 respondit
1682 4354 1789 4463 quod

366 4528 459 4592 nou,
481 4499 547 4578 sed
566 4523 635 4604 pro
657 4491 809 4570 veritate
831 4487 1007 4580 dicenda,
1032 4488 1094 4566 cui
1115 4487 1189 4565 tuit
1212 4488 1427 4596 injunctum
1450 4487 1556 4596 quod
1582 4515 1663 4566 nun
1683 4513 1788 4564 reve-

367 4635 458 4714 laret
480 4631 575 4710 benc
602 4651 707 4704 suem
737 4619 1021 4726 depositionem
1039 4643 1237 4726 quousque
1261 4619 1522 4698 adsensiones
1547 4617 1689 4696 berint
1716 4639 1787 4718 pu.

369 4765 511 4846 blieate.
