4320 5898
751 513 952 608 rnoons
977 533 1074 608 nas
1100 531 1403 608 acarnanas.
1747 533 1792 606 n

361 677 556 757 debebant
572 675 747 756 confiteri
762 677 845 759 aliis
859 705 975 786 quam
988 676 1249 756 sacerdotibus
1264 674 1422 768 ordinis,
1438 675 1553 754 sinos
1565 674 1705 756 babere
1724 705 1795 786 pos

243 787 257 806 ⁸
359 828 493 890 terant.
512 809 747 915 Elemosinss
760 827 800 888 et
815 807 1113 917 hospitalitatem
1121 807 1216 886 fecit
1223 825 1262 886 et
1270 807 1367 886 vidit
1377 806 1643 886 convenienter
1658 810 1744 890 fieri
1752 811 1795 889 in

361 943 540 1022 domibus
550 941 696 1021 ordinis
708 942 749 1020 in
763 941 904 1050 quibus
919 937 1007 1031 suita
1024 941 1094 1018 sed
1109 939 1326 1047 aliquando,
1340 940 1494 1046 cprando
1510 967 1588 1018 noar
1604 941 1796 1020 bibebant

359 1075 474 1166 uude,
491 1073 828 1181 restringebpntur.
845 1073 903 1150 De
911 1069 1028 1155 noete
1043 1065 1268 1178 disputandos
1276 1088 1432 1179 propter
1444 1071 1602 1181 negocia
1615 1101 1796 1156 ootsnrand

359 1207 426 1299 tia,
450 1223 489 1284 et
507 1207 597 1284 abas
611 1206 659 1282 de
685 1205 751 1283 die
773 1204 869 1283 clam
892 1201 1029 1281 eorum
1048 1201 1225 1310 capitulis
1241 1203 1486 1282 tenabmrur.
1507 1205 1623 1300 Quod
1637 1231 1795 1315 magnus

301 1326 308 1338 ⁰
360 1340 536 1448 Magister
545 1366 634 1416 cum
650 1353 839 1416 conventu
863 1335 1056 1416 statuisset
1074 1331 1208 1414 ficisset
1227 1352 1413 1415 servatum
1436 1337 1486 1414 in·
1501 1337 1648 1426 ordine,
1666 1357 1796 1418 contra

359 1499 476 1580 mem
500 1469 777 1579 nunc-grandia
792 1467 984 1586 'scandala
1005 1466 1172 1576 suspicio
1191 1485 1229 1544 et
1247 1466 1407 1548 infamia·
1419 1487 1510 1548 sunt
1532 1487 1670 1564 exona,
1687 1467 1795 1550 inde-

357 1604 448 1694 bite,
467 1621 512 1682 nt
531 1603 662 1684 credit.
683 1604 767 1682 Non
785 1601 978 1684 obtulerat
997 1631 1037 1680 se
1053 1601 1102 1680 ad
1121 1601 1396 1684 deffensionem
1417 1605 1574 1686 ordinis.
1593 1637 1598 1653 ·

414 1735 632 1844 Requisitus
647 1733 678 1812 si
690 1734 745 1813 sic
761 1734 992 1842 deposuerat
1012 1759 1137 1840 prece,
1151 1752 1342 1842 precepto,
1362 1737 1518 1828 timore,
1540 1761 1683 1832 amora
1704 1737 1794 1820 odio

357 1865 417 1944 vel
437 1866 600 1944 comodo
618 1865 821 1973 temporaii
841 1864 973 1944 habito
992 1864 1052 1944 rel
1068 1863 1258 1956 babendo,
1276 1864 1474 1975 respondit
1488 1868 1595 1975 quod
1614 1893 1704 1961 non,
1727 1871 1796 1949 sed

358 2027 429 2106 pro
451 1997 607 2076 veritate
628 1997 806 2089 dicendas
830 1996 990 2075 enituit
1008 1991 1234 2105 injunctum
1257 1999 1364 2107 quod
1386 2027 1465 2078 non
1478 1999 1674 2080 'revelaret
1697 2003 1794 2080 banc

359 2159 465 2209 suam
487 2129 773 2238 deposicioncm
792 2157 996 2239 quousque
1015 2129 1283 2217 attestaciones
1295 2129 1439 2210 fuerint
1455 2131 1658 2242 publicatas

415 2395 547 2472 Frater
576 2395 746 2473 Thomas
770 2394 818 2473 de
840 2393 1055 2502 Panpalona
1081 2393 1257 2486 sardens,
1286 2412 1486 2503 preceptor
1512 2397 1716 2476 domorum
1744 2397 1793 2477 de

360 2524 525 2634 Averyns
541 2525 582 2602 in
601 2527 760 2605 Navarra
772 2525 1078 2633 Pampalonsnsis
1094 2541 1134 2603 et
1150 2525 1197 2604 de
1218 2522 1312 2602 Riba
1323 2526 1474 2604 'Forada
1489 2529 1794 2611 Terrassonensis

359 2655 589 2750 discessum,
604 2675 643 2736 et
657 2685 773 2764 supra
779 2657 948 2767 juratus,
964 2655 1191 2735 mantellum
1207 2658 1355 2738 ordinis
1366 2677 1404 2736 et
1416 2657 1573 2738 barbam
1587 2659 1790 2755 defferens,

360 2815 448 2868 cum
467 2817 546 2897 quo
564 2787 790 2898 inquisitum
804 2787 941 2882 fuerat,
959 2786 1156 2868 absolutus
1174 2781 1212 2865 'et
1226 2788 1492 2868 reconciliatus
1506 2819 1574 2899 per
1592 2792 1794 2874 dominum

360 2921 579 3027 episcopum
596 2921 890 3014 Xantonensem‚
913 2919 1177 3029 sexagenarius
1196 2917 1255 2997 vel
1275 2920 1381 3012 circa,
1405 2920 1512 3002 lectis
1533 2923 1794 3032 etdiligenter

361 3029 537 3160 expositis
556 3053 628 3134 sibi
642 3053 822 3132 omnibus
842 3071 881 3132 et
899 3047 1259 3162 singidisarticnlis,
1280 3052 1479 3158 respondit
1498 3079 1538 3132 se
1558 3055 1703 3134 nescire
1723 3085 1795 3136 uec

360 3182 546 3263 audivisse
570 3185 664 3275 dici,
691 3214 762 3264 nec
781 3183 945 3263 credere·
958 3185 1006 3262 de
1027 3181 1216 3262 contentis
1238 3181 1278 3260 in
1304 3182 1359 3260 eis
1385 3183 1457 3262 nisi
1482 3187 1588 3293 quod
1607 3188 1791 3296 sequitur.

359 3316 548 3397 Videlicet
570 3343 610 3395 se
629 3345 827 3426 nunquam
842 3313 996 3405 vidisse,
1019 3313 1271 3406 narravisse,
1297 3341 1369 3392 nec
1387 3315 1573 3396 audivisse
1601 3319 1693 3411 dici,
1720 3322 1792 3400 nisi

359 3465 560 3557 postquam
593 3447 668 3526 tuit
704 3467 849 3556 captus,
883 3442 990 3556 quod
1022 3449 1063 3526 in
1103 3445 1392 3553 receptionibus
1426 3447 1586 3528 fratrum
1612 3451 1673 3530 vel
1708 3473 1794 3562 post

359 3580 498 3658 fierent
536 3579 829 3690 abnegacionen
869 3577 1232 3686 dogmatiaaciones‚
1270 3576 1455 3685 vituperia
1486 3583 1631 3673 crucis,
1665 3585 1794 3664 oscula

357 3711 580 3806 inhonesta,
619 3711 763 3792 crimen
796 3707 1064 3792 sodomiticum
1098 3735 1169 3787 nec
1205 3707 1276 3788 alia
1314 3709 1515 3790 inhonesta
1549 3715 1589 3790 in
1627 3715 1794 3798 articulis

360 3861 547 3922 contenta.
577 3840 799 3953 Supradicta
824 3843 1022 3951 deponens
1044 3869 1132 3920 cum
1156 3835 1430 3949 imprecatione
1456 3843 1732 3928 maledictionis
1755 3865 1795 3928 et

331 4049 338 4062 ,
361 3975 644 4084 dampnationis
663 3977 789 4055 anime
805 3981 872 4054 sn'e
886 3993 926 4054 et
939 3974 1120 4084 corporis,
1134 3991 1174 4053 et
1193 3975 1266 4054 sub
1276 3975 1414 4056 virtmc
1425 3975 1632 4086 juramenti
1646 3980 1794 4086 prestiti

361 4137 430 4216 per
454 4108 646 4200 eumdem,
668 4125 708 4186 et
731 4107 838 4216 quod
862 4107 980 4186 eciam
1000 4107 1194 4186 nesciebat
1213 4106 1308 4187 alios
1329 4135 1476 4188 errores
1495 4137 1577 4189 esse
1597 4110 1638 4188 in
1658 4111 1794 4190 ordine

360 4239 590 4348 supradicto.
607 4239 847 4320 Dixittarnen
865 4239 987 4349 quod,
1004 4238 1145 4317 obvim
1159 4237 1371 4318 multorum
1388 4257 1669 4322 tormentorum
1687 4244 1796 4350 prius

360 4359 555 4452 illatorum
580 4372 707 4451 eidem
732 4371 834 4480 apud
857 4388 1029 4450 sanctum
1047 4371 1262 4452 Johannsm
1286 4371 1618 4481 Angeliacenscm‚
1650 4374 1796 4455 confes-
1929 4421 1933 4432 ·
2038 4361 2044 4376 ⁸

360 4533 424 4583 sus
439 4504 512 4583 fuit
528 4523 616 4612 post
630 4505 729 4583 dicta
748 4522 954 4595 tormenta,
976 4531 1103 4582 coram
1116 4504 1194 4583 illis
1215 4505 1282 4615 qui
1302 4504 1533 4614 torquebant
1556 4529 1663 4600 eunt,
1688 4507 1794 4616 quod

360 4635 539 4715 credebat
563 4635 841 4717 confessionem
864 4665 934 4746 per
952 4663 1134 4746 magnum
1154 4637 1376 4749 Magistrum
1394 4635 1530 4716 factam
1554 4667 1635 4718 esse
1654 4665 1792 4733 veram,

361 4786 401 4848 ct
419 4768 525 4876 quod
545 4767 579 4847 ei
600 4767 825 4863 adherebat3
847 4787 991 4880 etpost
1014 4797 1194 4882 magnum
1215 4787 1367 4878 tempus
1392 4769 1574 4879 elapsum,
1597 4799 1684 4849 cum
1703 4799 1795 4851 con·

350 4899 470 4980 ¹tinus
489 4902 653 4983 stetisset
672 4903 713 4982 in
734 4903 832 4983 duro
849 4893 1009 4996 carcere,
1033 4932 1104 4983 nec
1124 4904 1431 4986 ministrarentur
1444 4903 1518 4984 sibi
1537 4903 1610 4986 nisi
1629 4903 1736 5014 panis
1756 4921 1795 4983 et
