4242 5890
366 541 439 612 sno
754 517 953 608 raeces
979 535 1075 607 oss
1101 531 1403 606 reuertens

361 675 651 787 precedentibus
673 678 778 783 signo
794 704 882 754 meo
902 676 1054 784 signetis
1071 676 1320 765 continentur,
1343 703 1417 754 una
1434 703 1519 752 cum
1534 678 1789 784 suprascriptis

360 810 518 888 testibus
544 825 581 886 et
606 807 790 914 magistris
814 806 956 884 Amisio
990 807 1037 884 de
1064 806 1265 884 Aureliano
1296 823 1333 883 et
1357 806 1527 884 lohanne
1554 806 1601 884 de
1629 809 1787 886 Pruvino

359 941 514 1019 notariis
533 938 709 1046 publicis,
726 947 881 1045 pre'sens
901 937 1071 1026 interlui,
1097 955 1151 1028 et,
1174 938 1222 1014 de
1242 938 1419 1016 mandato
1438 938 1596 1043 predicti
1618 940 1790 1016 commis-

358 1072 462 1161 sarii,
484 1071 573 1148 huic
592 1071 842 1148 instrumento
862 1069 1147 1176 mesubscripsi
1167 1069 1206 1146 in
1225 1069 1481 1148 testimonium
1496 1071 1779 1175 premissorum,

342 1196 530 1310 ‘illudque
547 1203 652 1310 signo
673 1229 758 1280 meo
779 1201 890 1280 solito
916 1201 1053 1310 signavi
1072 1217 1237 1309 rogatusr

413 1467 454 1541 ln
479 1465 619 1542 Christi
639 1466 793 1542 nomine
814 1481 935 1540 amen.
960 1465 1087 1542 Pateat
1106 1463 1289 1540 universis
1309 1489 1376 1568 per
1395 1462 1468 1540 hoc
1487 1489 1639 1568 presens
1662 1463 1786 1569 publi·

357 1625 442 1673 cum
463 1596 773 1684 instrumentum,
793 1596 898 1702 quod
911 1621 1008 1673 anno
1019 1593 1172 1672 Domini
1189 1592 1392 1671 millesimo
1408 1607 1489 1671 ccc⁰
1502 1595 1677 1700 septimo,
1692 1593 1787 1670 indi-

357 1727 463 1803 cione
485 1743 600 1814 sexta,
615 1727 856 1833 pontificatus
870 1725 1092 1803 sanctissimi
1113 1723 1225 1831 patris
1242 1741 1279 1802 et
1293 1724 1436 1801 domini
1455 1723 1600 1802 domini
1614 1723 1785 1803 Clemen-

354 1857 403 1932 tis
434 1855 558 1932 divina
584 1857 826 1934 Providencia
852 1885 946 1962 pape
973 1855 1224 1963 quinti'anno
1252 1853 1438 1942 secundo,
1474 1854 1535 1930 die
1560 1855 1715 1931 Veneris
1745 1855 1783 1930 in

354 1986 478 2093 vigilia
498 1985 754 2093 apostolorum
773 1988 949 2094 Symonis
969 2003 1008 2064 et
1026 1986 1140 2074 lude,
1159 1985 1333 2064 videlicet
1348 2011 1446 2064 xrvn
1467 1986 1529 2063 die
1546 1985 1725 2074 octobris,
1746 1987 1782 2061 in

353 2118 547 2222 presencia
566 2115 732 2223 religiosi
753 2117 820 2194 viri
840 2117 963 2194 fratris
982 2116 1123 2193 Nicolai
1147 2118 1194 2194 de
1212 2116 1384 2195 Anisiaco
1410 2116 1556 2195 ordinis
1575 2115 1784 2196 Predicato·

352 2273 455 2336 rum,
470 2245 712 2323 commissarii
733 2247 809 2322 dati
830 2275 851 2321 a
870 2245 1074 2322 venerabili
1095 2262 1132 2322 et
1150 2244 1326 2351 religioso
1344 2247 1423 2322 viro
1442 2245 1553 2322 fratre
1577 2245 1783 2324 Guillelmo

354 2379 401 2454 de
420 2377 583 2454 Parisios
605 2375 762 2483 predicti
788 2375 933 2454 ordinis
954 2376 1253 2464 Predicatorum,
1276 2377 1500 2483 inquisitore
1521 2377 1683 2455 heretice
1703 2408 1785 2484 pra-

351 2507 474 2584 vitatis
496 2508 534 2583 in
554 2535 669 2613 regno
690 2506 844 2583 Francis
865 2505 1082 2584 auctoritate
1107 2505 1311 2612 apostolica
1333 2505 1525 2611 deputato,
1547 2507 1722 2596 Parisios,
1744 2510 1782 2583 in

352 2636 466 2714 domo
498 2635 664 2740 Templi,
691 2662 759 2740 pro
791 2635 1023 2741 inquirendo
1055 2652 1183 2712 contro
1210 2661 1388 2741 personas
1414 2635 1539 2712 eidem
1570 2636 1781 2742 inquisitori

352 2766 513 2854 delatas,
529 2795 643 2873 super
663 2767 764 2844 dicto
780 2765 937 2842 crimine
951 2765 1167 2855 existentes,
1182 2766 1258 2840 mei
1275 2765 1410 2842 notarii
1423 2759 1561 2871 publici
1581 2783 1618 2842 et
1631 2768 1779 2844 testium

352 2897 647 3004 subscriptorum
670 2896 862 3002 presencia
886 2895 1134 3002 personaliter
1161 2895 1382 2972 constitutus
1412 2893 1524 2972 srater
1551 2895 1709 2974 Michael
1734 2897 1780 2972 de

352 3029 486 3105 Sancto
518 3029 679 3134 Mannyo
714 3025 975 3104 Ambianensis
1007 3026 1181 3114 diocesis,
1209 3024 1366 3132 claviger
1395 3026 1433 3101 in
1464 3025 1577 3102 domo
1607 3027 1655 3103 de
1684 3027 1782 3102 Lati-

350 3159 483 3264 gnieco
504 3158 627 3246 Sicco,
645 3157 988 3264 quinquagenarius
1003 3155 1062 3233 vel
1079 3157 1190 3244 circa,
1203 3157 1352 3262 juratus
1371 3155 1419 3232 ed
1439 3173 1559 3232 sancta
1580 3157 1649 3234 Dei
1664 3157 1782 3233 Evan-

349 3287 444 3394 gelia
470 3287 595 3364 eidem
615 3288 821 3395 preposita,
851 3305 887 3363 et
912 3286 958 3364 ab
985 3315 1030 3364 eo
1058 3284 1302 3391 corporaliter
1326 3286 1583 3374 suetudinem
1608 3287 1648 3362 in
1672 3315 1780 3364 causa

349 3418 441 3495 fidei
462 3418 510 3494 de
531 3445 570 3495 se
595 3435 633 3495 et
655 3419 703 3495 de
727 3417 809 3495 aliis
828 3416 999 3524 personis
1019 3418 1077 3493 sui
1098 3416 1244 3494 ordinis
1258 3417 1407 3522 plenem
1425 3433 1462 3493 et
1482 3417 1664 3522 integram
1684 3417 1779 3493 veri-

347 3565 478 3639 tatem,
506 3565 543 3626 et
567 3549 816 3656 interrogatus
842 3549 889 3626 de
920 3523 1090 3654 tempore
1116 3564 1153 3624 et
1182 3548 1299 3624 modo
1322 3547 1553 3652 recepcionis
1579 3575 1661 3637 sue,
1688 3547 1779 3624 dixit

346 3705 415 3784 per
432 3679 689 3786 juramentum
715 3709 826 3756 suum
853 3680 957 3785 quod
982 3680 1080 3756 bene
1108 3694 1195 3754 sunt
1214 3703 1301 3754 xxm
1326 3678 1413 3754 anni
1439 3677 1497 3754 vel
1522 3677 1618 3754 circa
1644 3676 1774 3783 elapsi,

346 3809 452 3916 quod
470 3811 551 3916 ipse
566 3810 638 3887 suit
656 3827 829 3917 receptus
850 3811 890 3887 in
916 3812 1030 3887 domo
1057 3809 1104 3886 de
1125 3811 1253 3888 Monte
1280 3807 1504 3894 Suessionis,
1536 3833 1605 3912 per
1628 3806 1777 3884 fratrem

347 3940 551 4016 Henricum
567 3939 718 4018 deVilla
738 3940 890 4017 Petrosa
909 3941 1085 4030 militem,
1099 3940 1318 4045 magistrum
1328 3936 1474 4014 ballivie
1486 3937 1775 4024 suessionensis,

348 4085 386 4146 et
408 4069 564 4146 fuerunt
587 4086 777 4176 presentes
800 4071 839 4145 in
865 4069 964 4146 dicta
985 4071 1205 4177 receptione
1232 4069 1345 4145 frater
1369 4067 1583 4174 Amulpbus
1610 4067 1656 4143 de
1681 4067 1777 4146 Villa

348 4202 505 4290 Saverii,
533 4200 645 4278 frater
673 4201 856 4277 Henricus
885 4198 1082 4306 bergerius
1112 4201 1215 4276 illius
1240 4198 1400 4284 ordinis,
1425 4215 1462 4273 et
1485 4196 1612 4301 plures
1638 4196 1699 4271 alii
1727 4197 1775 4272 de

347 4359 513 4437 quorum
531 4331 752 4408 nominibus
766 4358 843 4407 non
857 4329 1001 4408 recolit.

403 4463 498 4539 ltem
509 4460 940 4569 diritperjuramcntum
949 4489 1060 4537 suum
1071 4459 1187 4565 quod,
1201 4473 1286 4564 post
1295 4457 1554 4564 juramentum
1568 4453 1615 4530 ab
1630 4483 1676 4531 eo
1691 4483 1776 4560 pre-

345 4593 477 4669 stitum
495 4591 543 4669 de
558 4593 705 4669 statutis
721 4609 758 4668 et
776 4593 930 4668 secretis
950 4589 1093 4668 ordinis
1108 4584 1366 4674 observandis,
1385 4585 1558 4693 magister
1578 4583 1771 4690 predictus

346 4722 514 4829 quicum
530 4722 671 4828 recepit
687 4722 813 4827 posuit
825 4721 896 4798 sibi
913 4719 1134 4800 mantellum
1143 4718 1191 4795 ad
1204 4716 1360 4804 collum,
1377 4732 1415 4793 et
1428 4732 1557 4821 posteo
1572 4714 1651 4820 ipse
1664 4741 1772 4792 oscu-

346 4852 442 4930 latus
461 4852 533 4931 luit
552 4854 677 4959 ipsum
701 4852 963 4957 recipientem,
983 4852 1031 4928 de
1053 4849 1227 4926 mandato
1253 4846 1442 4952 ejusdem,
1469 4862 1506 4922 et
1528 4844 1620 4922 alios
1644 4843 1773 4920 fratres
