4208 5886
675 530 872 625 raoots
904 549 1001 623 nns
1031 546 1341 623 rnurmnns.
1644 551 1715 623 iso

287 689 491 800 quamdam
512 715 660 766 crucem
679 689 843 798 ligneam
865 691 1027 768 interra
1051 689 1232 797 positam,
1255 688 1374 766 nescit
1398 711 1605 795 perquem
1631 689 1718 766 alla·

286 839 382 911 tam,
404 821 444 896 in
464 847 539 926 qua
558 845 636 897 non
661 838 739 900 erat
765 849 899 930 ymago
927 817 1123 910 Crucifixi,
1149 837 1187 896 et
1208 819 1289 926 ipse
1309 817 1416 896 testis
1437 815 1560 896 noluit
1581 847 1716 925 spuere

288 980 417 1058 supra,
448 951 516 1028 sed
541 949 643 1056 spuit
668 967 728 1028 ter
749 951 855 1059 juxta
879 979 974 1028 eam.
996 951 1181 1057 Postque
1202 949 1305 1026 idem
1332 965 1503 1055 receptor
1528 948 1717 1028 osculatus

288 1082 359 1160 fuit
385 1082 510 1188 ipsum
537 1097 671 1159 testem
693 1082 733 1158 in
753 1109 863 1160 came
883 1083 989 1160 nuda
1007 1082 1047 1158 in
1072 1098 1242 1187 pectore,
1266 1099 1303 1158 et
1331 1079 1423 1157 dixit
1449 1079 1483 1158 ei
1508 1079 1612 1186 quod
1632 1108 1717 1186 pre·

288 1213 384 1289 dicta
402 1229 508 1288 erant
521 1210 570 1288 de
584 1213 736 1318 punctis
752 1213 908 1292 ordinis.
926 1213 1007 1290 Alia
1022 1211 1152 1288 illicita
1167 1239 1244 1290 non
1261 1211 1544 1287 intervenerunt
1559 1210 1598 1284 in
1619 1209 1716 1287 dicta

287 1370 354 1419 sua
372 1341 593 1449 recepcione
613 1319 683 1422 uec
702 1359 806 1451 post,
824 1361 863 1420 et
883 1342 1003 1421 credit
1020 1342 1126 1450 quod
1142 1343 1275 1420 eadem
1295 1339 1396 1418 licita
1421 1357 1458 1416 et
1478 1338 1607 1418 illicita
1627 1369 1717 1420 con-

286 1470 418 1549 fessata
437 1499 508 1579 per
526 1501 614 1550 eum
635 1472 907 1550 intervenirent
927 1472 1180 1552 communiter
1201 1488 1238 1548 et
1257 1470 1402 1577 ubique
1425 1469 1464 1546 in
1488 1471 1718 1576 recepcioni-

286 1603 359 1680 bus
382 1601 546 1681 aliorum
570 1602 729 1680 fratrum
749 1603 894 1682 ordinis
917 1603 975 1680 vel
995 1619 1091 1709 post.
1119 1604 1234 1691 Item,
1260 1599 1355 1678 dixit
1372 1628 1413 1678 se
1436 1599 1590 1678 credere
1610 1602 1716 1708 quod

285 1730 416 1810 fratres
436 1733 527 1810 dicti
544 1734 687 1812 ordinis
699 1734 799 1812 bene
814 1735 1012 1812 crederent
1028 1731 1284 1812 ecclesiasticis
1301 1731 1558 1822 sacramentis,
1575 1731 1716 1839 quibus

286 1862 367 1969 ipse
387 1862 581 1956 credebat,
607 1881 645 1942 et
664 1866 767 1971 quod
794 1893 927 1943 eorum
951 1864 1161 1942 sacerdotes
1183 1862 1312 1941 debite
1338 1860 1583 1940 celebrarent.
1606 1862 1716 1940 Clan-

287 1994 433 2072 destine
454 1992 742 2101 recipiebantur,
759 1994 873 2072 nullis
891 1993 1130 2101 presentibus
1149 1993 1221 2071 nisi
1241 1992 1420 2070 fratribus
1439 1992 1596 2071 ordinise
1621 1993 1715 2074 Cor-

287 2124 387 2202 dulis
406 2124 509 2202 unde
526 2124 701 2202 volebant
721 2124 922 2232 assumptis
943 2123 1189 2231 cingebantur
1209 2150 1320 2230 super
1340 2123 1508 2202 camisias
1529 2151 1616 2200 cum
1634 2125 1717 2229 qui-

285 2255 358 2332 bus
374 2254 565 2363 jacebant,
594 2281 639 2332 ex
664 2271 842 2361 precepto
870 2254 1111 2360 superiorum
1139 2281 1309 2333 suorum.
1336 2252 1552 2359 lnjunctum
1580 2253 1653 2331 fuit
1675 2255 1715 2330 in

285 2385 504 2492 recepcione
526 2412 592 2463 sua
612 2385 719 2491 quod
740 2411 818 2463 aon
837 2383 1020 2462 revelaret
1033 2383 1198 2462 modum
1218 2411 1285 2461 sue
1308 2381 1550 2489 recepcionis.
1567 2383 1714 2461 Fratres

286 2515 447 2595 scientes
467 2543 615 2594 errores
633 2515 790 2593 fuerunt
810 2515 1058 2624 negligentes,
1088 2514 1177 2621 quia
1205 2541 1284 2592 non
1303 2530 1546 2594 correxerunt
1561 2542 1625 2592 eos
1644 2542 1714 2590 nec

287 2645 605 2723 denunciaverunt
623 2645 799 2723 Ecclesie.
821 2645 1055 2722 Elemosinas
1082 2661 1120 2720 et
1145 2645 1437 2750 hospitalitatem
1463 2645 1554 2722 vidit
1579 2672 1713 2723 conve-
1757 2668 1760 2674 ·

285 2774 434 2853 nienter
457 2775 541 2852 [leri
570 2792 607 2852 et
632 2774 767 2852 servari
793 2775 835 2850 in
863 2774 1042 2852 domibus
1064 2773 1208 2852 ordinis
1231 2775 1270 2850 in
1291 2774 1432 2881 quibus
1453 2774 1591 2852 exstitit
1612 2802 1714 2852 com·

285 2923 464 2985 moratus.
480 2905 662 2986 Ordinato
674 2934 743 3012 per
756 2905 976 3012 Magistrum
990 2934 1078 2982 cum
1091 2923 1277 2984 conventu
1292 2919 1472 2984 servasset
1484 2915 1587 2984 totus
1602 2906 1709 2994 ordo,
1822 2915 1827 2922 “

286 3052 329 3112 ut
348 3034 488 3125 eredit,
510 3053 773 3142 contraquam
797 3063 899 3114 nunc
920 3036 1074 3144 grandia
1094 3033 1284 3126 scandala,
1311 3035 1473 3142 suspicio
1498 3053 1536 3112 et
1559 3035 1713 3112 infamia

284 3183 373 3242 sunt
393 3181 535 3256 exorta,
558 3183 596 3243 et
615 3184 745 3245 contra
770 3193 885 3272 quem
908 3165 1013 3242 idem
1037 3165 1215 3274 Magister
1239 3182 1276 3242 et
1302 3164 1364 3242 alii
1386 3164 1511 3272 aliqua
1534 3164 1713 3242 dicuntur

285 3293 400 3374 fuisse
420 3294 599 3386 confessi3
621 3297 669 3373 ad
690 3295 796 3403 cnjus
815 3294 962 3372 ordinis
983 3294 1257 3372 deffensionem
1276 3323 1315 3372 se
1336 3322 1414 3372 non
1434 3293 1635 3373 obtulerat.

341 3425 557 3531 Requisitus
570 3425 601 3502 si
614 3425 666 3502 sic
680 3425 908 3531 deposuerat
917 3453 1049 3530 prece,
1063 3441 1258 3530 precepto,
1278 3425 1426 3515 timore,
1445 3451 1589 3516 amore,
1608 3427 1710 3516 odiu,

283 3555 343 3632 vel
356 3555 555 3662 temporali
576 3556 737 3634 comodo
756 3553 886 3635 habito
902 3554 962 3632 vel
979 3553 1173 3643 habendo,
1193 3555 1388 3661 respondit
1406 3554 1512 3662 quod
1529 3583 1624 3644 non,
1645 3555 1713 3631 sed

283 3712 353 3791 pro
373 3685 528 3762 veritate
548 3685 726 3776 dicenda3
752 3685 812 3762 cui
839 3685 911 3762 fuit
936 3685 1151 3794 injunctum
1175 3684 1280 3790 quod
1303 3713 1380 3762 non
1408 3684 1591 3762 revelaret
1616 3685 1712 3761 banc

284 3843 390 3892 suam
412 3814 713 3922 deposicionem,
732 3841 930 3926 quousque
950 3789 1211 3894 attesiaciones
1230 3813 1372 3892 luerint
1391 3814 1591 3922 publicare.

337 4081 465 4158 Frater
483 4079 685 4158 Amandus
702 4081 841 4158 Breion
856 4080 905 4157 de
918 4079 1058 4159 Goerta
1069 4080 1253 4169 serviem,
1271 4077 1568 4187 Engolismeusis
1584 4078 1710 4156 dioce-

284 4211 349 4300 sis,
375 4210 479 4287 testis
504 4239 616 4317 supra
636 4212 805 4319 juratus,
834 4209 1060 4288 mantellum
1086 4209 1230 4290 ordinis
1257 4227 1295 4287 et
1319 4208 1477 4286 barbam
1504 4208 1708 4297 defferens,

283 4340 628 4449 quinquagenarius
652 4340 710 4419 vel
736 4342 851 4429 circa,
881 4369 968 4418 cum
992 4367 1070 4447 quo
1095 4338 1320 4447 inquisitum
1347 4339 1487 4430 luerat,
1513 4339 1710 4418 absolutus

283 4487 322 4546 et
337 4469 597 4550 reconciliatus
620 4498 688 4575 per
710 4468 910 4549 officialem
934 4469 1205 4556 Pictavensem‚
1227 4468 1333 4546 lectis
1353 4487 1391 4547 et
1419 4469 1621 4579 diligenter
1648 4497 1711 4548 ex-

282 4600 415 4707 positis
436 4599 509 4678 sibi
536 4601 714 4680 omnibus
735 4617 773 4678 et
792 4600 949 4708 singulis
968 4598 1153 4690 articulis,
1175 4598 1371 4705 respondit
1392 4627 1431 4676 se
1455 4601 1617 4686 nescire,
1639 4627 1710 4676 nec

282 4729 455 4818 credere,
477 4759 547 4808 neo
571 4730 755 4810 audivisse
776 4731 850 4808 dici
874 4731 922 4809 de
936 4729 1121 4807 contentis
1143 4729 1184 4806 in
1209 4729 1263 4806 eis
1286 4727 1358 4808 nisi
1383 4729 1487 4836 quod
1511 4729 1706 4835 sequitur:

282 4860 384 4939 Dixit
401 4889 565 4971 namque
581 4859 749 4940 saluisse
767 4880 961 4968 receptum
976 4861 1015 4939 in
1032 4859 1174 4968 capella
1194 4858 1332 4938 domus
1351 4860 1498 4966 Templi
1522 4861 1569 4937 de
1590 4861 1708 4936 Banes
