4208 5886
672 527 1336 622 Paocusnusrnuemaas.
1436 633 1440 642 ,
1643 555 1715 626 201

291 681 331 758 in
351 681 637 789 recepcionibus
656 683 818 764 aliorum
839 685 996 763 fratrum
1017 687 1162 766 ordinis
1181 687 1239 766 vel
1258 703 1360 794 post,
1381 686 1440 765 vel
1455 685 1600 798 aliquid
1614 691 1720 770 aliud

290 811 484 903 illicitum,
511 815 706 920 respondit
725 845 765 894 se
786 817 940 894 credere
960 816 1066 923 quod
1084 817 1148 896 alii
1169 817 1418 927 abnegarent,
1442 819 1489 896 de
1510 819 1593 900 aliis
1611 821 1720 900 illici-

289 943 338 1020 tis
363 942 470 1022 aliud
494 944 682 1036 nesciens3
709 947 829 1024 credit
851 964 979 1024 tamen
1001 948 1125 1052 quod,
1152 965 1308 1056 propter
1328 947 1440 1026 verba
1457 951 1627 1056 predicta
1646 952 1718 1032 sibi

291 1073 389 1152 dicta
410 1102 430 1152 a
450 1074 551 1152 dicto
571 1073 685 1154 fratre
704 1076 902 1167 Amaudo,
925 1094 963 1154 et
983 1095 1139 1184 propter
1161 1079 1225 1156 illa
1250 1107 1326 1186 que
1347 1079 1457 1157 multi
1478 1109 1521 1156 ex
1541 1080 1719 1160 fratribus

291 1203 436 1282 ordinis
455 1222 543 1282 sunt
563 1204 739 1300 confessi,
755 1209 861 1314 quod
876 1207 948 1284 alia
960 1208 1090 1286 illicita
1101 1209 1372 1288 intervenirent
1383 1211 1422 1286 in
1434 1211 1719 1318 recepcionibus

292 1333 451 1413 aliorum
476 1335 535 1412 vel
558 1354 655 1442 post.
678 1337 789 1430 Item,
812 1339 905 1416 dixit
926 1339 1034 1444 quod
1052 1339 1092 1415 in
1114 1338 1175 1417 die
1197 1340 1352 1421 Veneris
1371 1342 1506 1422 Sancta
1526 1341 1659 1422 devote
1682 1361 1719 1421 et

290 1483 506 1544 reverenter
526 1449 732 1546 adorabant
759 1497 926 1558 crucem,
948 1485 987 1545 et
1005 1469 1112 1575 quod
1131 1469 1210 1575 ipse
1230 1468 1329 1547 bene
1349 1469 1527 1548 credebat
1547 1472 1719 1550 ecclesia·

291 1595 391 1674 sticis
414 1599 673 1692 sacramentis,
701 1615 739 1676 et
763 1600 882 1677 credit
905 1601 1011 1707 quod
1031 1598 1094 1677 alii
1119 1598 1251 1677 fratres
1280 1600 1425 1677 ordinis
1443 1601 1580 1678 eodem
1601 1603 1717 1680 modo

291 1729 505 1818 crederent,
529 1747 567 1808 et
575 1729 682 1836 quod
693 1757 824 1808 eorum
846 1731 1058 1809 sacerdotes
1084 1729 1211 1809 debite
1233 1729 1477 1809 celebrarent.
1499 1732 1542 1808 ln
1563 1731 1645 1838 ejus
1663 1751 1717 1810 ta·
1745 1783 1751 1794 ·

291 1887 380 1937 men
406 1862 625 1967 recepcione
653 1859 777 1938 dictus
804 1877 976 1967 receptor
999 1861 1093 1938 dixit
1117 1861 1151 1939 ei
1177 1862 1284 1968 quod
1310 1860 1452 1968 absque
1477 1859 1632 1940 licencia
1660 1865 1717 1941 sui

290 1990 496 2096 superioris
523 2019 600 2067 non
626 1989 831 2096 susciperet
855 1989 1020 2097 aliquem
1047 1989 1228 2068 infantem
1255 1991 1303 2068 de
1328 2019 1432 2070 sacro
1457 1990 1573 2070 fonte.
1602 1993 1716 2083 Item,
1758 2055 1761 2060 .

292 2119 385 2197 dixit
402 2147 442 2196 se
458 2120 642 2198 audivisse
663 2119 737 2197 dici
758 2149 778 2196 a
797 2119 976 2199 fratribus
996 2120 1141 2198 ordinis
1159 2121 1265 2226 quod
1285 2137 1525 2226 preceptores
1545 2139 1718 2201 tenentes

292 2248 466 2354 capitulla
485 2239 732 2356 imponebant
747 2250 971 2356 disciplinas,
990 2267 1027 2326 et
1036 2247 1234 2355 presbiteri
1250 2248 1494 2327 absolvebant
1509 2279 1529 2326 a
1544 2251 1715 2356 peccatis.

290 2377 431 2456 Juravit
442 2379 615 2456 ordinem
630 2407 708 2457 non
722 2381 833 2473 exire,
847 2398 886 2457 et
899 2380 1018 2456 credit
1033 2379 1252 2485 quodidem
1263 2379 1447 2486 jurarent,
1457 2380 1589 2489 etquia
1601 2381 1718 2459 exive-

291 2528 359 2598 rat,
371 2507 444 2586 fuit
455 2538 476 2587 a
486 2509 651 2616 perjurio
665 2509 873 2588 absolutus.
892 2508 1134 2588 Clandestine
1149 2507 1439 2614 recipiebantur,
1453 2537 1494 2588 ex
1506 2538 1585 2617 quo
1597 2512 1718 2589 credit

291 2639 396 2746 quod
411 2657 508 2718 esset
525 2639 688 2746 suspicio
699 2655 828 2717 contra
845 2665 921 2716 eos.
937 2637 1116 2717 Cordulis
1128 2637 1233 2716 unde
1247 2636 1424 2716 volebant
1435 2641 1636 2745 assumptis
1650 2668 1719 2746 per

291 2770 542 2876 penitenciam
558 2771 804 2879 cingebantur
812 2799 928 2876 super
938 2799 1083 2878 pannos
1095 2769 1216 2848 lineos
1223 2799 1309 2849 cum
1320 2769 1461 2878 quibus
1466 2769 1719 2878 jacebantln·

285 2899 517 3008 jungebatur
537 2901 591 2980 eis
608 2929 678 3007 per
698 2918 973 2979 sacramentum
994 2929 1042 2978 ne
1066 2902 1275 2981 revelarent
1293 2920 1434 2980 secreta
1454 2901 1717 3008 capitoliorum

291 3059 361 3110 nec
374 3031 545 3108 'modum
570 3030 800 3136 recepcionis
827 3030 991 3138 illisqui
1017 3058 1093 3109 non
1119 3030 1332 3120 adfuerant,
1355 3049 1393 3109 et
1406 3031 1473 3138 qui
1486 3031 1717 3108 contrarium

290 3160 466 3238 fecissent
487 3161 704 3238 incarcerati
719 3159 889 3239 fuissent.
910 3159 1115 3239 Dicebatur
1131 3160 1184 3240 eis
1199 3161 1319 3268 quod,
1341 3160 1526 3268 quamdiu
1545 3177 1719 3266 poterant

292 3291 430 3370 habero
457 3288 672 3368 facultatem
700 3289 907 3370 confitendi
935 3290 1193 3371 sacerdotibus
1223 3291 1388 3384 ordinis,
1417 3271 1495 3370 non
1526 3291 1718 3394 debebant

290 3421 372 3498 aliis
390 3420 532 3528 absque
554 3447 686 3498 eorum
713 3419 868 3498 licencia
893 3420 1078 3498 confiteri.
1103 3423 1252 3499 Fratres
1278 3423 1436 3499 scientes
1466 3447 1612 3498 errores
1636 3448 1717 3498 esse

290 3553 330 3628 in
341 3549 506 3639 ordine,
528 3577 625 3656 quos
644 3550 764 3628 credit
782 3549 896 3628 fuisse
922 3550 1159 3629 introductos
1183 3580 1203 3627 a
1228 3552 1405 3658 Magistro
1428 3565 1465 3627 et
1490 3549 1538 3626 de
1558 3551 1718 3646 sciencia

290 3683 454 3761 aliorum
472 3681 630 3759 fratrum
645 3681 805 3770 ordinis,
826 3681 980 3758 fuerunt
997 3680 1246 3791 negligentes,
1267 3680 1355 3789 quia
1376 3707 1454 3758 non
1474 3697 1719 3757 correxerunt

292 3841 356 3892 eos
377 3841 447 3891 nec
468 3812 788 3890 denunciaverunt
806 3812 988 3901 Ecclesia,
1007 3830 1045 3890 et
1058 3811 1180 3890 credit
1193 3811 1296 3919 quod
1313 3810 1456 3918 ubique
1478 3809 1719 3890 uniformiter

291 3945 557 4052 reciperentur.
585 3943 865 4050 Precipiebatur
887 3942 941 4021 eis
958 3971 1028 4051 per
1047 3960 1286 4051 preceptores
1311 3968 1444 4020 eorum
1464 3941 1570 4049 quod
1590 3940 1717 4019 debite

291 4094 479 4154 servarent
494 4074 717 4153 elemosinas
732 4090 770 4153 et
784 4074 1090 4181 hospitalitatem,
1106 4091 1144 4152 et
1156 4088 1336 4152 ornarent
1344 4071 1515 4180 capellas,
1531 4089 1569 4150 et
1578 4099 1719 4150 revere-

291 4225 424 4284 rentur
442 4233 551 4285 senes
571 4205 726 4284 ordinis.
746 4204 898 4284 Audivit
922 4205 995 4282 dici
1019 4206 1126 4312 quod
1146 4233 1277 4284 eorum
1300 4202 1473 4311 capitulia
1496 4201 1592 4280 clam
1612 4219 1718 4280 tene-

291 4339 441 4429 bantur,
462 4336 578 4415 nullis
596 4335 835 4442 presentibus
855 4336 925 4414 nisi
941 4333 1118 4413 fratribus
1136 4334 1296 4425 ordinis,
1319 4351 1357 4412 et
1372 4331 1480 4442 quod
1496 4330 1719 4438 provideba-

214 4505 217 4512 ’
291 4485 413 4545 turne
429 4467 621 4544 videretur
635 4466 693 4544 vel
708 4467 903 4546 audiretur
916 4467 1078 4546 exterius
1089 4467 1195 4572 quod
1210 4464 1370 4544 interius
1383 4464 1573 4570 agebatur.
1589 4462 1720 4541 Credit

292 4599 396 4707 quod
415 4597 584 4676 ordinata
605 4624 674 4704 per
697 4597 917 4705 Magistrum
942 4625 1028 4674 cum
1049 4612 1237 4674 conventu
1256 4594 1416 4672 fuissent
1434 4610 1575 4672 servata
1596 4593 1636 4670 in
1659 4618 1720 4670 or-

292 4730 397 4818 dine,
416 4746 676 4836 contraquam
694 4744 849 4835 propter
865 4728 1031 4834 predicta
1051 4756 1152 4806 nunc
1170 4726 1325 4835 grandia
1346 4721 1536 4815 scandala,
1554 4722 1719 4832 ¹suspicio

292 4878 330 4937 et
356 4857 508 4936 infamia
535 4876 625 4938 sunt
650 4875 786 4937 exorta.
812 4858 944 4938 Credit
968 4858 1072 4967 quod
1096 4856 1227 4935 illicita
1252 4885 1325 4964 que
1352 4853 1652 4934 interveniebant
1679 4852 1718 4930 in

399 4995 506 5062 esocis
528 5017 580 5062 ons
602 5015 869 5061 retrectans-11.
1531 4988 1570 5052 26
