4486 5890
745 501 939 595 esocis
966 521 1061 594 oss
1089 519 1386 592 restauras,
1707 521 1775 590 ue

353 685 419 767 per
438 662 636 740 dominum
669 663 887 769 episcopum
908 663 1210 752 Rutbeuensem,
1231 660 1338 770 lectis
1371 679 1408 738 et
1438 659 1639 764 diligenter
1667 685 1778 765 expo·

352 793 433 870 sitis
459 791 530 871 sibi
554 790 734 872 omnibus
765 811 804 872 et
833 792 990 903 singulis
1018 791 1200 883 articulis,
1229 791 1426 899 respondit
1456 818 1494 866 se
1527 788 1685 878 nescire,
1708 819 1777 866 nec

351 924 520 1013 credere,
553 953 621 1004 nec
639 925 823 1004 audivisse
843 925 915 1003 dici
947 925 994 1002 de
1022 925 1210 1003 contentis
1239 924 1276 1000 in
1298 924 1352 1000 eis
1372 922 1442 999 nisi
1463 919 1569 1028 quod
1592 921 1774 1026 sequitur.

351 1054 453 1132 Dixit
484 1083 647 1163 namque
676 1083 716 1134 se
747 1055 861 1135 fuisse
894 1074 1105 1163 receptum,
1139 1055 1177 1132 in
1211 1055 1363 1134 instanti
1394 1079 1524 1130 mense
1554 1052 1778 1158 septembris

351 1205 463 1264 erunt
494 1184 549 1265 mii
582 1188 670 1265 anni
699 1188 757 1266 vel
790 1189 902 1274 circa,
930 1190 967 1265 in
1001 1189 1164 1296 quadam
1200 1215 1347 1266 camera
1381 1187 1518 1264 domus
1547 1181 1697 1289 Templi
1729 1184 1776 1258 de

352 1317 480 1394 Monte
500 1317 721 1410 Pessulano,
749 1343 817 1426 per
844 1317 997 1396 fratrem
1030 1317 1215 1395 Poncium
1242 1319 1290 1396 de
1328 1321 1443 1396 Bmet
1475 1315 1634 1392 militem
1654 1341 1777 1420 quon·

314 1497 318 1504 ·
351 1447 454 1536 dam,
478 1465 571 1524 tunc
594 1464 853 1554 preceptorem
885 1448 1093 1534 Provincia,
1125 1449 1365 1553 presentibus
1388 1444 1564 1523 fratribus
1585 1443 1776 1521 bernardo

227 1633 229 1638 -
352 1577 398 1653 de
431 1575 594 1655 Conbito
627 1575 764 1664 milite,
798 1603 914 1682 quem
946 1577 1065 1653 credit
1096 1601 1175 1654 esse
1208 1597 1357 1685 captum
1378 1575 1476 1653 ultra
1499 1575 1719 1662 Rodanum,
1741 1590 1778 1650 et

351 1703 561 1786 Guillelmo
586 1705 704 1786 d’llrsi
739 1705 859 1784 milite
885 1706 1097 1814 quondam,
1131 1725 1169 1785 et
1201 1705 1410 1786 Guillelmo
1445 1706 1507 1784 del
1546 1706 1649 1782 Rene
1691 1731 1777 1808 pre·

352 1857 501 1943 ceptorc
528 1839 627 1914 dicte
654 1836 807 1929 domus,
835 1838 1004 1928 detento,
1036 1855 1079 1914 ut
1114 1837 1249 1926 credit,
1281 1837 1383 1944 apud
1414 1837 1602 1921 Mestum,
1634 1851 1672 1910 et
1690 1836 1777 1942 Ray·

353 1967 498 2045 mundo
525 1967 726 2048 Guillermi
754 1968 803 2046 de
831 1971 954 2046 Benca
983 1967 1124 2056 milite,
1157 1968 1320 2047 Parisios
1354 1967 1525 2056 detento,
1557 1982 1599 2042 ut
1633 1964 1774 2056 credit,

352 2117 389 2176 et
408 2098 637 2204 quibusdam
660 2097 742 2176 aliis
767 2100 814 2176 de
837 2097 978 2206 quibus
998 2127 1074 2176 non
1103 2097 1254 2191 recolit,
1279 2102 1318 2174 in
1342 2100 1444 2174 hunc
1473 2095 1632 2174 modum
1656 2127 1665 2172 z
1688 2125 1775 2173 nam

352 2231 465 2334 petita
500 2229 674 2306 societate
704 2229 861 2307 fratrum
901 2230 1063 2320 ordinis,
1102 2257 1186 2306 cum
1226 2228 1368 2306 diceret
1397 2256 1436 2304 se
1465 2243 1635 2334 paratum
1669 2226 1777 2302 abdi·

352 2387 434 2438 care
458 2389 480 2436 a
504 2389 544 2438 se
571 2360 762 2466 propriam
780 2358 1013 2437 voluntatem
1041 2375 1080 2436 ot
1100 2359 1195 2437 velle
1222 2387 1302 2436 esse
1328 2385 1477 2436 servum
1505 2356 1689 2434 esclevum
1717 2385 1778 2432 or·

353 2489 468 2576 dinis,
499 2490 658 2595 prestito
679 2517 745 2596 per
760 2491 1022 2598 juramentum
1047 2519 1159 2568 suum
1185 2488 1291 2596 quod
1320 2517 1397 2566 non
1417 2505 1495 2564 erat
1520 2485 1663 2566 servilis
1688 2515 1778 2564 con·

353 2619 527 2728 dicionis,
549 2637 711 2698 necerat
733 2620 840 2697 alteri
863 2619 1055 2725 religioni,
1073 2647 1143 2696 uec
1162 2619 1422 2706 matrimonio,
1450 2645 1519 2694 nec
1547 2616 1685 2694 debitis
1701 2647 1776 2722 que

352 2777 427 2826 non
455 2749 747 2856 possetsolsere
769 2749 976 2856 obligatus,
999 2778 1069 2827 nec
1099 2750 1278 2826 latentem
1305 2748 1563 2825 infirmitatem
1592 2747 1774 2838 babebat,

293 2879 295 2882 ’
351 2879 473 2958 dictus
489 2897 660 2986 receptor
674 2878 762 2957 fecit
782 2907 870 2958 eum
894 2907 1028 2958 vovere
1047 2897 1085 2958 ct
1096 2881 1226 2988 jurare
1240 2879 1464 2966 castitatem,
1491 2875 1774 2967 obedienciam,

351 3027 389 3087 et
401 3011 521 3089 vivere
538 3013 619 3087 sine
642 3010 810 3118 proprio⁴
825 3012 914 3104 Quo
929 3010 1026 3095 lacto
1045 3011 1227 3117 imposuit
1242 3008 1311 3087 sibi
1333 3005 1573 3098 mantellum,
1589 3007 1775 3086 dicendos

311 3169 321 3178 ·
352 3139 420 3218 *In
448 3140 601 3220 nomine
629 3142 747 3220 Petris
781 3159 818 3219 ct
852 3141 936 3218 Filii
968 3158 1005 3219 et
1036 3141 1200 3247 Spiritus
1234 3139 1405 3230 Sancti;·
1435 3137 1547 3216 fratre
1582 3140 1779 3216 Bernardo.

348 3271 482 3349 Borret
504 3271 730 3377 presbitero,
753 3272 818 3376 qui
838 3271 955 3348 eciam
979 3272 1076 3348 dicte
1105 3267 1314 3377 receptioni
1343 3267 1480 3356 adsuit,
1509 3267 1657 3346 dicente
1677 3267 1775 3374 psal-

349 3429 456 3478 mum
485 3402 583 3478 Ecce
611 3429 714 3504 quom
746 3403 883 3488 bouem,
918 3418 957 3477 et
987 3416 1205 3509 aspergente
1232 3427 1366 3506 aquom
1395 3398 1634 3478 benedictam
1662 3425 1776 3503 super

349 3559 458 3619 eum,
480 3548 517 3609 et
532 3547 705 3638 receptor
719 3548 757 3608 et
776 3530 838 3608 alii
853 3530 1008 3608 fuerunt
1023 3558 1112 3607 eum
1134 3529 1291 3607 osculati
1311 3530 1351 3606 in
1368 3558 1445 3608 ore.
1467 3528 1614 3606 Deinde
1628 3545 1774 3605 ostensa

349 3663 420 3739 sibi
444 3661 606 3768 quadam
639 3689 748 3738 cruce
783 3661 831 3738 ad
853 3677 993 3740 terram
1018 3685 1129 3766 supra
1149 3657 1343 3765 quoddam
1363 3675 1533 3766 tapetum
1556 3658 1691 3763 posita,
1715 3687 1775 3734 ne-

348 3793 416 3868 scit
445 3811 513 3898 per
539 3818 655 3898 quem
680 3789 806 3880 allata,
829 3819 899 3867 nec
923 3790 1143 3868 recordetur
1172 3790 1203 3866 si
1228 3806 1308 3865 eret
1334 3787 1373 3866 in
1409 3817 1450 3864 ea
1475 3787 1599 3894 aliqua
1620 3815 1771 3895 ymago,

348 3922 451 3998 idem
469 3939 641 4026 receptor
674 3920 841 4026 precepit
869 3921 903 3997 ei
930 3921 1037 4027 quod
1056 3903 1210 4026 spueret
1233 3947 1348 4026 super
1374 3918 1513 3995 dictam
1543 3945 1710 4008 crucem,
1736 3933 1774 3996 et

348 4052 427 4158 ipse
449 4051 574 4137 testis,
602 4051 831 4157 stupefactus
859 4068 897 4128 et
918 4051 1155 4157 perterritus,
1184 4051 1292 4156 spuit¹
1305 4077 1417 4156 supra
1443 4049 1581 4126 dictam
1602 4076 1771 4136 crucem,

348 4205 434 4260 cum
455 4159 592 4259 dolore*
608 4199 734 4258 tamen
761 4182 896 4260 cordis.
929 4182 1179 4260 Postmodum
1205 4181 1372 4287 precepit
1397 4180 1430 4256 ei
1455 4179 1560 4286 quod
1586 4178 1774 4256 osculare-

348 4330 411 4418 tur
443 4341 529 4389 eum
559 4312 597 4388 in
635 4311 836 4399 umbilico,
876 4330 916 4391 et
946 4305 1379 4420 ipse-stemmatum
1413 4311 1485 4388 fuit
1520 4337 1610 4386 eum
1635 4309 1689 4386 ibi
1716 4309 1774 4387 vel

252 4525 257 4534 ,
348 4442 463 4530 circa,
485 4443 524 4518 in
546 4471 655 4520 carne
672 4444 791 4520 uude.
816 4443 963 4520 Deinde
979 4422 1151 4549 'precepit
1176 4441 1209 4518 ei
1235 4440 1340 4548 quod
1367 4439 1599 4518 oscularetur
1619 4432 1708 4516 eum
1734 4419 1773 4515 in

347 4573 480 4662 dorso,
503 4591 541 4650 et
560 4572 639 4679 ipso
665 4571 738 4650 luit
755 4601 843 4652 eum
859 4572 1048 4651 osculatus
1073 4599 1187 4678 super
1206 4599 1354 4658 zonam,
1375 4599 1453 4648 non
1475 4571 1514 4647 in
1530 4599 1641 4649 cerne
1657 4570 1769 4647 nuda.

347 4705 562 4812 Requisitus
591 4705 621 4781 si
644 4704 714 4782 alia
735 4704 934 4782 inhonesta
956 4704 1243 4781 intervenerunt
1261 4701 1301 4778 in
1335 4703 1433 4780 dicta
1457 4731 1523 4780 sua
1553 4701 1773 4808 recepcione

293 4851 296 4858 “
348 4836 404 4912 vel
435 4851 536 4941 post,
561 4835 755 4940 respondit
782 4835 887 4939 quod
914 4861 1002 4910 non.
1034 4831 1249 4938 Requisitns
1274 4833 1304 4910 si
1334 4833 1453 4909 credit
1476 4833 1582 4938 quod
1606 4831 1774 4939 predicta

1617 4989 1666 5028 21.
