<?xml version="1.0" encoding="UTF-8"?>
<!DOCTYPE html PUBLIC "-//W3C//DTD XHTML 1.0 Transitional//EN"
    "http://www.w3.org/TR/xhtml1/DTD/xhtml1-transitional.dtd">
<html xmlns="http://www.w3.org/1999/xhtml" xml:lang="en" lang="en">
 <head>
  <title>
</title>
<meta http-equiv="Content-Type" content="text/html;charset=utf-8" />
  <meta name='ocr-system' content='tesseract 3.04.00' />
  <meta name='ocr-capabilities' content='ocr_page ocr_carea ocr_par ocr_line ocrx_word'/>
</head>
<body>
  <div class='ocr_page' id='page_1' title='image "./procsdestemplie03defegoog/procsdestemplie03defegoog_0368.png"; bbox 0 0 4242 5890; ppageno 0'>
   <div class='ocr_carea' id='block_1_1' title="bbox 431 507 1462 616">
    <p class='ocr_par' dir='ltr' id='par_1_1' title="bbox 431 507 1462 616">
     <span class='ocr_line' id='line_1_1' title="bbox 431 507 1462 616; baseline -0.007 0"><span class='ocrx_word' id='word_1_1' title='bbox 431 545 504 616; x_wconf 81' lang='lat' dir='ltr'>aso</span> <span class='ocrx_word' id='word_1_2' title='bbox 817 521 1013 614; x_wconf 79' lang='lat' dir='ltr'>reeens</span> <span class='ocrx_word' id='word_1_3' title='bbox 1039 539 1135 612; x_wconf 82' lang='lat' dir='ltr'>nas</span> <span class='ocrx_word' id='word_1_4' title='bbox 1164 507 1462 613; x_wconf 78' lang='lat' dir='ltr'>rrurmrrs.</span> 
     </span>
    </p>
   </div>
   <div class='ocr_carea' id='block_1_2' title="bbox 422 679 1854 2848">
    <p class='ocr_par' dir='ltr' id='par_1_2' title="bbox 428 679 1854 1053">
     <span class='ocr_line' id='line_1_2' title="bbox 429 679 1851 788; baseline 0.001 -27"><span class='ocrx_word' id='word_1_5' title='bbox 429 680 595 762; x_wconf 80' lang='lat' dir='ltr'><strong>ostendit</strong></span> <span class='ocrx_word' id='word_1_6' title='bbox 614 679 685 759; x_wconf 91' lang='lat' dir='ltr'>sibi</span> <span class='ocrx_word' id='word_1_7' title='bbox 705 681 916 788; x_wconf 78' lang='lat' dir='ltr'><strong>ymaginem</strong></span> <span class='ocrx_word' id='word_1_8' title='bbox 936 679 1099 758; x_wconf 79' lang='lat' dir='ltr'>curcifixi</span> <span class='ocrx_word' id='word_1_9' title='bbox 1113 679 1299 786; x_wconf 83' lang='lat' dir='ltr'>depictam</span> <span class='ocrx_word' id='word_1_10' title='bbox 1312 680 1351 756; x_wconf 82' lang='lat' dir='ltr'>itt</span> <span class='ocrx_word' id='word_1_11' title='bbox 1366 709 1475 758; x_wconf 91' lang='lat' dir='ltr'>cruce</span> <span class='ocrx_word' id='word_1_12' title='bbox 1495 680 1535 756; x_wconf 89' lang='lat' dir='ltr'>in</span> <span class='ocrx_word' id='word_1_13' title='bbox 1554 680 1720 786; x_wconf 85' lang='lat' dir='ltr'>quodam</span> <span class='ocrx_word' id='word_1_14' title='bbox 1739 681 1851 773; x_wconf 85' lang='lat' dir='ltr'>libro,</span> 
     </span>
     <span class='ocr_line' id='line_1_3' title="bbox 429 811 1854 918; baseline 0.001 -30"><span class='ocrx_word' id='word_1_15' title='bbox 429 830 466 889; x_wconf 88' lang='lat' dir='ltr'>et</span> <span class='ocrx_word' id='word_1_16' title='bbox 484 813 651 918; x_wconf 85' lang='lat' dir='ltr'>precepit</span> <span class='ocrx_word' id='word_1_17' title='bbox 670 811 740 889; x_wconf 87' lang='lat' dir='ltr'>sibi</span> <span class='ocrx_word' id='word_1_18' title='bbox 762 829 799 889; x_wconf 89' lang='lat' dir='ltr'>at</span> <span class='ocrx_word' id='word_1_19' title='bbox 815 812 981 917; x_wconf 79' lang='lat' dir='ltr'>&#39;ipjunxit</span> <span class='ocrx_word' id='word_1_20' title='bbox 1000 811 1105 918; x_wconf 91' lang='lat' dir='ltr'>quod</span> <span class='ocrx_word' id='word_1_21' title='bbox 1124 829 1275 917; x_wconf 79' lang='lat' dir='ltr'><strong>spueret</strong></span> <span class='ocrx_word' id='word_1_22' title='bbox 1299 829 1358 890; x_wconf 91' lang='lat' dir='ltr'>ter</span> <span class='ocrx_word' id='word_1_23' title='bbox 1383 838 1497 917; x_wconf 89' lang='lat' dir='ltr'>super</span> <span class='ocrx_word' id='word_1_24' title='bbox 1516 837 1596 888; x_wconf 88' lang='lat' dir='ltr'>eam</span> <span class='ocrx_word' id='word_1_25' title='bbox 1614 841 1623 887; x_wconf 74' lang='grc' dir='ltr'><strong>ε</strong></span> <span class='ocrx_word' id='word_1_26' title='bbox 1643 811 1748 918; x_wconf 87' lang='lat' dir='ltr'>quod</span> <span class='ocrx_word' id='word_1_27' title='bbox 1770 812 1854 890; x_wconf 84' lang='lat' dir='ltr'>lecit</span> 
     </span>
     <span class='ocr_line' id='line_1_4' title="bbox 428 942 1496 1053; baseline -0.003 -33"><span class='ocrx_word' id='word_1_28' title='bbox 428 971 510 1032; x_wconf 87' lang='lat' dir='ltr'>ore,</span> <span class='ocrx_word' id='word_1_29' title='bbox 532 943 600 1022; x_wconf 85' lang='lat' dir='ltr'>sed</span> <span class='ocrx_word' id='word_1_30' title='bbox 619 971 697 1020; x_wconf 91' lang='lat' dir='ltr'>non</span> <span class='ocrx_word' id='word_1_31' title='bbox 718 943 846 1034; x_wconf 82' lang='lat' dir='ltr'>corde,</span> <span class='ocrx_word' id='word_1_32' title='bbox 867 959 910 1020; x_wconf 89' lang='lat' dir='ltr'>ut</span> <span class='ocrx_word' id='word_1_33' title='bbox 930 942 1033 1019; x_wconf 85' lang='lat' dir='ltr'><strong>dixit.</strong></span> <span class='ocrx_word' id='word_1_34' title='bbox 1487 1023 1496 1053; x_wconf 42' lang='grc' dir='ltr'><em>Ι</em></span> 
     </span>
    </p>

    <p class='ocr_par' dir='ltr' id='par_1_3' title="bbox 427 1073 1854 1441">
     <span class='ocr_line' id='line_1_5' title="bbox 483 1073 1854 1181; baseline 0.001 -31"><span class='ocrx_word' id='word_1_35' title='bbox 483 1077 577 1150; x_wconf 86' lang='lat' dir='ltr'>Item</span> <span class='ocrx_word' id='word_1_36' title='bbox 607 1074 698 1151; x_wconf 90' lang='lat' dir='ltr'>dixit</span> <span class='ocrx_word' id='word_1_37' title='bbox 730 1102 800 1178; x_wconf 89' lang='lat' dir='ltr'>per</span> <span class='ocrx_word' id='word_1_38' title='bbox 824 1075 1081 1181; x_wconf 86' lang='lat' dir='ltr'>juramentum</span> <span class='ocrx_word' id='word_1_39' title='bbox 1107 1073 1212 1179; x_wconf 89' lang='lat' dir='ltr'>quod</span> <span class='ocrx_word' id='word_1_40' title='bbox 1241 1073 1425 1179; x_wconf 89' lang='lat' dir='ltr'>recipiens</span> <span class='ocrx_word' id='word_1_41' title='bbox 1453 1073 1621 1180; x_wconf 83' lang='lat' dir='ltr'>precepit</span> <span class='ocrx_word' id='word_1_42' title='bbox 1648 1073 1721 1152; x_wconf 88' lang='lat' dir='ltr'>sibi</span> <span class='ocrx_word' id='word_1_43' title='bbox 1752 1075 1854 1181; x_wconf 91' lang='lat' dir='ltr'>quod</span> 
     </span>
     <span class='ocr_line' id='line_1_6' title="bbox 427 1203 1854 1311; baseline 0.001 -30"><span class='ocrx_word' id='word_1_44' title='bbox 427 1205 662 1284; x_wconf 81' lang='lat' dir='ltr'>oscularetur</span> <span class='ocrx_word' id='word_1_45' title='bbox 673 1231 761 1282; x_wconf 90' lang='lat' dir='ltr'>eum</span> <span class='ocrx_word' id='word_1_46' title='bbox 780 1206 819 1282; x_wconf 92' lang='lat' dir='ltr'>in</span> <span class='ocrx_word' id='word_1_47' title='bbox 840 1233 905 1282; x_wconf 89' lang='lat' dir='ltr'>ore</span> <span class='ocrx_word' id='word_1_48' title='bbox 927 1221 964 1282; x_wconf 83' lang='lat' dir='ltr'>et</span> <span class='ocrx_word' id='word_1_49' title='bbox 985 1204 1023 1280; x_wconf 90' lang='lat' dir='ltr'>in</span> <span class='ocrx_word' id='word_1_50' title='bbox 1046 1203 1120 1280; x_wconf 85' lang='lat' dir='ltr'>line</span> <span class='ocrx_word' id='word_1_51' title='bbox 1138 1203 1244 1310; x_wconf 80' lang='lat' dir='ltr'>spine</span> <span class='ocrx_word' id='word_1_52' title='bbox 1260 1203 1362 1282; x_wconf 90' lang='lat' dir='ltr'>dorsi</span> <span class='ocrx_word' id='word_1_53' title='bbox 1378 1235 1387 1280; x_wconf 71' lang='grc' dir='ltr'><strong>ε</strong></span> <span class='ocrx_word' id='word_1_54' title='bbox 1404 1205 1510 1311; x_wconf 91' lang='lat' dir='ltr'>quod</span> <span class='ocrx_word' id='word_1_55' title='bbox 1530 1203 1617 1282; x_wconf 87' lang='lat' dir='ltr'>lecit</span> <span class='ocrx_word' id='word_1_56' title='bbox 1641 1205 1777 1282; x_wconf 86' lang='lat' dir='ltr'>invitus</span> <span class='ocrx_word' id='word_1_57' title='bbox 1800 1225 1854 1282; x_wconf 87' lang='lat' dir='ltr'>ta-</span> 
     </span>
     <span class='ocr_line' id='line_1_7' title="bbox 427 1333 914 1441; baseline 0 -29"><span class='ocrx_word' id='word_1_58' title='bbox 427 1363 513 1414; x_wconf 89' lang='lat' dir='ltr'>men</span> <span class='ocrx_word' id='word_1_59' title='bbox 534 1337 583 1412; x_wconf 91' lang='lat' dir='ltr'>de</span> <span class='ocrx_word' id='word_1_60' title='bbox 608 1350 711 1441; x_wconf 85' lang='lat' dir='ltr'>parte</span> <span class='ocrx_word' id='word_1_61' title='bbox 731 1333 914 1412; x_wconf 82' lang='lat' dir='ltr'>inferiori.</span> 
     </span>
    </p>

    <p class='ocr_par' dir='ltr' id='par_1_4' title="bbox 424 1465 1853 2062">
     <span class='ocr_line' id='line_1_8' title="bbox 482 1465 1851 1573; baseline 0.003 -31"><span class='ocrx_word' id='word_1_62' title='bbox 482 1469 575 1544; x_wconf 88' lang='lat' dir='ltr'>Item</span> <span class='ocrx_word' id='word_1_63' title='bbox 596 1467 686 1542; x_wconf 80' lang='lat' dir='ltr'>dixit</span> <span class='ocrx_word' id='word_1_64' title='bbox 701 1465 806 1572; x_wconf 91' lang='lat' dir='ltr'>quod</span> <span class='ocrx_word' id='word_1_65' title='bbox 823 1465 987 1572; x_wconf 85' lang='lat' dir='ltr'>prefatus</span> <span class='ocrx_word' id='word_1_66' title='bbox 1003 1466 1188 1572; x_wconf 86' lang='lat' dir='ltr'>recipiens</span> <span class='ocrx_word' id='word_1_67' title='bbox 1200 1466 1367 1573; x_wconf 78' lang='lat' dir='ltr'>precepit</span> <span class='ocrx_word' id='word_1_68' title='bbox 1386 1465 1458 1543; x_wconf 90' lang='lat' dir='ltr'>sibi</span> <span class='ocrx_word' id='word_1_69' title='bbox 1475 1467 1629 1572; x_wconf 87' lang='lat' dir='ltr'>quodsi</span> <span class='ocrx_word' id='word_1_70' title='bbox 1644 1467 1777 1547; x_wconf 86' lang='lat' dir='ltr'>fratres</span> <span class='ocrx_word' id='word_1_71' title='bbox 1796 1471 1851 1546; x_wconf 87' lang='lat' dir='ltr'>sui</span> 
     </span>
     <span class='ocr_line' id='line_1_9' title="bbox 426 1595 1852 1704; baseline 0.003 -33"><span class='ocrx_word' id='word_1_72' title='bbox 426 1595 568 1673; x_wconf 91' lang='lat' dir='ltr'>ordinis</span> <span class='ocrx_word' id='word_1_73' title='bbox 587 1596 723 1674; x_wconf 86' lang='lat' dir='ltr'>vellent</span> <span class='ocrx_word' id='word_1_74' title='bbox 742 1596 882 1674; x_wconf 90' lang='lat' dir='ltr'>hahere</span> <span class='ocrx_word' id='word_1_75' title='bbox 901 1625 983 1674; x_wconf 89' lang='lat' dir='ltr'>rem</span> <span class='ocrx_word' id='word_1_76' title='bbox 1003 1596 1200 1674; x_wconf 84' lang='lat' dir='ltr'>carnaliter</span> <span class='ocrx_word' id='word_1_77' title='bbox 1219 1625 1307 1674; x_wconf 88' lang='lat' dir='ltr'>cum</span> <span class='ocrx_word' id='word_1_78' title='bbox 1331 1624 1396 1687; x_wconf 87' lang='lat' dir='ltr'>eo,</span> <span class='ocrx_word' id='word_1_79' title='bbox 1419 1597 1523 1703; x_wconf 88' lang='lat' dir='ltr'>quod</span> <span class='ocrx_word' id='word_1_80' title='bbox 1542 1597 1624 1704; x_wconf 86' lang='lat' dir='ltr'>ipse</span> <span class='ocrx_word' id='word_1_81' title='bbox 1643 1599 1852 1678; x_wconf 89' lang='lat' dir='ltr'>admitteret</span> 
     </span>
     <span class='ocr_line' id='line_1_10' title="bbox 425 1725 1853 1836; baseline 0.003 -35"><span class='ocrx_word' id='word_1_82' title='bbox 425 1753 489 1802; x_wconf 90' lang='lat' dir='ltr'>eos</span> <span class='ocrx_word' id='word_1_83' title='bbox 509 1726 558 1802; x_wconf 89' lang='lat' dir='ltr'>ad</span> <span class='ocrx_word' id='word_1_84' title='bbox 576 1727 666 1816; x_wconf 84' lang='lat' dir='ltr'>hoc,</span> <span class='ocrx_word' id='word_1_85' title='bbox 687 1727 814 1804; x_wconf 88' lang='lat' dir='ltr'>dicens</span> <span class='ocrx_word' id='word_1_86' title='bbox 829 1725 949 1804; x_wconf 87' lang='lat' dir='ltr'>dictus</span> <span class='ocrx_word' id='word_1_87' title='bbox 967 1726 1151 1833; x_wconf 87' lang='lat' dir='ltr'>recipiens</span> <span class='ocrx_word' id='word_1_88' title='bbox 1170 1727 1276 1834; x_wconf 88' lang='lat' dir='ltr'>quod</span> <span class='ocrx_word' id='word_1_89' title='bbox 1295 1728 1375 1834; x_wconf 89' lang='lat' dir='ltr'>ipse</span> <span class='ocrx_word' id='word_1_90' title='bbox 1394 1744 1567 1833; x_wconf 87' lang='lat' dir='ltr'>receptus</span> <span class='ocrx_word' id='word_1_91' title='bbox 1590 1727 1687 1806; x_wconf 89' lang='lat' dir='ltr'>bene</span> <span class='ocrx_word' id='word_1_92' title='bbox 1709 1747 1853 1836; x_wconf 86' lang='lat' dir='ltr'>poterat</span> 
     </span>
     <span class='ocr_line' id='line_1_11' title="bbox 424 1855 1852 1964; baseline 0.003 -32"><span class='ocrx_word' id='word_1_93' title='bbox 424 1855 597 1932; x_wconf 85' lang='lat' dir='ltr'>similiter</span> <span class='ocrx_word' id='word_1_94' title='bbox 615 1855 753 1934; x_wconf 89' lang='lat' dir='ltr'>habere</span> <span class='ocrx_word' id='word_1_95' title='bbox 775 1883 859 1933; x_wconf 86' lang='lat' dir='ltr'>rem</span> <span class='ocrx_word' id='word_1_96' title='bbox 879 1885 965 1934; x_wconf 88' lang='lat' dir='ltr'>oum</span> <span class='ocrx_word' id='word_1_97' title='bbox 986 1857 1061 1944; x_wconf 86' lang='lat' dir='ltr'>eis,</span> <span class='ocrx_word' id='word_1_98' title='bbox 1084 1858 1113 1937; x_wconf 87' lang='lat' dir='ltr'>si</span> <span class='ocrx_word' id='word_1_99' title='bbox 1134 1857 1268 1948; x_wconf 79' lang='lat' dir='ltr'>vellet3</span> <span class='ocrx_word' id='word_1_100' title='bbox 1287 1857 1355 1936; x_wconf 88' lang='lat' dir='ltr'>sad</span> <span class='ocrx_word' id='word_1_101' title='bbox 1376 1858 1455 1964; x_wconf 84' lang='lat' dir='ltr'>ipse</span> <span class='ocrx_word' id='word_1_102' title='bbox 1470 1885 1664 1964; x_wconf 86' lang='lat' dir='ltr'>nunquam</span> <span class='ocrx_word' id='word_1_103' title='bbox 1687 1858 1790 1948; x_wconf 88' lang='lat' dir='ltr'>lecit,</span> <span class='ocrx_word' id='word_1_104' title='bbox 1811 1878 1852 1936; x_wconf 89' lang='lat' dir='ltr'>ut</span> 
     </span>
     <span class='ocr_line' id='line_1_12' title="bbox 425 1986 530 2062; baseline 0 0"><span class='ocrx_word' id='word_1_105' title='bbox 425 1986 530 2062; x_wconf 84' lang='lat' dir='ltr'>dixit.</span> 
     </span>
    </p>

    <p class='ocr_par' dir='ltr' id='par_1_5' title="bbox 423 2115 1851 2354">
     <span class='ocr_line' id='line_1_13' title="bbox 480 2115 1851 2224; baseline 0.004 -32"><span class='ocrx_word' id='word_1_106' title='bbox 480 2117 575 2194; x_wconf 87' lang='lat' dir='ltr'>Item</span> <span class='ocrx_word' id='word_1_107' title='bbox 592 2115 685 2194; x_wconf 81' lang='lat' dir='ltr'>dixit</span> <span class='ocrx_word' id='word_1_108' title='bbox 701 2117 806 2223; x_wconf 87' lang='lat' dir='ltr'>quod</span> <span class='ocrx_word' id='word_1_109' title='bbox 826 2116 945 2194; x_wconf 91' lang='lat' dir='ltr'>credit</span> <span class='ocrx_word' id='word_1_110' title='bbox 959 2117 1065 2224; x_wconf 90' lang='lat' dir='ltr'>quod</span> <span class='ocrx_word' id='word_1_111' title='bbox 1083 2117 1146 2194; x_wconf 89' lang='lat' dir='ltr'>alii</span> <span class='ocrx_word' id='word_1_112' title='bbox 1170 2115 1301 2194; x_wconf 83' lang='lat' dir='ltr'>fratres</span> <span class='ocrx_word' id='word_1_113' title='bbox 1323 2117 1414 2196; x_wconf 84' lang='lat' dir='ltr'>dicti</span> <span class='ocrx_word' id='word_1_114' title='bbox 1442 2119 1584 2198; x_wconf 88' lang='lat' dir='ltr'>ordinis</span> <span class='ocrx_word' id='word_1_115' title='bbox 1604 2119 1719 2197; x_wconf 92' lang='lat' dir='ltr'>modo</span> <span class='ocrx_word' id='word_1_116' title='bbox 1741 2120 1851 2198; x_wconf 84' lang='lat' dir='ltr'>simili</span> 
     </span>
     <span class='ocr_line' id='line_1_14' title="bbox 423 2247 660 2354; baseline 0.013 -33"><span class='ocrx_word' id='word_1_117' title='bbox 423 2247 660 2354; x_wconf 72' lang='lat' dir='ltr'>recipiantur.</span> 
     </span>
    </p>

    <p class='ocr_par' dir='ltr' id='par_1_6' title="bbox 422 2377 1850 2848">
     <span class='ocr_line' id='line_1_15' title="bbox 478 2377 1850 2485; baseline 0.001 -29"><span class='ocrx_word' id='word_1_118' title='bbox 478 2381 573 2456; x_wconf 86' lang='lat' dir='ltr'>Item</span> <span class='ocrx_word' id='word_1_119' title='bbox 587 2379 680 2454; x_wconf 81' lang='lat' dir='ltr'>dixit</span> <span class='ocrx_word' id='word_1_120' title='bbox 698 2407 766 2484; x_wconf 89' lang='lat' dir='ltr'>per</span> <span class='ocrx_word' id='word_1_121' title='bbox 774 2378 1031 2485; x_wconf 86' lang='lat' dir='ltr'>juramentum</span> <span class='ocrx_word' id='word_1_122' title='bbox 1046 2407 1158 2456; x_wconf 90' lang='lat' dir='ltr'>suum</span> <span class='ocrx_word' id='word_1_123' title='bbox 1175 2377 1280 2484; x_wconf 89' lang='lat' dir='ltr'>quod</span> <span class='ocrx_word' id='word_1_124' title='bbox 1300 2379 1353 2468; x_wconf 82' lang='lat' dir='ltr'>vi,</span> <span class='ocrx_word' id='word_1_125' title='bbox 1371 2379 1429 2456; x_wconf 91' lang='lat' dir='ltr'>vel</span> <span class='ocrx_word' id='word_1_126' title='bbox 1449 2397 1555 2458; x_wconf 89' lang='lat' dir='ltr'>metu</span> <span class='ocrx_word' id='word_1_127' title='bbox 1581 2399 1850 2460; x_wconf 88' lang='lat' dir='ltr'>tormentorum</span> 
     </span>
     <span class='ocr_line' id='line_1_16' title="bbox 422 2509 1850 2616; baseline 0.001 -30"><span class='ocrx_word' id='word_1_128' title='bbox 422 2509 481 2588; x_wconf 85' lang='lat' dir='ltr'>vel</span> <span class='ocrx_word' id='word_1_129' title='bbox 512 2509 600 2588; x_wconf 90' lang='lat' dir='ltr'>alias</span> <span class='ocrx_word' id='word_1_130' title='bbox 628 2537 705 2588; x_wconf 90' lang='lat' dir='ltr'>non</span> <span class='ocrx_word' id='word_1_131' title='bbox 726 2509 817 2586; x_wconf 85' lang='lat' dir='ltr'>dixit</span> <span class='ocrx_word' id='word_1_132' title='bbox 842 2509 947 2586; x_wconf 90' lang='lat' dir='ltr'>eliud</span> <span class='ocrx_word' id='word_1_133' title='bbox 970 2537 1086 2615; x_wconf 90' lang='lat' dir='ltr'>quam</span> <span class='ocrx_word' id='word_1_134' title='bbox 1109 2510 1323 2598; x_wconf 85' lang='lat' dir='ltr'>veritatem,</span> <span class='ocrx_word' id='word_1_135' title='bbox 1352 2539 1422 2588; x_wconf 91' lang='lat' dir='ltr'>nec</span> <span class='ocrx_word' id='word_1_136' title='bbox 1446 2511 1485 2587; x_wconf 91' lang='lat' dir='ltr'>in</span> <span class='ocrx_word' id='word_1_137' title='bbox 1509 2512 1698 2616; x_wconf 87' lang='lat' dir='ltr'>premissis</span> <span class='ocrx_word' id='word_1_138' title='bbox 1726 2513 1850 2589; x_wconf 89' lang='lat' dir='ltr'>immi·</span> 
     </span>
     <span class='ocr_line' id='line_1_17' title="bbox 423 2639 1848 2749; baseline 0.001 -31"><span class='ocrx_word' id='word_1_139' title='bbox 423 2641 519 2718; x_wconf 87' lang='lat' dir='ltr'>seuit</span> <span class='ocrx_word' id='word_1_140' title='bbox 544 2639 710 2748; x_wconf 90' lang='lat' dir='ltr'>aliquam</span> <span class='ocrx_word' id='word_1_141' title='bbox 736 2639 948 2729; x_wconf 84' lang='lat' dir='ltr'>salsitatem,</span> <span class='ocrx_word' id='word_1_142' title='bbox 966 2657 1003 2718; x_wconf 89' lang='lat' dir='ltr'>et</span> <span class='ocrx_word' id='word_1_143' title='bbox 1029 2639 1134 2746; x_wconf 84' lang='lat' dir='ltr'>quod</span> <span class='ocrx_word' id='word_1_144' title='bbox 1151 2667 1295 2716; x_wconf 88' lang='lat' dir='ltr'>meram</span> <span class='ocrx_word' id='word_1_145' title='bbox 1315 2641 1510 2717; x_wconf 89' lang='lat' dir='ltr'>veritatem</span> <span class='ocrx_word' id='word_1_146' title='bbox 1532 2642 1625 2718; x_wconf 90' lang='lat' dir='ltr'>dixit</span> <span class='ocrx_word' id='word_1_147' title='bbox 1643 2670 1711 2749; x_wconf 93' lang='lat' dir='ltr'>pro</span> <span class='ocrx_word' id='word_1_148' title='bbox 1732 2643 1848 2720; x_wconf 84' lang='lat' dir='ltr'>salute</span> 
     </span>
     <span class='ocr_line' id='line_1_18' title="bbox 424 2797 647 2848; baseline 0 -1"><span class='ocrx_word' id='word_1_149' title='bbox 424 2799 548 2848; x_wconf 87' lang='lat' dir='ltr'>amma</span> <span class='ocrx_word' id='word_1_150' title='bbox 568 2797 647 2848; x_wconf 88' lang='lat' dir='ltr'>sue.</span> 
     </span>
    </p>
   </div>
   <div class='ocr_carea' id='block_1_3' title="bbox 420 3029 1849 4056">
    <p class='ocr_par' dir='ltr' id='par_1_7' title="bbox 420 3029 1849 4056">
     <span class='ocr_line' id='line_1_19' title="bbox 479 3029 1849 3124; baseline 0.002 -16"><span class='ocrx_word' id='word_1_151' title='bbox 479 3033 573 3110; x_wconf 86' lang='lat' dir='ltr'>Item</span> <span class='ocrx_word' id='word_1_152' title='bbox 594 3031 708 3109; x_wconf 85' lang='lat' dir='ltr'>ireter</span> <span class='ocrx_word' id='word_1_153' title='bbox 733 3031 976 3110; x_wconf 74' lang='lat' dir='ltr'>Constantius</span> <span class='ocrx_word' id='word_1_154' title='bbox 995 3032 1041 3108; x_wconf 87' lang='lat' dir='ltr'>de</span> <span class='ocrx_word' id='word_1_155' title='bbox 1061 3031 1206 3108; x_wconf 81' lang='lat' dir='ltr'>biriaco</span> <span class='ocrx_word' id='word_1_156' title='bbox 1230 3030 1264 3110; x_wconf 89' lang='lat' dir='ltr'>la</span> <span class='ocrx_word' id='word_1_157' title='bbox 1289 3029 1421 3120; x_wconf 83' lang='lat' dir='ltr'>Ceste,</span> <span class='ocrx_word' id='word_1_158' title='bbox 1443 3059 1592 3110; x_wconf 90' lang='lat' dir='ltr'>morans</span> <span class='ocrx_word' id='word_1_159' title='bbox 1618 3034 1788 3124; x_wconf 85' lang='lat' dir='ltr'>Prurini,</span> <span class='ocrx_word' id='word_1_160' title='bbox 1815 3053 1849 3112; x_wconf 89' lang='lat' dir='ltr'>et</span> 
     </span>
     <span class='ocr_line' id='line_1_20' title="bbox 423 3161 1846 3270; baseline 0.004 -31"><span class='ocrx_word' id='word_1_161' title='bbox 423 3163 594 3241; x_wconf 83' lang='lat' dir='ltr'>venditor</span> <span class='ocrx_word' id='word_1_162' title='bbox 607 3163 778 3240; x_wconf 91' lang='lat' dir='ltr'>vinorum</span> <span class='ocrx_word' id='word_1_163' title='bbox 800 3163 937 3240; x_wconf 90' lang='lat' dir='ltr'>domus</span> <span class='ocrx_word' id='word_1_164' title='bbox 955 3161 1106 3268; x_wconf 88' lang='lat' dir='ltr'>Templi</span> <span class='ocrx_word' id='word_1_165' title='bbox 1125 3161 1213 3239; x_wconf 90' lang='lat' dir='ltr'>dicti</span> <span class='ocrx_word' id='word_1_166' title='bbox 1230 3161 1321 3252; x_wconf 88' lang='lat' dir='ltr'>loci,</span> <span class='ocrx_word' id='word_1_167' title='bbox 1338 3161 1653 3270; x_wconf 86' lang='lat' dir='ltr'>quadragenarius</span> <span class='ocrx_word' id='word_1_168' title='bbox 1667 3164 1727 3242; x_wconf 87' lang='lat' dir='ltr'>vel</span> <span class='ocrx_word' id='word_1_169' title='bbox 1740 3167 1846 3253; x_wconf 83' lang='lat' dir='ltr'>cirea,</span> 
     </span>
     <span class='ocr_line' id='line_1_21' title="bbox 424 3291 1848 3400; baseline 0.001 -30"><span class='ocrx_word' id='word_1_170' title='bbox 424 3294 561 3372; x_wconf 88' lang='lat' dir='ltr'>eodem</span> <span class='ocrx_word' id='word_1_171' title='bbox 580 3292 697 3371; x_wconf 91' lang='lat' dir='ltr'>modo</span> <span class='ocrx_word' id='word_1_172' title='bbox 713 3292 952 3381; x_wconf 83' lang='lat' dir='ltr'>constitutus,</span> <span class='ocrx_word' id='word_1_173' title='bbox 964 3293 1112 3399; x_wconf 88' lang='lat' dir='ltr'>juratus</span> <span class='ocrx_word' id='word_1_174' title='bbox 1128 3309 1165 3369; x_wconf 92' lang='lat' dir='ltr'>et</span> <span class='ocrx_word' id='word_1_175' title='bbox 1175 3292 1395 3399; x_wconf 90' lang='lat' dir='ltr'>requisitus,</span> <span class='ocrx_word' id='word_1_176' title='bbox 1418 3291 1510 3370; x_wconf 90' lang='lat' dir='ltr'>dixit</span> <span class='ocrx_word' id='word_1_177' title='bbox 1520 3321 1589 3400; x_wconf 86' lang='lat' dir='ltr'>per</span> <span class='ocrx_word' id='word_1_178' title='bbox 1596 3295 1848 3400; x_wconf 87' lang='lat' dir='ltr'>juramentum</span> 
     </span>
     <span class='ocr_line' id='line_1_22' title="bbox 421 3422 1848 3532; baseline 0 -30"><span class='ocrx_word' id='word_1_179' title='bbox 421 3453 533 3503; x_wconf 90' lang='lat' dir='ltr'>suum</span> <span class='ocrx_word' id='word_1_180' title='bbox 554 3424 659 3530; x_wconf 89' lang='lat' dir='ltr'>quod</span> <span class='ocrx_word' id='word_1_181' title='bbox 677 3424 774 3502; x_wconf 89' lang='lat' dir='ltr'>bene</span> <span class='ocrx_word' id='word_1_182' title='bbox 794 3440 882 3501; x_wconf 88' lang='lat' dir='ltr'>sunt</span> <span class='ocrx_word' id='word_1_183' title='bbox 894 3450 958 3500; x_wconf 87' lang='lat' dir='ltr'>xru</span> <span class='ocrx_word' id='word_1_184' title='bbox 973 3422 1059 3501; x_wconf 90' lang='lat' dir='ltr'>anni</span> <span class='ocrx_word' id='word_1_185' title='bbox 1075 3423 1133 3499; x_wconf 84' lang='lat' dir='ltr'>val</span> <span class='ocrx_word' id='word_1_186' title='bbox 1154 3423 1248 3500; x_wconf 89' lang='lat' dir='ltr'>eirca</span> <span class='ocrx_word' id='word_1_187' title='bbox 1264 3422 1395 3529; x_wconf 89' lang='lat' dir='ltr'>elapsi,</span> <span class='ocrx_word' id='word_1_188' title='bbox 1412 3422 1517 3530; x_wconf 90' lang='lat' dir='ltr'>quod</span> <span class='ocrx_word' id='word_1_189' title='bbox 1532 3423 1603 3502; x_wconf 88' lang='lat' dir='ltr'>suit</span> <span class='ocrx_word' id='word_1_190' title='bbox 1622 3444 1794 3532; x_wconf 89' lang='lat' dir='ltr'>receptus</span> <span class='ocrx_word' id='word_1_191' title='bbox 1811 3429 1848 3502; x_wconf 91' lang='lat' dir='ltr'>in</span> 
     </span>
     <span class='ocr_line' id='line_1_23' title="bbox 421 3554 1846 3663; baseline 0 -29"><span class='ocrx_word' id='word_1_192' title='bbox 421 3557 536 3638; x_wconf 90' lang='lat' dir='ltr'>domo</span> <span class='ocrx_word' id='word_1_193' title='bbox 564 3555 712 3663; x_wconf 87' lang='lat' dir='ltr'>Templi</span> <span class='ocrx_word' id='word_1_194' title='bbox 735 3555 1012 3645; x_wconf 86' lang='lat' dir='ltr'>Cabilonensis,</span> <span class='ocrx_word' id='word_1_195' title='bbox 1039 3583 1108 3662; x_wconf 87' lang='lat' dir='ltr'>per</span> <span class='ocrx_word' id='word_1_196' title='bbox 1130 3554 1282 3632; x_wconf 84' lang='lat' dir='ltr'>fratrem</span> <span class='ocrx_word' id='word_1_197' title='bbox 1310 3555 1487 3634; x_wconf 80' lang='lat' dir='ltr'>Odorem</span> <span class='ocrx_word' id='word_1_198' title='bbox 1519 3555 1566 3634; x_wconf 89' lang='lat' dir='ltr'>de</span> <span class='ocrx_word' id='word_1_199' title='bbox 1595 3556 1725 3636; x_wconf 84' lang='lat' dir='ltr'>Castro</span> <span class='ocrx_word' id='word_1_200' title='bbox 1750 3558 1846 3636; x_wconf 82' lang='lat' dir='ltr'>Novo</span> 
     </span>
     <span class='ocr_line' id='line_1_24' title="bbox 420 3685 1845 3795; baseline 0 -29"><span class='ocrx_word' id='word_1_201' title='bbox 420 3705 681 3795; x_wconf 82' lang='lat' dir='ltr'>preceptorem</span> <span class='ocrx_word' id='word_1_202' title='bbox 704 3686 852 3766; x_wconf 89' lang='lat' dir='ltr'>ballivie</span> <span class='ocrx_word' id='word_1_203' title='bbox 878 3685 1155 3775; x_wconf 75' lang='lat' dir='ltr'>cabilonensis,</span> <span class='ocrx_word' id='word_1_204' title='bbox 1183 3685 1421 3793; x_wconf 81' lang='lat' dir='ltr'>presentibus</span> <span class='ocrx_word' id='word_1_205' title='bbox 1444 3685 1621 3766; x_wconf 80' lang='lat' dir='ltr'>fratribus</span> <span class='ocrx_word' id='word_1_206' title='bbox 1647 3687 1845 3767; x_wconf 88' lang='lat' dir='ltr'>Guillelmo</span> 
     </span>
     <span class='ocr_line' id='line_1_25' title="bbox 421 3815 1846 3928; baseline -0.001 -32"><span class='ocrx_word' id='word_1_207' title='bbox 421 3821 675 3926; x_wconf 86' lang='lat' dir='ltr'>dispensatore</span> <span class='ocrx_word' id='word_1_208' title='bbox 689 3835 781 3895; x_wconf 90' lang='lat' dir='ltr'>tunc</span> <span class='ocrx_word' id='word_1_209' title='bbox 798 3815 999 3923; x_wconf 86' lang='lat' dir='ltr'>temporis,</span> <span class='ocrx_word' id='word_1_210' title='bbox 1018 3833 1056 3894; x_wconf 88' lang='lat' dir='ltr'>et</span> <span class='ocrx_word' id='word_1_211' title='bbox 1076 3815 1268 3921; x_wconf 86' lang='lat' dir='ltr'>Stephano</span> <span class='ocrx_word' id='word_1_212' title='bbox 1288 3815 1337 3892; x_wconf 90' lang='lat' dir='ltr'>de</span> <span class='ocrx_word' id='word_1_213' title='bbox 1352 3817 1462 3894; x_wconf 89' lang='lat' dir='ltr'>Buris</span> <span class='ocrx_word' id='word_1_214' title='bbox 1477 3817 1651 3928; x_wconf 86' lang='lat' dir='ltr'>bergerio</span> <span class='ocrx_word' id='word_1_215' title='bbox 1668 3818 1766 3896; x_wconf 89' lang='lat' dir='ltr'>dicte</span> <span class='ocrx_word' id='word_1_216' title='bbox 1787 3819 1846 3895; x_wconf 91' lang='lat' dir='ltr'>do-</span> 
     </span>
     <span class='ocr_line' id='line_1_26' title="bbox 421 3947 1535 4056; baseline -0.001 -30"><span class='ocrx_word' id='word_1_217' title='bbox 421 3977 523 4040; x_wconf 84' lang='lat' dir='ltr'>mus,</span> <span class='ocrx_word' id='word_1_218' title='bbox 541 3951 624 4056; x_wconf 86' lang='lat' dir='ltr'>qui,</span> <span class='ocrx_word' id='word_1_219' title='bbox 643 3965 687 4026; x_wconf 91' lang='lat' dir='ltr'>ut</span> <span class='ocrx_word' id='word_1_220' title='bbox 701 3948 840 4036; x_wconf 85' lang='lat' dir='ltr'>credit,</span> <span class='ocrx_word' id='word_1_221' title='bbox 862 3964 949 4026; x_wconf 90' lang='lat' dir='ltr'>sunt</span> <span class='ocrx_word' id='word_1_222' title='bbox 967 3948 1125 4034; x_wconf 82' lang='lat' dir='ltr'>mortui,</span> <span class='ocrx_word' id='word_1_223' title='bbox 1143 3963 1182 4023; x_wconf 91' lang='lat' dir='ltr'>et</span> <span class='ocrx_word' id='word_1_224' title='bbox 1200 3947 1429 4054; x_wconf 88' lang='lat' dir='ltr'>quibusdam</span> <span class='ocrx_word' id='word_1_225' title='bbox 1441 3947 1535 4026; x_wconf 90' lang='lat' dir='ltr'>aliis.</span> 
     </span>
    </p>
   </div>
   <div class='ocr_carea' id='block_1_4' title="bbox 477 4077 1937 4186">
    <p class='ocr_par' dir='ltr' id='par_1_8' title="bbox 477 4077 1937 4186">
     <span class='ocr_line' id='line_1_27' title="bbox 477 4077 1937 4186; baseline -0.001 -30"><span class='ocrx_word' id='word_1_226' title='bbox 477 4083 572 4156; x_wconf 89' lang='lat' dir='ltr'>Item</span> <span class='ocrx_word' id='word_1_227' title='bbox 598 4079 691 4156; x_wconf 86' lang='lat' dir='ltr'>dixit</span> <span class='ocrx_word' id='word_1_228' title='bbox 714 4106 783 4185; x_wconf 88' lang='lat' dir='ltr'>per</span> <span class='ocrx_word' id='word_1_229' title='bbox 803 4077 1061 4185; x_wconf 89' lang='lat' dir='ltr'>juramentum</span> <span class='ocrx_word' id='word_1_230' title='bbox 1087 4105 1198 4154; x_wconf 86' lang='lat' dir='ltr'>suum</span> <span class='ocrx_word' id='word_1_231' title='bbox 1224 4078 1344 4184; x_wconf 89' lang='lat' dir='ltr'>quod,</span> <span class='ocrx_word' id='word_1_232' title='bbox 1373 4104 1418 4155; x_wconf 89' lang='lat' dir='ltr'>eo</span> <span class='ocrx_word' id='word_1_233' title='bbox 1443 4095 1612 4185; x_wconf 88' lang='lat' dir='ltr'>recepto,</span> <span class='ocrx_word' id='word_1_234' title='bbox 1631 4080 1845 4186; x_wconf 89' lang='lat' dir='ltr'>juramento</span> <span class='ocrx_word' id='word_1_235' title='bbox 1928 4095 1937 4108; x_wconf 92' lang='grc'>·</span> 
     </span>
    </p>
   </div>
   <div class='ocr_carea' id='block_1_5' title="bbox 419 4206 1847 4972">
    <p class='ocr_par' dir='ltr' id='par_1_9' title="bbox 419 4206 1847 4972">
     <span class='ocr_line' id='line_1_28' title="bbox 422 4206 1847 4316; baseline -0.002 -29"><span class='ocrx_word' id='word_1_236' title='bbox 422 4209 577 4316; x_wconf 89' lang='lat' dir='ltr'>prestito</span> <span class='ocrx_word' id='word_1_237' title='bbox 595 4207 642 4286; x_wconf 92' lang='lat' dir='ltr'>ab</span> <span class='ocrx_word' id='word_1_238' title='bbox 660 4209 794 4286; x_wconf 90' lang='lat' dir='ltr'>eodem</span> <span class='ocrx_word' id='word_1_239' title='bbox 811 4206 858 4285; x_wconf 87' lang='lat' dir='ltr'>de</span> <span class='ocrx_word' id='word_1_240' title='bbox 878 4207 1023 4284; x_wconf 86' lang='lat' dir='ltr'>statutis</span> <span class='ocrx_word' id='word_1_241' title='bbox 1040 4223 1078 4284; x_wconf 91' lang='lat' dir='ltr'>et</span> <span class='ocrx_word' id='word_1_242' title='bbox 1096 4209 1247 4286; x_wconf 75' lang='lat' dir='ltr'>secretis</span> <span class='ocrx_word' id='word_1_243' title='bbox 1264 4208 1407 4286; x_wconf 90' lang='lat' dir='ltr'>ordinis</span> <span class='ocrx_word' id='word_1_244' title='bbox 1421 4209 1683 4300; x_wconf 79' lang='lat' dir='ltr'>observandis,</span> <span class='ocrx_word' id='word_1_245' title='bbox 1700 4227 1739 4289; x_wconf 89' lang='lat' dir='ltr'>at</span> <span class='ocrx_word' id='word_1_246' title='bbox 1752 4235 1847 4286; x_wconf 88' lang='lat' dir='ltr'>man·</span> 
     </span>
     <span class='ocr_line' id='line_1_29' title="bbox 420 4337 1844 4448; baseline -0.001 -29"><span class='ocrx_word' id='word_1_247' title='bbox 420 4339 510 4419; x_wconf 88' lang='lat' dir='ltr'>tello</span> <span class='ocrx_word' id='word_1_248' title='bbox 526 4339 598 4418; x_wconf 92' lang='lat' dir='ltr'>sibi</span> <span class='ocrx_word' id='word_1_249' title='bbox 619 4339 667 4416; x_wconf 91' lang='lat' dir='ltr'>ad</span> <span class='ocrx_word' id='word_1_250' title='bbox 683 4337 824 4417; x_wconf 88' lang='lat' dir='ltr'>collum</span> <span class='ocrx_word' id='word_1_251' title='bbox 838 4339 978 4446; x_wconf 73' lang='lat' dir='ltr'>posito,</span> <span class='ocrx_word' id='word_1_252' title='bbox 996 4338 1181 4446; x_wconf 89' lang='lat' dir='ltr'>recipiens</span> <span class='ocrx_word' id='word_1_253' title='bbox 1201 4340 1367 4418; x_wconf 86' lang='lat' dir='ltr'>ostendit</span> <span class='ocrx_word' id='word_1_254' title='bbox 1389 4341 1459 4419; x_wconf 90' lang='lat' dir='ltr'>sibi</span> <span class='ocrx_word' id='word_1_255' title='bbox 1480 4340 1680 4448; x_wconf 86' lang='lat' dir='ltr'>quamdam</span> <span class='ocrx_word' id='word_1_256' title='bbox 1700 4367 1844 4418; x_wconf 89' lang='lat' dir='ltr'>crucem</span> 
     </span>
     <span class='ocr_line' id='line_1_30' title="bbox 420 4468 1845 4580; baseline -0.001 -30"><span class='ocrx_word' id='word_1_257' title='bbox 420 4488 633 4580; x_wconf 85' lang='lat' dir='ltr'>argenteam</span> <span class='ocrx_word' id='word_1_258' title='bbox 647 4499 734 4548; x_wconf 86' lang='lat' dir='ltr'>curn</span> <span class='ocrx_word' id='word_1_259' title='bbox 744 4471 914 4578; x_wconf 82' lang='lat' dir='ltr'>ymagine</span> <span class='ocrx_word' id='word_1_260' title='bbox 930 4468 1109 4560; x_wconf 83' lang='lat' dir='ltr'>crucifixi,</span> <span class='ocrx_word' id='word_1_261' title='bbox 1127 4470 1338 4578; x_wconf 88' lang='lat' dir='ltr'>precipiens</span> <span class='ocrx_word' id='word_1_262' title='bbox 1346 4471 1417 4548; x_wconf 92' lang='lat' dir='ltr'>sibi</span> <span class='ocrx_word' id='word_1_263' title='bbox 1433 4469 1537 4578; x_wconf 89' lang='lat' dir='ltr'>quod</span> <span class='ocrx_word' id='word_1_264' title='bbox 1546 4471 1752 4580; x_wconf 83' lang='lat' dir='ltr'>abnegaret</span> <span class='ocrx_word' id='word_1_265' title='bbox 1762 4499 1845 4548; x_wconf 89' lang='lat' dir='ltr'>eum</span> 
     </span>
     <span class='ocr_line' id='line_1_31' title="bbox 420 4601 1844 4713; baseline -0.004 -33"><span class='ocrx_word' id='word_1_266' title='bbox 420 4604 527 4712; x_wconf 80' lang='lat' dir='ltr'>cujus</span> <span class='ocrx_word' id='word_1_267' title='bbox 542 4629 674 4713; x_wconf 79' lang='lat' dir='ltr'>ymago</span> <span class='ocrx_word' id='word_1_268' title='bbox 688 4620 767 4680; x_wconf 90' lang='lat' dir='ltr'>erat</span> <span class='ocrx_word' id='word_1_269' title='bbox 781 4601 834 4678; x_wconf 92' lang='lat' dir='ltr'>ibi</span> <span class='ocrx_word' id='word_1_270' title='bbox 853 4620 923 4689; x_wconf 89' lang='lat' dir='ltr'>ter,</span> <span class='ocrx_word' id='word_1_271' title='bbox 941 4617 978 4678; x_wconf 90' lang='lat' dir='ltr'>et</span> <span class='ocrx_word' id='word_1_272' title='bbox 989 4617 1048 4678; x_wconf 91' lang='lat' dir='ltr'>ter</span> <span class='ocrx_word' id='word_1_273' title='bbox 1065 4619 1216 4707; x_wconf 88' lang='lat' dir='ltr'>spueret</span> <span class='ocrx_word' id='word_1_274' title='bbox 1230 4629 1341 4708; x_wconf 89' lang='lat' dir='ltr'>supra</span> <span class='ocrx_word' id='word_1_275' title='bbox 1358 4629 1461 4692; x_wconf 85' lang='lat' dir='ltr'>eam;</span> <span class='ocrx_word' id='word_1_276' title='bbox 1480 4619 1518 4678; x_wconf 92' lang='lat' dir='ltr'>et</span> <span class='ocrx_word' id='word_1_277' title='bbox 1536 4631 1620 4682; x_wconf 89' lang='lat' dir='ltr'>eum</span> <span class='ocrx_word' id='word_1_278' title='bbox 1637 4603 1711 4680; x_wconf 91' lang='lat' dir='ltr'>boc</span> <span class='ocrx_word' id='word_1_279' title='bbox 1727 4602 1844 4679; x_wconf 87' lang='lat' dir='ltr'>facere</span> 
     </span>
     <span class='ocr_line' id='line_1_32' title="bbox 419 4731 1845 4842; baseline -0.003 -30"><span class='ocrx_word' id='word_1_280' title='bbox 419 4752 626 4824; x_wconf 87' lang='lat' dir='ltr'>recusaret,</span> <span class='ocrx_word' id='word_1_281' title='bbox 649 4734 832 4841; x_wconf 86' lang='lat' dir='ltr'>recipiens</span> <span class='ocrx_word' id='word_1_282' title='bbox 843 4749 882 4810; x_wconf 90' lang='lat' dir='ltr'>et</span> <span class='ocrx_word' id='word_1_283' title='bbox 896 4731 956 4810; x_wconf 87' lang='lat' dir='ltr'>alii</span> <span class='ocrx_word' id='word_1_284' title='bbox 974 4732 1105 4812; x_wconf 84' lang='lat' dir='ltr'>fratres</span> <span class='ocrx_word' id='word_1_285' title='bbox 1125 4751 1347 4838; x_wconf 87' lang='lat' dir='ltr'>acceperunt</span> <span class='ocrx_word' id='word_1_286' title='bbox 1367 4762 1455 4812; x_wconf 91' lang='lat' dir='ltr'>eum</span> <span class='ocrx_word' id='word_1_287' title='bbox 1471 4762 1540 4840; x_wconf 88' lang='lat' dir='ltr'>per</span> <span class='ocrx_word' id='word_1_288' title='bbox 1559 4751 1670 4842; x_wconf 91' lang='lat' dir='ltr'>caput</span> <span class='ocrx_word' id='word_1_289' title='bbox 1689 4761 1757 4840; x_wconf 91' lang='lat' dir='ltr'>per</span> <span class='ocrx_word' id='word_1_290' title='bbox 1772 4759 1845 4810; x_wconf 91' lang='lat' dir='ltr'>sca-</span> 
     </span>
     <span class='ocr_line' id='line_1_33' title="bbox 419 4864 1844 4972; baseline -0.005 -28"><span class='ocrx_word' id='word_1_291' title='bbox 419 4865 541 4972; x_wconf 85' lang='lat' dir='ltr'>pulas,</span> <span class='ocrx_word' id='word_1_292' title='bbox 565 4864 703 4944; x_wconf 89' lang='lat' dir='ltr'>etalibi</span> <span class='ocrx_word' id='word_1_293' title='bbox 724 4893 792 4971; x_wconf 90' lang='lat' dir='ltr'>per</span> <span class='ocrx_word' id='word_1_294' title='bbox 814 4891 967 4968; x_wconf 87' lang='lat' dir='ltr'>eorpus,</span> <span class='ocrx_word' id='word_1_295' title='bbox 989 4882 1027 4941; x_wconf 91' lang='lat' dir='ltr'>et</span> <span class='ocrx_word' id='word_1_296' title='bbox 1041 4864 1304 4970; x_wconf 85' lang='lat' dir='ltr'>compulerunt</span> <span class='ocrx_word' id='word_1_297' title='bbox 1317 4893 1403 4942; x_wconf 91' lang='lat' dir='ltr'>eum</span> <span class='ocrx_word' id='word_1_298' title='bbox 1419 4893 1553 4970; x_wconf 88' lang='lat' dir='ltr'>spuere</span> <span class='ocrx_word' id='word_1_299' title='bbox 1571 4891 1682 4971; x_wconf 88' lang='lat' dir='ltr'>supra</span> <span class='ocrx_word' id='word_1_300' title='bbox 1700 4888 1844 4941; x_wconf 89' lang='lat' dir='ltr'>crucam</span> 
     </span>
    </p>
   </div>
   <div class='ocr_carea' id='block_1_6' title="bbox 1958 179 2063 1572">
    <p class='ocr_par' dir='ltr' id='par_1_10' title="bbox 1958 179 2063 2058">
     <span class='ocr_line' id='line_1_34' title="bbox 2062 179 2063 188; baseline 0 0"><span class='ocrx_word' id='word_1_301' title='bbox 2062 179 2063 188; x_wconf 49' lang='lat' dir='ltr'>r</span> 
     </span>
     <span class='ocr_line' id='line_1_35' title="bbox 1958 707 1962 716; baseline 0 538"><span class='ocrx_word' id='word_1_302' title='bbox 1958 707 1962 716; x_wconf 38' lang='lat' dir='ltr'>i</span> 
     </span>
     <span class='ocr_line' id='line_1_36' title="bbox 1983 1563 1986 1572; baseline 0 486"><span class='ocrx_word' id='word_1_303' title='bbox 1983 1563 1986 1572; x_wconf 39' lang='lat' dir='ltr'>i</span> 
     </span>
    </p>
   </div>
   <div class='ocr_carea' id='block_1_7' title="bbox 0 0 2126 5890">
    <p class='ocr_par' dir='ltr' id='par_1_11' title="bbox 0 0 2126 5890">
     <span class='ocr_line' id='line_1_37' title="bbox 0 0 2126 5890; baseline 0 4"><span class='ocrx_word' id='word_1_304' title='bbox 0 0 2126 5890; x_wconf 95' lang='lat' dir='ltr'> </span> 
     </span>
    </p>
   </div>
  </div>
 </body>
</html>
