4320 5898
435 545 484 615 so
821 507 1018 603 proces
1044 525 1139 597 nas
1165 521 1465 596 TEMPLIERs

433 680 531 757 stine
546 670 837 780 recipiebantur,
858 666 975 746 nullis
994 663 1231 774 presentibus
1245 663 1317 742 nisi
1332 659 1511 738 fratribus
1527 656 1684 736 ordinis.
1704 657 1854 738 Cordu-

433 811 481 890 lis
500 808 603 886 unde
618 801 796 882 volebant
810 798 1010 906 assumptis
1029 794 1278 902 cingebantur
1295 820 1410 900 super
1428 789 1595 867 camisias
1613 817 1700 867 oum
1715 789 1855 897 quibus

430 939 614 1048 jacebant
634 929 1033 1043 lnjungebatureisne
1049 925 1203 1032 illisqui
1220 943 1301 1002 non
1312 931 1420 1001 erant
1433 921 1481 998 de
1497 919 1631 1000 ordine
1648 918 1856 998 revelarent

434 1086 577 1148 secreta
597 1063 850 1173 capitulorum
869 1089 940 1138 neo
958 1057 1117 1136 modum
1144 1053 1374 1162 recepeionis
1400 1077 1549 1140 eorum,
1581 1066 1620 1126 et
1646 1049 1765 1126 curati
1793 1075 1857 1126 eo-

436 1227 521 1276 rum
542 1179 719 1274 dicebant
737 1193 844 1302 quod
861 1219 940 1268 non
960 1201 1136 1294 poterant
1153 1184 1236 1262 aliis
1254 1184 1397 1290 absque
1417 1207 1551 1259 eorum
1571 1177 1728 1256 licencia
1746 1175 1858 1257 confi·

434 1327 526 1418 teri3
557 1327 631 1402 hoc
654 1341 781 1400 tamen
807 1349 886 1399 non
910 1317 1116 1398 servabant.
1144 1315 1256 1406 Item,
1283 1311 1377 1390 dixit
1403 1311 1453 1390 de
1476 1308 1617 1388 illicitis
1640 1305 1858 1387 consessatis

436 1482 618 1563 pereum
646 1450 768 1529 fuerat
794 1448 989 1528 coufessus
1010 1447 1112 1524 dioto
1135 1444 1240 1522 fratri
1259 1442 1425 1522 lloberto
1452 1441 1502 1518 de
1527 1439 1665 1518 Sancto
1689 1438 1797 1516 lusto
1822 1453 1861 1514 et

436 1585 519 1662 aliis
546 1581 804 1660 sacerdotibus
825 1579 969 1659 ordinis
994 1594 1032 1655 et
1050 1575 1247 1654 absolutus
1271 1572 1318 1652 ab
1346 1572 1432 1651 hiis.
1453 1572 1600 1649 Fratres
1619 1568 1780 1647 seientes
1800 1594 1860 1644 er·

436 1741 542 1793 rores
559 1712 714 1790 fuerunt
733 1709 969 1819 negligentes
993 1707 1083 1814 quia
1108 1733 1186 1784 non
1213 1680 1455 1782 correxerunt
1473 1728 1539 1779 eos
1565 1727 1636 1780 neo
1655 1697 1861 1776 denuncia-

438 1859 573 1921 verunt
589 1841 770 1920 Emlesie.
782 1839 1016 1918 Elemosinas
1029 1853 1068 1914 et
1078 1833 1374 1941 hospitalitatem
1387 1832 1482 1910 vidit
1496 1829 1762 1908 convenienter
1777 1825 1861 1906 fieri

439 1990 478 2050 et
496 1972 633 2051 servari
651 1972 693 2047 in
714 1969 890 2048 domibus
909 1967 1054 2046 ordinis
1068 1967 1109 2043 in
1120 1965 1262 2073 quibus
1274 1962 1394 2041 extitit
1406 1977 1662 2040 commoratus
1678 1975 1768 2038 ante
1779 1959 1861 2067 ejus

440 2101 702 2206 recepcionem
728 2115 884 2205 etpost,
913 2115 951 2174 et
974 2097 1049 2174 hoc
1068 2096 1122 2174 eis
1140 2092 1420 2201 precipiebatur
1437 2119 1508 2198 per
1526 2090 1740 2198 superiores
1758 2117 1858 2169 suos.

439 2230 620 2308 Ordinata
639 2257 708 2334 per
726 2227 948 2336 Magistrum
966 2255 1054 2304 oum
1075 2241 1262 2303 conventu
1281 2240 1462 2302 servasset
1479 2237 1583 2300 totus
1603 2221 1716 2310 ordo,
1733 2234 1862 2296 contra

439 2387 556 2467 quem
580 2387 681 2436 nuno
704 2358 860 2466 grandia
888 2355 1088 2447 scandala,
1103 2354 1268 2461 suspicio
1288 2371 1329 2431 et
1345 2351 1500 2430 iufamia
1517 2366 1676 2458 propter
1696 2347 1863 2454 predicta

439 2506 529 2566 sunt
552 2504 690 2566 exorta.
716 2487 849 2566 Credit
873 2486 978 2592 quod
1002 2485 1207 2564 coufessata
1230 2510 1406 2589 pereum
1428 2497 1554 2560 essent
1576 2495 1664 2558 nota
1688 2477 1863 2585 pluribus

438 2614 618 2693 fratribus
638 2615 799 2707 ordinis,
820 2615 869 2692 ad
889 2615 997 2721 cujus
1019 2612 1292 2691 deffensionem
1314 2609 1597 2717 cumpluribus
1621 2609 1705 2688 aliis
1728 2635 1768 2686 se
1793 2607 1862 2686 ob·

440 2743 591 2822 tulerat.

497 2872 712 2978 Requisitus
726 2873 757 2948 si
771 2873 823 2950 sic
833 2872 1060 2980 deposuerat
1073 2899 1200 2978 prece,
1216 2888 1415 2977 precepto,
1425 2871 1580 2962 timore,
1592 2895 1738 2956 amore,
1751 2868 1857 2954 odio,

439 3001 498 3080 vel
516 3001 714 3109 temporali
739 3001 901 3080 comodo
929 3001 1059 3078 habito
1090 2998 1147 3076 vel
1176 2999 1374 3086 habendo,
1406 2997 1604 3105 respoudit
1631 2997 1739 3105 quod
1766 3023 1859 3086 nou,

438 3131 507 3210 sed
524 3157 595 3236 pro
614 3131 766 3207 teritate
796 3130 976 3220 dicenda;
1004 3131 1064 3206 cui
1093 3128 1165 3204 fuit
1193 3129 1407 3235 injunctum
1435 3127 1543 3234 quod
1571 3155 1650 3205 non
1679 3125 1863 3204 revelaret

442 3261 539 3336 hanc
558 3287 666 3339 suam
676 3259 976 3365 deposicionem,
1003 3285 1202 3365 quousque
1223 3258 1482 3336 attesteciones
1501 3257 1643 3336 luerint
1661 3257 1860 3364 publicata.

496 3389 588 3466 Acta
601 3387 756 3466 luerunt
774 3389 845 3466 beo
863 3389 926 3465 die
946 3405 985 3465 et
1003 3385 1088 3464 loco
1107 3386 1303 3493 predictis,
1317 3387 1556 3492 presentibus
1570 3388 1749 3496 magistro
1764 3385 1863 3464 tmi-

443 3519 515 3606 sio,
541 3545 603 3594 me
628 3516 882 3596 Floriamonte
909 3515 1125 3604 Doadedei,
1154 3531 1191 3594 et
1218 3514 1301 3593 aliis
1327 3515 1484 3594 notariis
1508 3545 1620 3624 supra
1640 3516 1777 3595 ultimo
1796 3543 1864 3598 noe

443 3663 605 3724 minatis.

499 3910 589 3984 Post
616 3907 704 3993 hec,
737 3907 799 3984 die
827 3907 927 3985 lovis
954 3905 1143 4010 sequenti,
1174 3935 1249 4013 que
1277 3905 1348 3984 luit
1376 3931 1466 3985 avus
1494 3905 1577 3984 dies
1605 3903 1695 4000 dieti
1727 3904 1865 3984 mensis

444 4035 593 4126 Marcii,
619 4034 692 4112 fuit
717 4035 903 4114 adductus
928 4037 975 4114 ad
999 4036 1230 4142 presenciam
1252 4036 1473 4115 eorumdem
1494 4033 1738 4115 donrinorum
1762 4063 1866 4115 oom-

445 4164 717 4256 misteriorum,
739 4165 778 4241 in
799 4165 897 4244 dicta
917 4167 1033 4244 domo
1053 4164 1211 4246 fratrum
1236 4167 1447 4256 Minorem,
1468 4163 1583 4244 frater
1600 4163 1799 4272 Philippus
1818 4165 1865 4242 de

444 4293 573 4372 Manui
586 4293 766 4388 serviens,
787 4297 1012 4376 Morinensis
1031 4295 1206 4385 diocesis,
1219 4297 1327 4375 testis
1338 4325 1451 4403 supra
1459 4295 1626 4403 juratus,
1643 4312 1688 4373 ut
1702 4294 1867 4403 depone·

444 4441 503 4501 ret
523 4422 666 4502 dicam
686 4453 818 4518 suum,
839 4425 992 4534 triginta
1011 4453 1198 4504 annorum
1214 4425 1274 4506 vel
1300 4427 1414 4517 circa,
1440 4427 1508 4534 qui
1525 4425 1735 4505 voluntarie
1762 4451 1867 4502 man·

445 4551 581 4632 tellum
602 4552 796 4633 dimiserat
815 4573 852 4633 et
871 4556 952 4633 radi
970 4555 1109 4635 fecerat
1127 4557 1199 4635 sibi
1218 4555 1396 4647 barbam,
1423 4585 1511 4634 cum
1536 4583 1614 4664 quo
1642 4555 1866 4664 inquisitum

443 4682 584 4772 fuerat,
606 4684 802 4764 absolutus
822 4703 860 4774 et
877 4687 1139 4767 reconciliatus
1157 4716 1228 4795 per
1247 4688 1447 4767 dominum
1463 4688 1787 4796 archiepiscopum
1802 4687 1868 4764 Re·

442 4841 612 4894 meusem
632 4816 673 4893 in
695 4815 857 4896 concilio
877 4819 1063 4897 Rememi.
1092 4818 1216 4898 Lectis
1239 4837 1368 4938 autem
1397 4836 1436 4897 et
1462 4819 1666 4930 diligenter
1689 4815 1866 4926 expositis
