4486 5890
440 493 508 566 160
827 469 1020 564 raocns
1045 492 1137 565 ons
1163 490 1464 570 ratramnus.

431 630 672 721 lluthicinio;
699 630 870 737 plurium
895 631 1180 740 recepcionibus
1199 661 1238 710 se
1264 611 1504 716 nonrecolit
1531 633 1708 713 adfuisse.
1744 629 1855 722 Item,

433 761 526 841 dixit
549 789 588 839 se
609 761 763 840 credere
784 764 890 868 quod
908 762 1041 842 fratres
1070 764 1214 842 ordinis
1244 765 1444 844 crederent
1470 766 1710 845 sacramentis
1743 767 1858 846 accle-

432 892 604 982 siasticis,
626 892 767 1000 quibus
799 895 878 1001 ipse
910 895 1106 988 credebat,
1138 911 1177 973 et
1208 896 1313 1002 quod
1334 925 1468 974 eorum
1495 897 1708 974 sacerdotes
1730 896 1858 978 debite

432 1022 675 1101 celebrarent.
697 1027 938 1132 Preceptores
963 1027 1047 1104 laici
1076 1026 1321 1104 remittebant
1349 1027 1492 1134 aliquas
1519 1027 1665 1105 ordinis
1692 1027 1858 1136 discipli-

431 1180 517 1244 nas,
541 1166 579 1231 et
603 1155 815 1233 sacerdotes
847 1153 1089 1233 absolvebant
1114 1183 1179 1233 eos
1209 1185 1230 1232 a
1261 1157 1435 1264 peccatis.
1466 1156 1647 1235 iurabant
1681 1157 1856 1236 ordinem

431 1311 508 1362 non
529 1285 647 1376 exire3
675 1286 801 1364 statim
832 1314 902 1393 pro
933 1285 1111 1394 professis
1140 1285 1389 1363 habebantur.
1425 1285 1669 1365 Clandastine
1699 1287 1856 1394 recipie-

427 1413 577 1506 bantur,
603 1413 708 1521 quod
734 1414 804 1521 ipsi
824 1413 910 1492 testi
930 1431 968 1490 et
983 1413 1159 1520 pluribus
1178 1413 1242 1491 alii
1269 1415 1488 1522 presbiteris
1505 1416 1652 1495 ordinis
1678 1416 1854 1524 displice-

343 1574 346 1582 ·
428 1543 507 1632 bat,
535 1573 579 1623 ex
600 1573 677 1652 quo
697 1544 819 1622 credit
840 1543 947 1652 quod
969 1561 1067 1623 esset
1089 1545 1252 1650 suspicio
1272 1564 1402 1624 contra
1422 1573 1498 1626 eos.
1519 1547 1563 1626 ln
1579 1546 1731 1654 signum
1750 1548 1857 1626 casti-

428 1675 512 1752 tatis
529 1692 567 1752 ct
583 1675 797 1754 devocionis
813 1672 1071 1783 cingebantur,
1089 1703 1204 1782 super
1223 1675 1393 1754 camisias
1410 1705 1498 1754 cum
1512 1675 1651 1784 quibus
1660 1676 1853 1784 jacebant,

429 1803 595 1882 cordulis
615 1805 775 1911 sumptis
799 1804 902 1883 unde
920 1804 1107 1884 volebant.
1126 1805 1398 1914 lnjungebatur
1417 1807 1471 1885 eis
1489 1835 1558 1914 per
1580 1825 1853 1886 sacramentum

429 1961 477 2011 ne
496 1933 707 2012 revelarent
725 1951 865 2012 secreta
892 1935 1163 2040 capitulorum,
1186 1934 1234 2012 de
1254 1937 1370 2013 modo
1393 1937 1626 2042 recepcionis
1645 1937 1684 2012 in
1702 1937 1853 2043 speciali

428 2091 506 2141 non
523 2063 650 2142 habita
674 2065 886 2142 mensione.
916 2065 993 2158 Qui
1013 2063 1239 2142 revelassent
1266 2065 1323 2143 vel
1342 2067 1510 2172 predicta
1528 2066 1658 2144 illicite
1675 2095 1744 2174 per
1764 2095 1853 2146 cum

428 2193 634 2272 consessata
663 2192 784 2272 lacere
803 2209 1056 2280 recusassent,
1078 2192 1199 2271 credit
1223 2195 1329 2301 quod
1353 2196 1513 2302 graviter
1537 2196 1660 2302 puniti
1680 2194 1851 2276 fuissem.

427 2323 697 2434 lnjungebatur
724 2325 779 2402 eis
797 2324 904 2431 quod
921 2324 1062 2430 absque
1073 2397 1076 2403 ,
1087 2322 1243 2402 licencia
1263 2353 1341 2403 non
1356 2323 1627 2404 confiterentur
1641 2325 1723 2404 aliis
1737 2355 1852 2434 quam

426 2457 683 2535 sacerdotibus
711 2455 868 2534 ordinis.
894 2456 1040 2534 Fratres
1057 2454 1198 2561 quibus
1226 2455 1348 2534 credit
1370 2472 1459 2534 nota
1484 2454 1599 2536 fuisse
1615 2455 1745 2536 illicita
1763 2485 1854 2536 con·

425 2587 558 2665 lassata
577 2613 645 2693 per
664 2614 753 2663 cum
781 2584 937 2664 fuerunt
964 2584 1220 2694 negligentes,
1241 2585 1428 2692 quianon
1448 2604 1692 2666 correxerunt
1711 2615 1754 2666 ea
1782 2615 1854 2666 nec

425 2716 747 2795 denunciaverunt
787 2716 963 2794 Ecclesia.
998 2717 1041 2793 ln
1081 2715 1260 2796 domibus
1294 2716 1453 2806 ordinis,
1481 2716 1520 2795 in
1557 2716 1699 2825 quibus
1733 2717 1854 2801 extitit

427 2863 700 2937 commoratus,
731 2845 826 2922 vidit
854 2845 1079 2925 elemosinas
1109 2862 1147 2924 et
1174 2845 1468 2954 hospitalitatem
1489 2847 1753 2927 convenienter
1769 2847 1852 2926 fieri

425 2995 464 3054 et
479 2977 631 3070 servari,
650 2993 687 3054 ct
714 2977 857 3055 audivit
874 2976 949 3054 dici
970 2976 1076 3082 quod
1105 2977 1201 3054 clam
1227 3005 1362 3056 eorum
1381 2976 1570 3082 generalia
1588 2976 1765 3084 capitulia
1783 2977 1852 3055 ali·

425 3107 577 3213 quando
596 3107 824 3184 tenebantur
840 3106 889 3183 de
909 3109 1036 3194 nocte,
1057 3121 1143 3211 post
1156 3103 1296 3182 facturn
1316 3131 1549 3191 sermonem,
1565 3099 1682 3179 nullis
1700 3127 1854 3206 presen-

424 3236 526 3316 tibus
552 3237 624 3315 nisi
648 3235 823 3316 iratribus
848 3235 1008 3327 ordinis,
1037 3234 1077 3310 in
1106 3261 1184 3341 quo
1209 3249 1396 3312 servatum
1421 3231 1553 3311 luisset
1571 3230 1676 3338 quod
1695 3257 1854 3338 magnus

404 3367 600 3477 Magister
620 3396 708 3446 cum
728 3383 916 3446 conventu
936 3365 1144 3458 statuissem
1166 3391 1211 3441 ex
1230 3392 1308 3471 qno
1328 3362 1448 3442 credit
1467 3361 1614 3468 aliquos
1633 3359 1766 3438 fratres
1783 3387 1852 3437 or-

424 3497 522 3575 dinis
542 3497 695 3576 exivisse
714 3514 870 3605 propter
888 3494 970 3603 ejus
987 3494 1243 3573 austeritatem
1258 3509 1297 3571 et
1310 3492 1440 3571 illicita
1455 3490 1681 3598 supradicta,
1698 3505 1853 3596 propter

420 3655 496 3735 que
514 3628 669 3738 grandia
683 3628 872 3716 scandala,
893 3625 1055 3733 suspicio
1074 3642 1113 3702 et
1130 3623 1284 3703 infamia
1302 3642 1392 3702 sunt
1411 3639 1539 3702 exorta
1557 3637 1686 3699 contra
1706 3619 1850 3698 dictum

421 3758 613 3849 ordinem3
633 3776 762 3838 contra
781 3785 896 3866 quem
915 3757 1038 3834 dictus
1053 3755 1230 3864 Magister
1249 3753 1370 3831 etalii
1391 3753 1572 3830 dicuntur
1590 3750 1716 3858 aliqua
1734 3749 1850 3828 luisse

421 3887 597 3977 confessi3
615 3889 663 3964 ad
683 3889 791 3996 cujus
807 3887 951 3965 ordinis
970 3884 1246 3964 deffensionem
1263 3911 1303 3962 se
1323 3911 1402 3964 non
1423 3881 1623 3962 obtulerat.

476 4017 692 4124 Requisitus
718 4018 749 4093 si
777 4017 830 4094 sic
861 4016 1089 4123 deposuerat
1116 4041 1244 4121 prece,
1280 4031 1478 4120 precepto,
1510 4013 1665 4101 timore,
1700 4039 1849 4104 amore,

360 4197 362 4202 =
419 4147 528 4237 odio,
547 4147 605 4224 vel
618 4143 816 4255 temporali
831 4145 993 4224 comodo
1008 4144 1139 4223 habito
1152 4143 1210 4223 vel
1226 4143 1423 4234 habendo,
1436 4137 1746 4249 responditquod
1755 4170 1845 4232 non,

420 4279 487 4356 sed
512 4305 582 4386 pro
607 4279 760 4356 veritate
789 4277 967 4368 dicenda3
997 4276 1059 4354 cui
1081 4274 1153 4354 fuit
1181 4275 1398 4384 injunctum
1424 4273 1534 4379 quod
1557 4299 1636 4352 non
1661 4271 1846 4352 revelaret

421 4411 515 4486 banc
534 4437 642 4488 suam
660 4409 958 4515 deposicionem‚
973 4434 1174 4514 quousque
1196 4405 1459 4485 attestaciones
1478 4403 1619 4482 luerint
1639 4402 1842 4510 publicata.

475 4695 603 4770 Frater
616 4659 819 4771 Durandus
834 4691 1027 4768 Passarion
1042 4687 1221 4779 serviens,
1243 4703 1446 4795 preceptor
1464 4685 1604 4764 domus
1622 4686 1670 4764 de
1692 4686 1729 4763 la
1749 4684 1847 4763 Clau

417 4823 670 4902 Rutbenensis
702 4822 881 4912 diocesis,
913 4821 1019 4900 testis
1051 4849 1164 4927 supra
1193 4821 1365 4927 juratus,
1400 4816 1746 4926 quinquagenarius
1785 4811 1848 4894 vel
