4202 5876
555 571 559 576 -
685 504 881 597 raooss
906 523 1003 596 nus
1029 523 1327 597 ratramnus.
1647 527 1720 600 ass

296 660 540 740 cardinalium
554 681 593 740 ct
604 665 644 739 in
658 665 773 773 pleno
789 664 1010 743 consistorio
1031 682 1069 742 et
1081 695 1149 772 per
1160 666 1433 774 juramentum,
1450 667 1728 760 confessisunt

294 809 406 898 prout
425 791 559 883 credit,
576 823 711 901 puram
726 814 763 874 et
781 795 992 904 simplicem
1012 793 1221 874 falsitatem.

349 921 408 1000 Ad
424 922 542 1003 luxu
557 925 756 1004 articulum
771 926 969 1035 diligenter
981 926 1245 1034 interrogatus,
1264 926 1495 1033 respondens
1509 928 1601 1006 dixit
1616 925 1720 1035 quod

295 1051 406 1130 irater
432 1051 478 1132 G.
505 1054 554 1131 de
583 1053 737 1134 Abelars
765 1074 962 1165 preceptor
991 1057 1127 1134 domus
1154 1057 1272 1136 Mansi
1305 1058 1375 1135 Dei
1408 1056 1545 1135 milicie
1572 1059 1721 1164 Templi

294 1181 503 1290 quondam,
532 1186 674 1293 recepit
692 1189 816 1293 ipsum
839 1187 877 1263 in
898 1186 1051 1268 fratrem
1077 1186 1165 1268 dicti
1191 1186 1334 1264 ordinis
1357 1187 1396 1264 in
1421 1187 1559 1294 capella
1588 1189 1724 1267 domus

295 1315 412 1392 Mansi
427 1314 513 1404 Dei,
536 1316 574 1391 in
594 1316 719 1424 vigilia
735 1317 905 1425 Epilanie
925 1317 1079 1395 Domini
1099 1318 1266 1423 proxime
1287 1318 1481 1424 preterita,
1503 1347 1579 1426 que
1593 1318 1666 1396 suit
1686 1322 1757 1395 in·-

296 1443 356 1522 die
376 1446 575 1527 Dominica
598 1447 751 1527 luerunt
775 1476 837 1528 xm
860 1448 945 1526 anni
967 1447 1098 1554 elapsi,
1121 1449 1359 1555 presentibus
1377 1466 1414 1526 et
1437 1449 1581 1527 ibidem
1603 1468 1724 1528 astan-

293 1575 396 1655 tibus
414 1577 580 1658 Arnaldo
595 1579 722 1658 Rooha
741 1578 967 1668 sandrario,
990 1578 1128 1658 Iacobo
1150 1579 1198 1657 de
1216 1577 1368 1667 oleris,
1393 1578 1552 1656 Michale
1573 1581 1721 1657 Remilli

296 1723 333 1784 et
351 1707 523 1816 pluribus
537 1709 618 1787 aliis
638 1710 886 1791 confratribus
907 1709 995 1787 dicti
1014 1709 1168 1786 ordinis.

202 1883 206 1892 ·
332 1833 336 1840 ’
352 1837 512 1916 Modum
527 1857 651 1918 autem
664 1869 730 1920 sue
742 1840 972 1946 recepcionis
992 1856 1030 1915 et
1042 1839 1203 1916 aliorum
1217 1838 1375 1918 fratrum
1390 1865 1485 1944 quos
1498 1837 1591 1916 vidit
1608 1841 1724 1945 recipi

295 1967 335 2042 in
361 1967 456 2044 dicta
478 1969 594 2048 domo
614 1970 733 2048 Mansi
754 1969 824 2048 Dei
842 1969 1020 2076 expressit
1039 1969 1078 2046 in
1095 1969 1247 2058 ellectu,
1272 1971 1369 2047 sicut
1393 1967 1506 2044 frater
1528 1969 1726 2047 Bartholo-

295 2125 403 2178 meus
425 2101 472 2178 de
491 2102 631 2192 Turre,
652 2101 798 2207 primus
816 2101 921 2180 testis
940 2129 1066 2206 supra,
1090 2117 1126 2178 et
1152 2118 1194 2177 ut
1220 2101 1435 2180 continetur
1458 2099 1497 2176 in
1526 2097 1624 2176 libro
1657 2129 1725 2205 per

296 2232 419 2335 ipsum
440 2231 605 2335 primum
629 2248 764 2310 testam
794 2231 959 2310 exhibito
987 2229 1098 2308 nobis
1123 2231 1412 2338 inquisitoribus
1433 2246 1658 2307 statutorum
1688 2249 1725 2307 et

296 2361 423 2468 regule
443 2361 531 2439 dicti
551 2362 711 2469 Templi.

353 2492 411 2568 ad
430 2491 578 2582 lxxxvn,
595 2492 739 2571 lxmvrrr
757 2509 795 2570 et
811 2493 989 2570 ultimum
1007 2491 1183 2569 articulos
1198 2491 1396 2598 diligenter
1411 2507 1448 2566 et
1464 2489 1652 2596 sigillatim
1669 2491 1727 2564 in-

295 2639 519 2730 terrogatus,
535 2623 680 2728 negarit
699 2624 798 2728 ipsos
807 2623 987 2699 articulos
1006 2639 1044 2700 et
1062 2623 1187 2698 omnia
1208 2638 1246 2697 et
1262 2621 1406 2728 singula
1423 2637 1593 2698 contenta
1606 2621 1645 2696 in
1658 2621 1723 2697 eis.

353 2753 581 2859 Superaliis
605 2779 692 2831 vero
718 2753 915 2860 diligenter
945 2754 1207 2860 interrogatus,
1236 2751 1328 2828 dixit
1355 2781 1393 2830 se
1420 2750 1537 2830 nichil
1564 2752 1725 2856 amplius

298 2885 389 2959 scire
410 2909 479 2960 nec
492 2883 645 2979 credere
662 2883 733 2960 nisi
750 2899 793 2962 ut
809 2911 921 2988 supra
941 2883 1161 2960 testificatus
1183 2899 1239 2960 est
1258 2882 1296 2959 in
1311 2880 1502 2989 predictis.

354 3145 463 3224 Anno
483 3161 521 3219 et
541 3144 603 3222 die
622 3143 763 3248 quibus
782 3167 905 3249 supra.

352 3276 429 3352 XV.
449 3275 580 3369 Frater
598 3275 730 3352 Petrus
749 3275 800 3352 de
818 3276 954 3352 Sancto
974 3273 1117 3380 Amaco
1140 3273 1283 3351 ordinis
1304 3272 1392 3350 dicti
1415 3271 1566 3379 Templi
1590 3272 1725 3350 domus

297 3405 420 3482 Mausi·
430 3406 518 3494 Dei,
540 3406 644 3484 testis
656 3405 861 3513 juratusad
877 3421 1001 3482 sancta
1019 3404 1090 3482 Dei
1107 3383 1304 3510 Evangelia
1317 3431 1430 3510 super
1444 3402 1620 3510 predictis
1636 3403 1724 3480 arti-

298 3536 390 3614 culis
411 3553 448 3612 et
464 3563 595 3614 eorum
616 3536 792 3643 quolibet·
806 3535 877 3616 sibi
899 3534 1073 3641 expositis
1090 3535 1130 3610 in
1149 3533 1306 3642 vulgari,
1326 3550 1369 3611 ut
1383 3531 1598 3639 principalis
1618 3533 1665 3608 de
1684 3562 1723 3608 se

297 3667 394 3772 ipso,
410 3684 449 3744 ct
465 3683 508 3744 ut
523 3669 630 3745 testis
640 3669 686 3746 de
702 3668 802 3757 aliis,
819 3667 1018 3773 diligenter
1038 3682 1076 3743 et
1090 3664 1278 3772 sigillatim
1292 3665 1556 3768 interrogatus,
1569 3691 1725 3769 respon-

299 3795 393 3872 dens
405 3796 454 3874 ad
467 3797 650 3903 primum,
668 3825 854 3879 11-—rxx1x
871 3795 1044 3876 articulos
1057 3794 1249 3883 inclusive,
1269 3793 1468 3903 diligenter
1483 3809 1522 3870 et
1536 3791 1723 3898 sigillatim

299 3929 565 4029 interrogatus,
587 3930 731 4030 negavit
745 3929 846 4029 ipsos
867 3926 1043 4001 articulos
1063 3944 1100 4000 et
1127 3927 1252 4000 omnia
1273 3940 1310 4000 et
1329 3921 1472 4030 singula
1493 3939 1665 4001 contenta
1686 3925 1724 3998 in
1777 3983 1781 3994 .

298 4055 368 4144 eis;
389 4053 554 4150 adiciens
573 4055 803 4143 accredere,
825 4071 862 4132 ct
882 4053 983 4133 idem
1004 4054 1109 4160 quod
1130 4055 1177 4130 de
1197 4081 1237 4130 se
1257 4055 1326 4130 scit
1346 4052 1464 4131 credit
1488 4053 1534 4130 de
1555 4054 1636 4131 aliis
1656 4053 1727 4130 fra-

299 4186 419 4264 tribus
448 4185 537 4264 dicti
553 4186 715 4276 ordinis,
736 4185 929 4264 Christum
947 4185 1155 4264 Dominum
1175 4175 1332 4263 Jhesum
1352 4211 1502 4291 passum
1519 4184 1633 4262 faisse
1651 4213 1726 4262 non

297 4346 366 4424 pro
385 4317 463 4396 suis
488 4319 664 4425 peccatis,
687 4334 725 4394 et
744 4346 783 4398 se
801 4317 939 4402 habere
956 4344 1062 4424 spem
1083 4315 1302 4394 salvacionis
1320 4315 1495 4394 habende
1517 4345 1585 4424 per
1602 4305 1726 4421 ipsum
1743 4415 1746 4422 Ι

298 4447 432 4526 solum.
454 4450 591 4528 Dicens
608 4449 725 4526 eciam
739 4447 842 4555 quod
856 4449 936 4554 ipse
952 4435 989 4524 et
1002 4443 1116 4526 celeri
1132 4446 1261 4526 fratres
1278 4445 1366 4523 dicti
1378 4445 1521 4524 ordinis
1538 4475 1627 4523 cum
1642 4447 1726 4552 qui-

298 4579 369 4658 bus
389 4599 623 4660 conversatus
644 4598 715 4669 est,
738 4597 775 4658 et
793 4578 895 4656 idem
916 4579 1035 4656 credit
1057 4579 1103 4656 de
1119 4577 1216 4666 aliis,
1239 4596 1453 4655 reverenter
1474 4577 1523 4656 ob
1542 4577 1724 4654 honorem

299 4712 451 4789 Domini
466 4713 582 4790 nostri
601 4710 762 4790 crucifixi
779 4711 895 4790 Jhcsu
913 4738 1062 4788 crucem
1078 4727 1136 4787 ter
1151 4709 1421 4817 singulisannis
1433 4707 1605 4797 adorant,
1623 4707 1726 4784 vide·

296 4841 383 4919 licet
409 4843 448 4918 in
475 4843 536 4920 die
560 4843 716 4924 Veneris
740 4859 864 4920 sancto
887 4859 925 4919 et
945 4842 983 4918 in
1005 4841 1154 4918 duobus
1174 4839 1276 4918 sestis
1299 4842 1433 4919 Sancte
1457 4839 1605 4925 Crucis,
1626 4854 1663 4914 ct
1685 4867 1723 4914 se

1506 4987 1553 5048 61.
