4486 5890
598 511 668 580 mo
986 487 1178 581 raocrs
1204 507 1299 579 ons
1325 506 1623 579 usurarum.

593 648 808 736 Parisiensi,
835 648 1033 754 respondit
1053 677 1092 726 se
1113 675 1190 726 non
1211 647 1346 726 vidisse
1371 648 1486 755 recipi
1507 647 1672 755 aliquem
1694 647 1812 726 alium
1827 651 1867 726 in
1885 653 2015 732 ordine

594 807 663 855 nec
684 777 897 856 interfuisse
918 777 1091 883 capitulis
1112 777 1352 870 eorumdem,
1371 793 1408 856 et
1423 778 1510 854 ideo
1528 807 1567 856 se
1583 777 1744 871 nescire,
1762 807 1833 858 nec
1851 782 2013 875 credere,

594 937 665 984 nec
691 907 874 986 audivisse
906 907 978 986 dici
1003 906 1050 984 de
1080 905 1266 986 contentis
1289 908 1328 984 in
1354 907 1445 1014 ipsis
1471 908 1639 986 articulis
1664 909 1735 986 nisi
1763 912 1870 1018 quod
1897 915 2018 1022 sequi·

594 1055 669 1116 tur.
691 1038 794 1116 Dixit
812 1038 914 1115 enim
930 1066 969 1115 se
984 1036 1097 1114 fuisse
1118 1054 1327 1143 receptum,
1348 1036 1386 1114 in
1406 1037 1560 1116 instanti
1580 1039 1705 1116 media
1717 1041 2018 1149 quadragessima

596 1196 697 1244 nune
722 1169 898 1274 preterita
917 1167 1071 1244 fuerunt
1087 1195 1124 1244 ru
1144 1167 1229 1244 anni
1251 1166 1310 1244 vel
1337 1167 1449 1256 circa,
1477 1168 1517 1244 in
1540 1167 1684 1274 capella
1707 1168 1847 1248 domus
1868 1173 2016 1279 Templi

597 1296 644 1373 de
659 1296 880 1375 Castellorio
897 1298 1153 1375 Noviomensis
1168 1297 1344 1387 diocesis,
1366 1325 1434 1404 per
1452 1298 1605 1375 fratrem
1624 1298 1808 1377 Garinum
1824 1302 2015 1408 quondam

597 1425 645 1502 de
669 1426 985 1517 GrandiVillarii,
1009 1426 1250 1532 presentibus
1271 1427 1449 1506 fratribus
1477 1429 1648 1506 iohanne
1663 1428 1831 1508 Godardi
1853 1448 1891 1508 et
1910 1433 2017 1510 Petro

596 1556 772 1662 Bergerio
787 1556 1046 1644 servientibus,
1064 1555 1276 1648 deffirnctis,
1294 1558 1334 1633 in
1349 1559 1451 1635 bunc
1468 1559 1626 1636 modum
1645 1589 1653 1633 ε
1673 1587 1761 1636 nam
1774 1561 1903 1666 petitis
1917 1561 2018 1638 lleris

597 1686 757 1792 genibus
776 1715 872 1793 pane
893 1704 932 1765 et
951 1716 1046 1793 aqua
1073 1704 1112 1764 et
1134 1687 1309 1764 societate
1337 1688 1493 1765 fratrum
1522 1688 1665 1766 ordinis
1692 1689 1790 1766 etei
1818 1691 2015 1784 concessis,

601 1815 723 1892 dictus
743 1833 912 1922 receptor
931 1815 1019 1894 lecit
1039 1845 1128 1894 eum
1141 1845 1273 1894 vovere
1294 1834 1332 1894 et
1345 1817 1473 1925 jurare
1494 1817 1719 1905 castitatem,
1741 1816 2016 1906 obedienciam,

600 1944 719 2020 vivere
748 1945 826 2022 sine
853 1946 1025 2052 proprio,
1048 1963 1086 2022 et
1105 1973 1248 2024 servare
1276 1945 1398 2024 bonos
1426 1975 1517 2023 usus
1537 1963 1575 2022 et
1592 1946 1711 2024 bonas
1731 1947 2019 2024 consuetudines

599 2074 664 2178 qui
684 2091 774 2151 tunc
794 2088 899 2151 erant
918 2092 956 2152 et
974 2075 1039 2181 qui
1061 2076 1347 2181 imponerentur
1367 2076 1406 2152 in
1427 2076 1580 2167 ordine,
1602 2092 1641 2152 et
1655 2076 1761 2183 quod
1776 2105 1853 2154 non
1870 2079 2020 2156 interes-

601 2204 714 2280 setin
734 2203 817 2282 loco
838 2205 877 2280 in
897 2233 974 2312 quo
995 2205 1130 2311 aliquis
1148 2205 1287 2284 nobilis
1316 2207 1609 2283 exheredaretur
1627 2205 1776 2312 injuste.
1798 2207 1887 2301 Quo
1906 2207 2017 2296 lacto,

599 2335 779 2440 imposuit
804 2334 874 2412 sibi
903 2335 1145 2424 mantellum,
1175 2353 1213 2412 et
1236 2351 1315 2411 tam
1342 2336 1420 2442 ipse
1448 2352 1621 2442 receptor
1642 2363 1756 2442 quam
1778 2335 1841 2412 alii
1863 2353 2020 2414 astantes

599 2463 754 2541 luerunt
774 2493 862 2541 eum
882 2465 1037 2543 osculati
1057 2466 1097 2540 in
1117 2493 1194 2541 ore.
1213 2465 1361 2558 Quibus
1380 2466 1432 2541 sic
1453 2465 1560 2554 actis,
1585 2465 1673 2541 dicti
1689 2464 1820 2543 fratres
1835 2453 2021 2544 lohannes

601 2593 776 2672 Godandi
796 2612 835 2672 et
852 2596 985 2672 Petrus
1003 2594 1202 2700 Bergerius
1223 2595 1410 2672 duxerunt
1431 2621 1519 2671 eum
1540 2594 1590 2670 ad
1608 2595 1813 2700 quamdam
1833 2597 2021 2702 grangiam

603 2724 701 2799 dicte
723 2724 878 2812 domus,
908 2741 946 2800 et
972 2724 1024 2801 ibi
1046 2723 1170 2802 dictus
1190 2724 1380 2801 lohannes
1400 2723 1575 2802 Godandi
1595 2725 1765 2832 precepit
1784 2726 1819 2802 ei
1839 2727 1944 2833 quod
1963 2725 2023 2804 ab·

604 2869 756 2958 negaret
773 2852 917 2944 Deum,
940 2870 1083 2930 etcum
1104 2854 1183 2960 ipse
1202 2855 1308 2932 testis
1328 2853 1471 2931 diceret
1490 2883 1529 2932 se
1549 2855 1623 2932 hoc
1645 2855 1754 2933 nullo
1775 2855 1890 2932 modo
1911 2855 2023 2932 lactu-

605 3011 706 3070 rum,
730 2982 852 3060 dictus
872 2983 1060 3061 Johannes
1080 2984 1329 3062 comminatus
1349 2982 1421 3060 fuit
1442 2983 1475 3060 ei
1497 2985 1602 3091 quod
1617 3011 1706 3062 eum
1721 3001 1882 3090 poneret
1901 2985 1941 3062 iu
1960 2984 2022 3062 tali

603 3115 687 3192 loco
704 3115 742 3190 in
757 3143 834 3221 quo
850 3141 928 3191 non
942 3114 1086 3192 videret
1100 3113 1220 3191 solem
1238 3141 1361 3220 neque
1382 3113 1528 3202 lunam,
1548 3131 1586 3190 et
1601 3130 1693 3190 tunc
1712 3114 1791 3221 ipse
1806 3115 1927 3205 testis,
1948 3132 2024 3190 stu-

604 3243 770 3349 pefactus
791 3261 828 3320 et
846 3245 982 3322 timore
1005 3245 1158 3334 ductus,
1190 3244 1385 3351 abnegavit
1402 3243 1527 3320 Deum
1549 3272 1615 3320 ore
1636 3273 1712 3321 nou
1733 3245 1858 3321 corde.
1879 3243 2023 3323 Deinde

606 3375 772 3481 precepit
791 3375 825 3450 ei
847 3373 970 3452 dictus
993 3373 1182 3452 lohannes
1204 3374 1308 3479 quod
1335 3391 1489 3480 spueret
1513 3402 1627 3480 super
1652 3372 1854 3480 quamdam
1879 3403 2024 3450 crucem

606 3505 768 3612 ligneam
796 3533 909 3611 quam
937 3507 1015 3611 ipse
1044 3505 1233 3583 lohannes
1258 3505 1411 3582 tenebat
1438 3503 1476 3579 in
1504 3532 1638 3593 manu,
1667 3505 1707 3582 in
1733 3533 1808 3610 qua
1826 3505 1932 3582 nulla
1952 3522 2026 3581 erat

604 3663 757 3742 ymag03
787 3651 936 3712 etcum
963 3635 1041 3741 ipse
1069 3635 1176 3712 testis
1202 3635 1276 3711 hoc
1300 3635 1421 3712 lacere
1447 3650 1652 3726 recusaret,
1675 3633 1831 3712 demum
1852 3633 1953 3710 dicto
1972 3635 2029 3710 Jo-

606 3767 730 3842 banne
751 3766 1004 3844 comminante
1025 3764 1096 3842 sibi
1119 3764 1316 3871 quodnisi
1337 3764 1409 3841 hoc
1429 3762 1580 3852 faceret,
1602 3780 1762 3868 poneret
1781 3791 1870 3840 eum
1895 3763 1935 3838 in
1956 3791 2028 3839 car-

607 3923 707 3983 cere,
733 3897 810 4001 ipse
830 3896 936 3971 testis
956 3895 1059 4000 spuit
1073 3894 1177 4000 juxta
1199 3892 1336 3970 dictam
1357 3921 1508 3970 crucem
1527 3921 1605 3972 non
1622 3922 1746 4000 supra.
1767 3894 1984 4000 Requisitus
1999 3893 2025 3970 si

609 4024 677 4099 alia
699 4023 829 4100 illicita
847 4022 1002 4099 luerunt
1020 4039 1111 4098 tunc
1129 4023 1187 4098 vel
1203 4041 1287 4129 post
1302 4023 1401 4100 dicta
1415 4022 1485 4099 sibi
1501 4023 1560 4099 vel
1580 4021 1690 4112 lacta,
1713 4021 1909 4128 respondit
1927 4020 2028 4128 quod

610 4183 698 4232 non.
728 4154 943 4261 Requisitus
965 4153 997 4230 si
1017 4151 1136 4230 credit
1154 4153 1261 4259 quod
1284 4153 1451 4260 predicta
1477 4152 1607 4230 illicita
1626 4153 1830 4232 confessata
1849 4181 1918 4259 per
1943 4179 2027 4229 eum

609 4285 667 4362 vel
692 4282 762 4360 alia
787 4282 1056 4360 intervenirent
1074 4283 1112 4358 in
1135 4282 1421 4389 recepciouibus
1447 4282 1609 4360 aliorum
1628 4282 1686 4360 vel
1711 4299 1811 4388 post,
1837 4281 2029 4388 respondit

610 4443 649 4491 se
670 4414 812 4490 nescire
833 4413 937 4520 quod
957 4411 1084 4490 credat
1103 4412 1161 4490 vel
1182 4411 1377 4490 discredat.
1406 4413 1519 4501 Item,
1550 4411 1643 4488 dixit
1668 4439 1708 4489 se
1736 4410 1889 4488 credere
1918 4411 2030 4486 eccle

610 4545 764 4623 siasticis
787 4543 1042 4630 sacramentis,
1072 4543 1229 4618 credens
1255 4541 1360 4648 quod
1380 4542 1443 4620 alii
1463 4542 1594 4619 fratres
1614 4540 1751 4619 eodem
1771 4539 1886 4618 modo
1907 4539 2031 4616 crede·

611 4693 713 4764 rent,
737 4693 774 4752 et
788 4674 895 4781 quod
914 4701 1047 4750 eorum
1067 4672 1278 4751 sacerdotes
1294 4670 1420 4752 debite
1434 4671 1681 4750 celebrarent.
1702 4670 1844 4749 iuravit
1863 4686 1902 4747 et
1916 4667 2031 4745 credit

611 4805 716 4912 quod
741 4805 803 4883 alii
825 4805 998 4910 jurarent
1021 4801 1195 4882 ordinem
1217 4831 1295 4881 non
1323 4803 1439 4893 exire,
1465 4821 1504 4882 et
1527 4803 1651 4881 statim
1674 4827 1745 4909 pro
1771 4798 1950 4908 professis
1969 4799 2030 4876 ha.-
