4348 5886
751 495 946 582 Pnocns
973 507 1068 579 DES
1095 506 1402 580 TEMPLIERS.
1743 509 1790 580 87

362 665 406 770 et
418 675 552 726 omnes
570 664 732 725 astantes
749 647 904 727 luerunt
924 677 1012 728 eum
1032 646 1187 727 osculati
1206 649 1245 724 in
1266 677 1342 726 ore.
1363 648 1412 725 Et
1429 673 1498 753 per
1517 648 1696 724 eumdem
1716 677 1794 726 mo·

362 764 454 857 dum
473 777 567 858 vidit
584 776 719 884 recipi,
739 807 806 886 per
826 780 971 858 dictum
992 778 1146 858 fratrem
1166 778 1418 858 Guillelmum
1440 778 1489 856 de
1508 777 1790 866 Chambonent,

361 909 513 988 fratrem
522 909 757 1016 Stephanum
777 911 825 989 de
844 910 966 990 Closis
983 912 1225 999 servientem,
1242 909 1520 988 Lemovicensis
1534 907 1709 997 diocesis,
1727 911 1793 1016 qui

362 1040 553 1118 detinetur
568 1039 669 1149 apud
682 1041 861 1119 Riomum
878 1043 918 1123 in
936 1041 1127 1128 Alvernia,
1143 1071 1212 1147 per
1226 1040 1448 1148 quindecim
1469 1039 1551 1118 dies
1569 1056 1656 1146 post
1670 1068 1795 1145 recep

361 1170 508 1250 cionem
523 1171 641 1279 ipsius
657 1172 778 1262 testis,
805 1173 844 1250 in
867 1171 1001 1252 eadem
1022 1171 1181 1280 capella,
1197 1171 1437 1278 presentibus
1455 1170 1634 1279 predictis
1648 1169 1793 1279 presbi-

360 1321 460 1388 tero,
471 1303 678 1384 Guillelmo
695 1303 729 1380 la
744 1303 996 1392 Charmada,
1011 1303 1210 1412 Aymerico
1226 1304 1274 1380 de
1290 1303 1453 1409 Copiaco
1469 1301 1669 1389 militibus,
1689 1301 1795 1382 Guil-
1826 1294 1833 1304 ’

362 1433 476 1512 lelmo
496 1435 638 1513 Brivatz
659 1452 698 1512 et
714 1432 924 1514 Guillelmo
946 1434 993 1512 de
1009 1433 1128 1513 Podio
1148 1433 1285 1514 Vinali.
1306 1433 1439 1511 Plures
1454 1461 1533 1511 non
1552 1431 1646 1511 vidit
1660 1433 1791 1540 recipi,

362 1592 432 1642 nec
446 1563 518 1641 alia
534 1563 664 1640 illicita
679 1564 965 1654 intervenerunt
984 1565 1023 1641 in
1039 1564 1149 1642 dictis
1168 1561 1450 1670 receptionibus
1464 1560 1523 1640 vel
1543 1577 1645 1668 post,
1665 1579 1702 1638 et
1720 1589 1795 1638 cre·

363 1695 419 1772 dit
430 1696 532 1802 quod
552 1694 686 1773 eadem
709 1697 981 1774 intervenirent
1000 1697 1254 1774 communiter
1273 1698 1313 1773 in
1329 1693 1614 1802 recepcionibus
1634 1693 1794 1770 aliorum

361 1827 418 1904 vel
433 1844 535 1934 post,
559 1845 597 1903 et
613 1826 710 1904 forte
725 1826 855 1934 plura,
872 1829 961 1934 quia
978 1828 1121 1906 audivit
1139 1827 1212 1906 dici
1233 1827 1381 1904 adictis
1398 1825 1607 1904 Guillelmo
1626 1801 1794 1902 Brtiivata

362 1975 399 2035 et
411 1957 619 2038 Guillelmo
636 1959 685 2036 de
697 1957 816 2036 Podio
831 1958 953 2037 Vinali
971 1958 1113 2064 pluries
1129 1975 1215 2036 ante
1231 1957 1450 2063 capcionem
1469 1984 1621 2045 eorum,
1639 1956 1677 2032 in
1694 1956 1794 2033 dicto

361 2086 444 2166 loco
466 2087 515 2166 de
534 2087 751 2178 Blandesio‚
774 2088 880 2194 quod
899 2088 1017 2196 magis
1037 2087 1244 2166 voluissent
1266 2104 1349 2166 toto
1368 2104 1541 2192 tempore
1565 2087 1639 2163 vite
1662 2113 1794 2162 eorum

362 2219 506 2296 stetisse
522 2219 570 2294 ad
584 2247 722 2324 panem
739 2235 777 2296 et
794 2246 930 2325 aquam
950 2245 1064 2325 quam
1080 2218 1170 2324 quia
1186 2235 1292 2294 erant
1305 2217 1530 2324 Templarii,
1549 2233 1588 2292 et
1601 2216 1706 2322 quod
1722 2217 1793 2294 hoc

362 2347 637 2426 meliusluisset
644 2349 699 2426 eis
709 2366 748 2426 et
756 2349 986 2455 quibusdam
997 2347 1079 2424 aliis
1087 2345 1329 2453 Templariis,
1342 2347 1409 2424 sed
1424 2374 1572 2424 causam
1588 2345 1795 2422 noluerunt

363 2479 394 2556 ei
412 2479 632 2587 exprimere.
645 2478 972 2558 Dixerunttamen
986 2477 1091 2585 quod
1108 2493 1306 2583 postquam
1321 2476 1451 2554 francs
1468 2492 1647 2553 steterant
1662 2476 1793 2554 decem

363 2609 468 2686 annis
479 2608 518 2684 in
532 2607 688 2699 ordine,
702 2605 986 2713 explicabantur
997 2608 1051 2685 eis
1064 2607 1173 2713 plura
1186 2635 1231 2684 ex
1243 2611 1393 2712 punctis
1405 2604 1793 2713 ordinisquamprius,

364 2739 499 2845 etipse
519 2738 617 2815 bene
634 2737 746 2814 sciret
765 2737 795 2815 si
816 2753 943 2814 tamen
964 2737 1004 2812 in
1024 2735 1159 2814 ordine
1174 2737 1323 2813 viveret.
1340 2737 1454 2827 Item,
1473 2735 1565 2812 dixit
1577 2735 1682 2841 quod
1696 2735 1793 2814 bene

364 2869 543 2946 credebat
557 2866 816 2946 ecclesiasticis
838 2867 1096 2957 sacramentis,
1117 2883 1154 2942 et
1175 2865 1295 2942 credit
1310 2867 1415 2973 quod
1428 2865 1490 2944 alii
1506 2863 1640 2942 fratres
1651 2865 1796 2944 ordinis

364 3000 500 3078 eodem
516 2999 632 3076 modo
640 2998 851 3086 crederent,
862 3015 908 3074 et
918 2999 1023 3104 quod
1037 3025 1171 3074 eorum
1185 2996 1398 3076 sacerdotes
1408 2997 1536 3076 debite
1547 2995 1792 3077 celebrarent.

363 3128 543 3206 iurabant
562 3128 736 3204 ordinem
757 3155 834 3204 non
854 3127 966 3204 exire.
988 3127 1121 3205 Statim
1142 3155 1210 3233 pro
1226 3126 1402 3235 professis
1420 3127 1668 3206 habebantur.
1685 3127 1795 3206 Clan-

363 3259 510 3337 destine
525 3258 814 3364 recipiebantur,
838 3284 974 3364 erquo
994 3276 1073 3336 erat
1090 3259 1254 3365 suspicio
1275 3275 1404 3336 contra
1424 3285 1500 3338 eos.
1523 3256 1662 3338 Milites
1678 3277 1716 3336 et
1732 3260 1793 3336 alii

364 3392 429 3495 qui
448 3388 511 3467 alii
530 3389 777 3497 cingebantur
797 3416 910 3494 super
930 3388 1100 3468 camisias
1117 3419 1203 3466 cum
1222 3389 1362 3496 quibus
1373 3389 1547 3495 jacebant
1564 3389 1793 3494 quibusdam

364 3520 530 3598 cordulis
546 3520 586 3595 in
606 3519 835 3624 penitencia,
856 3518 925 3596 sed
945 3519 1015 3625 ipsi
1031 3520 1117 3596 testi
1134 3548 1212 3597 non
1230 3517 1302 3596 fuit
1318 3535 1537 3625 preceptum
1555 3521 1659 3625 quod
1677 3520 1795 3597 dictas

364 3651 537 3730 cordulas
557 3667 741 3757 portaret,
764 3677 834 3726 nec
855 3650 1031 3755 portavit,
1048 3677 1119 3726 nec
1136 3650 1205 3728 scit
1224 3677 1294 3727 nec
1313 3648 1456 3726 audivit
1475 3649 1549 3725 dici
1570 3649 1675 3754 quod
1696 3650 1794 3728 dicte

365 3780 519 3859 cordula
539 3798 738 3890 tangerent
756 3781 875 3889 capita
894 3778 1116 3887 ydolorum,
1138 3808 1208 3857 nec
1226 3779 1333 3887 quod
1351 3778 1459 3886 ydola
1482 3778 1693 3856 adorarent.
1717 3781 1794 3871 Qui

364 3910 572 3990 noluissent
584 3911 705 3989 lacere
719 3909 846 3988 illicita
861 3907 1065 3988 confessata
1081 3938 1149 4016 per
1164 3938 1269 4000 eum,
1289 3906 1409 3987 credit
1424 3909 1530 4014 quod
1544 3907 1704 3986 fuissent
1719 3938 1795 3984 car-

365 4041 437 4118 ceri
459 4040 670 4147 mancipati.
692 4039 962 4148 lnjungebatur
982 4040 1037 4118 eis
1057 4068 1126 4145 per
1145 4056 1419 4118 sacramentum
1443 4067 1491 4116 ne
1516 4037 1724 4116 revelarent
1743 4067 1795 4116 se·

365 4187 463 4250 creta
490 4169 742 4276 capitulorum
769 4197 840 4246 nec
864 4168 1021 4246 modum
1049 4170 1298 4275 recepcionis;
1320 4169 1388 4275 qui
1407 4168 1650 4258 revelassent,
1672 4170 1793 4275 puniti

366 4299 584 4388 luissent,et
597 4298 820 4377 mantelltun
834 4297 1100 4403 perdidissent.
1116 4299 1383 4408 lnjungebatur
1399 4299 1452 4375 eis
1466 4327 1514 4376 ne
1524 4297 1794 4376 confiterentur

366 4429 435 4508 nisi
450 4428 710 4509 sacerdotibus
721 4429 877 4507 ordinis.
896 4430 1042 4506 Fratres
1052 4429 1210 4506 scientes
1224 4455 1369 4514 errores
1382 4447 1420 4505 et
1432 4429 1619 4535 corrigere
1631 4428 1795 4507 valentes

365 4559 517 4638 luerunt
543 4559 777 4669 negligentes
803 4561 891 4667 quia
919 4586 997 4638 non
1023 4576 1265 4638 correxerunt
1289 4586 1354 4637 eos
1369 4587 1448 4636 *nec
1473 4557 1795 4637 denunciaverunt

366 4691 541 4770 Ecclesie.
561 4691 716 4769 Audivit
737 4689 812 4768 dici
833 4690 939 4796 quod
962 4689 1009 4766 ab
1034 4689 1189 4795 antiquo
1209 4689 1352 4771 fiebant
1376 4691 1480 4768 omni
1504 4689 1565 4768 die
1587 4689 1792 4768 elemosine

367 4823 559 4928 generales
574 4823 613 4900 in
629 4821 809 4899 domibus
824 4821 984 4910 ordinis,
1002 4837 1040 4898 et
1057 4819 1162 4926 quod
1177 4847 1335 4930 magnus
1351 4823 1526 4926 Magister
1540 4822 1604 4926 qui
1620 4849 1724 4898 nunc
1736 4837 1793 4896 est
1871 4895 1874 4902 ⁴
