4208 5886
590 531 596 538 ·
683 519 883 611 raeces
913 536 1011 608 eus
1042 533 1346 611 murmuras.
1652 548 1728 618 ero

303 673 868 782 suitadductusadpreseneiam
880 675 1103 756 eorumdem
1115 675 1359 756 dominorum
1371 681 1728 775 commissariorum,

302 805 343 880 in
366 804 482 884 domo
501 805 669 913 predicta
687 807 832 884 domini
850 808 950 885 Petri
969 807 1017 884 de
1040 806 1243 898 sabaudia,
1271 807 1385 886 frater
1405 807 1533 889 Guido
1553 811 1599 888 de
1624 811 1729 919 Rupe

302 935 488 1043 presbiter
513 936 788 1014 Lemovieensis
810 937 986 1026 diocesis,
1007 935 1113 1012 testis
1134 963 1246 1041 supra
1264 938 1428 1045 juratus,
1454 956 1498 1016 ut
1525 938 1732 1044 deponeret

303 1065 445 1144 dieturn
465 1095 595 1156 suurn,
617 1093 688 1145 xxx
707 1095 895 1146 annorum
913 1085 950 1144 et
968 1067 1086 1155 ultra,
1102 1065 1325 1144 mantellum
1347 1066 1491 1145 ordinis
1515 1097 1592 1146 non
1613 1071 1732 1148 deffe-

302 1223 405 1287 rens,
420 1197 509 1303 quia
522 1195 648 1304 ipsum
666 1197 861 1277 dimiserat
873 1214 1056 1276 vetustate
1072 1214 1357 1303 consumptum,
1372 1225 1458 1276 cnm
1475 1226 1554 1306 quo
1572 1200 1731 1306 inquisi-

292 1343 385 1405 'tum
403 1326 540 1418 firerat,
565 1328 762 1408 absolutus
777 1345 814 1406 et
836 1328 1100 1408 reconciliatus
1116 1354 1185 1434 per
1205 1327 1404 1406 dominum
1424 1329 1729 1408 Lemovicensem

302 1457 533 1564 episcopum.
555 1460 677 1537 Lectis
696 1477 822 1538 autern
843 1477 883 1538 et
905 1459 1106 1568 diligenter
1119 1459 1296 1566 expositis
1312 1458 1384 1537 sibi
1400 1458 1580 1537 omnibus
1597 1477 1635 1536 et
1653 1462 1726 1539 sin·

302 1588 400 1696 gulis
411 1589 593 1683 articulis,
610 1592 807 1697 respondit
818 1591 924 1699 quod
938 1590 1089 1668 nullum
1101 1590 1220 1667 alium
1231 1591 1375 1668 viderat
1388 1587 1504 1696 recipi
1521 1591 1560 1667 in
1576 1592 1728 1680 ordine,

303 1747 372 1796 nec
398 1719 571 1825 capitulis
590 1720 811 1800 interfuerat
833 1722 1072 1810 eorumdem,
1094 1721 1198 1800 unde
1223 1721 1429 1813 nesciebat,
1448 1749 1518 1798 nec
1535 1721 1726 1810 credebat,

302 1876 373 1926 nec
387 1850 578 1928 audiverat
592 1852 665 1930 diei
686 1851 733 1930 de
749 1852 936 1930 contentis
956 1853 996 1929 in
1010 1851 1119 1928 dictis
1138 1849 1305 1928 articulis
1324 1852 1395 1928 nisi
1416 1850 1520 1958 quod
1540 1853 1728 1958 sequitur:

303 1979 397 2056 dixit
415 2003 553 2086 nempe
573 2009 614 2058 se
637 1979 751 2060 fuisse
778 1998 973 2088 receptum
999 1982 1039 2058 in
1066 1980 1229 2088 quadarn
1252 2009 1398 2060 camera
1417 1979 1557 2058 domus
1580 1981 1729 2088 Templi

303 2107 351 2184 de
376 2108 481 2186 Bella
500 2110 715 2190 Cbassanha
739 2111 1018 2190 Lemovicensis
1045 2112 1220 2202 diocesis,
1244 2139 1313 2217 per
1335 2111 1488 2188 fratrem
1507 2112 1659 2188 Petrum
1682 2113 1730 2188 de

303 2239 445 2318 Madito
475 2241 636 2321 militem
668 2243 879 2350 quondam,
911 2261 1172 2350 preceptorem
1194 2257 1286 2319 tnnc
1311 2242 1573 2329 Lemovicinii,
1596 2243 1635 2318 in
1663 2243 1731 2319 bac

304 2386 420 2448 estate
456 2390 567 2451 erunt
600 2400 624 2451 rr
656 2374 713 2452 vel
742 2400 779 2453 nr
812 2373 918 2462 anni,
951 2373 1190 2481 presentibus
1224 2371 1401 2450 fratribus
1433 2372 1641 2450 Bertrando
1681 2373 1729 2449 de

303 2499 507 2580 Villaribns
528 2502 753 2609 presbitero,
782 2521 1001 2610 preceptore
1027 2503 1075 2580 de
1099 2505 1206 2608 Rupe
1236 2502 1363 2581 Sancti
1393 2501 1519 2592 Pauli,
1550 2501 1729 2579 Gnidone

302 2629 482 2737 Delphini
511 2632 647 2723 milite,
682 2633 844 2712 testibus
867 2661 980 2740 supra
1014 2633 1247 2723 examinatis,
1284 2633 1476 2736 Stephano
1511 2629 1546 2708 la
1580 2632 1730 2710 Vernba

301 2761 494 2866 quondam
513 2761 742 2868 presbitero,
772 2779 811 2842 et
836 2765 947 2842 Petro
974 2764 1023 2842 de
1047 2765 1231 2841 Ermeneo
1261 2761 1301 2838 in
1324 2761 1497 2838 Alvernia
1521 2762 1727 2852 serviente,

304 2888 351 2966 de
372 2892 480 2999 cujus
499 2891 572 2969 vita
589 2892 646 2970 vel
663 2911 787 2972 morte
804 2921 883 2974 non
902 2893 1019 2973 habet
1041 2893 1321 2972 certitudinem.
1347 2891 1379 2969 A
1399 2919 1476 2998 quo
1493 2891 1650 2998 quidem
1671 2921 1731 2969 re·

305 3039 456 3125 ceptore
473 3049 561 3100 cum
576 3024 750 3130 peciisset
764 3042 824 3103 ter
846 3053 982 3133 panem
1004 3042 1042 3102 et
1057 3051 1191 3132 aquarn
1214 3039 1252 3102 et
1269 3024 1486 3101 societatem
1503 3022 1667 3112 ordinis,
1692 3040 1732 3100 et

303 3151 505 3232 obtulisset
530 3183 569 3232 se
588 3153 686 3232 velle
701 3153 784 3234 fieri
805 3183 952 3235 servum
974 3155 1161 3234 esclavum
1184 3154 1345 3243 ordinis,
1359 3183 1401 3231 ac
1417 3155 1450 3230 ei
1465 3155 1728 3241 concessisset,

301 3281 484 3388 imposuit
503 3284 574 3361 sibi
595 3284 838 3378 mantellum,
862 3303 900 3364 et
924 3287 1003 3393 ipse
1032 3303 1070 3362 et
1093 3301 1255 3362 astantes
1276 3284 1434 3362 osculati
1459 3283 1615 3360 fuerunt
1640 3311 1729 3361 eum

301 3410 439 3488 inore.
465 3414 651 3518 Postque
678 3412 768 3490 fecit
792 3441 880 3491 eum
909 3441 1043 3492 vovere
1071 3431 1109 3491 et
1128 3413 1257 3520 jurare
1286 3413 1514 3502 castitatem,
1548 3413 1731 3490 obedien·

300 3539 415 3632 ciam,
438 3558 476 3618 et
495 3541 616 3620 vivere
632 3543 712 3620 sine
732 3543 903 3650 proprio,
933 3561 971 3620 et
996 3571 1141 3620 servare
1167 3543 1290 3621 bonos
1317 3570 1408 3620 usus
1436 3559 1474 3617 et
1502 3541 1622 3618 bonas
1640 3570 1731 3619 con-

298 3672 520 3750 suetudines
550 3673 707 3751 ordinis.
733 3674 819 3768 Quo
841 3673 938 3751 facto
959 3673 1083 3751 dictus
1111 3691 1283 3780 receptor
1307 3673 1417 3749 traxit
1444 3671 1568 3776 ipsum
1594 3689 1729 3750 testem

300 3799 347 3876 ad
364 3801 544 3911 angulum
561 3801 660 3881 dicte
678 3831 841 3896 camere,
859 3821 898 3882 et
915 3803 1084 3911 precepit
1103 3803 1139 3881 ei
1158 3803 1264 3910 quod
1284 3802 1488 3908 abnegaret
1504 3817 1564 3878 ter
1582 3803 1727 3893 Deurn,

300 3957 377 4008 non
403 3933 649 4038 exprimendo
668 3931 835 4039 aliquam
858 3961 1006 4012 causmn
1031 3949 1186 4040 propter·
1207 3959 1322 4039 quam
1343 3931 1500 4008 deberet
1526 3929 1728 4036 abnegare,

299 4087 369 4138 nec
385 4061 492 4168 quod
507 4081 604 4140 esset
619 4063 666 4140 de
686 4064 837 4170 punctis
855 4064 1017 4152 ordinis3
1035 4081 1072 4142 et
1093 4064 1173 4168 ipse
1193 4061 1298 4140 testis
1318 4059 1514 4167 abnegavit
1532 4077 1591 4136 ter
1604 4060 1728 4136 Deum

298 4218 382 4284 ore,
402 4221 480 4270 non
498 4194 628 4286 eorde,
649 4211 694 4272 nt
712 4195 823 4283 dixit,
840 4223 928 4272 curn
943 4222 1081 4302 magno
1100 4194 1206 4272 fletu.
1234 4191 1369 4298 Aliqua
1400 4191 1473 4268 alia
1493 4189 1623 4267 illicita
1655 4218 1731 4270 nou

298 4323 583 4401 intervenerunt
602 4324 643 4402 in
664 4324 763 4402 dieta
782 4351 849 4402 sua
871 4325 1092 4431 recepcione
1111 4351 1182 4402 nec
1201 4338 1304 4429 post,
1326 4338 1366 4398 et
1389 4321 1597 4428 predictam
1616 4319 1732 4398 abne·

297 4451 493 4558 gacionem
511 4472 722 4560 potuerunt
734 4454 865 4532 audire
881 4453 1082 4562 supradicti
1100 4453 1140 4532 in
1155 4479 1302 4530 camera
1317 4452 1535 4539 existentes,
1557 4468 1595 4528 et
1610 4451 1730 4542 credit
1755 4539 1762 4552 ,

297 4584 403 4690 quod
422 4585 485 4661 alii
498 4583 629 4662 fratres
644 4584 790 4662 ordinis
806 4585 1060 4661 communiter
1080 4599 1118 4659 et
1131 4582 1277 4688 ubique
1293 4583 1417 4660 Βειιω
1430 4580 1605 4660 similiter
1617 4583 1731 4660 abne·

296 4731 439 4820 gerent.
462 4717 577 4807 ltern,
600 4715 695 4792 dixit
720 4715 826 4822 quod
852 4743 1002 4792 erucem
1024 4713 1190 4792 multum
1210 4711 1498 4802 venerabantur,
1518 4711 1731 4818 specialiter

296 4844 335 4920 in
357 4843 420 4922 die
435 4845 592 4926 Veneris
610 4861 749 4936 sancta,
775 4862 814 4922 et
831 4871 914 4922 earn
928 4861 1154 4933 reverenter,
1172 4841 1288 4922 nudis
1304 4843 1484 4950 pedibus,
1499 4840 1727 4934 adorabant,

1529 4979 1578 5040 28.
