4242 5890
384 539 458 615 su
535 471 545 491 ’
771 513 1411 606 rnoctsnusrnnrmuns.

384 682 499 760 modo
528 677 698 785 predicto
727 675 880 754 fuerunt
903 673 1060 780 recepti,
1092 670 1183 747 dixit
1206 701 1274 778 per
1288 673 1545 780 juramentum
1573 692 1684 742 suum
1707 663 1810 770 quod
1859 721 1862 726 ,

386 809 618 916 creditquod
634 805 686 884 illi
705 826 740 884 et
752 833 885 884 omnes
900 806 960 881 atii
974 821 1061 880 sunt
1076 818 1114 878 et
1124 799 1274 879 hremnt
1282 799 1420 906 recepti
1435 827 1503 902 per
1517 797 1630 873 istum
1640 795 1809 873 modum.

385 939 601 1046 Requisitus
622 938 739 1014 eciam
759 955 884 1014 utrum
904 935 956 1024 vi,
977 931 1037 1011 vel
1060 947 1164 1008 metu
1182 948 1457 1008 tormentorum
1477 925 1535 1002 vet
1556 924 1729 1017 carceris,
1749 942 1813 1002 eut

388 1071 509 1175 aliqua
527 1067 735 1157 siliacense,
752 1068 791 1142 in
809 1065 1046 1171 deposicione
1062 1090 1129 1140 sna
1147 1062 1282 1140 dixerit
1295 1059 1507 1147 falsitatem,
1526 1056 1618 1133 dixit
1630 1081 1699 1161 per
1713 1055 1815 1161 jura-

388 1215 558 1276 mentum
580 1223 690 1273 suum
706 1195 810 1301 quod
830 1221 923 1284 non3
946 1195 1063 1270 immo
1082 1219 1213 1298 puram
1234 1207 1271 1268 et
1287 1217 1430 1267 meram
1452 1187 1593 1264 dixerat
1611 1185 1813 1262 veritatem.

446 1459 538 1534 Item
550 1483 662 1546 anno,
686 1455 890 1542 indicione,
913 1481 1057 1541 mense,
1084 1449 1317 1557 pontificatu,
1339 1476 1436 1526 anno
1461 1464 1499 1525 et
1518 1447 1602 1524 loco
1620 1443 1814 1552 predictis,

389 1587 573 1663 vicesima·
584 1603 682 1662 sexta
705 1585 765 1662 die
787 1584 967 1671 octobris,
983 1583 1022 1659 in
1038 1582 1128 1660 dicti
1144 1581 1391 1690 inquisitoris,
1402 1595 1574 1656 nostrum
1586 1575 1815 1653 notariorum

390 1733 428 1792 et
453 1714 770 1819 infrascriptomm
795 1715 946 1790 testium
965 1713 1154 1818 presencia
1179 1711 1426 1819 personaliter
1453 1707 1676 1786 constitutus
1707 1703 1819 1782 freter

390 1844 580 1921 Johennes
593 1844 627 1918 le
641 1843 766 1919 Moine
788 1842 835 1918 de
849 1843 1041 1936 Queuvres
1063 1839 1339 1920 Suessionensis
1359 1837 1531 1926 diocesis,
1547 1861 1699 1912 memus
1718 1833 1818 1938 apud

273 1991 277 2004 ·
391 1973 645 2079 Latigniscum
676 1973 839 2059 Siccum,
862 1972 969 2049 etatis
993 1969 1233 2075 quadraginta
1253 1995 1456 2058 annorum,
1486 1983 1529 2042 ut
1550 1965 1656 2054 dicit,
1686 1963 1817 2040 eodem

392 2100 508 2178 modo
519 2102 664 2205 juratus
675 2101 722 2175 de
734 2127 772 2176 se
787 2117 824 2175 et
836 2099 918 2174 aliis
930 2100 969 2174 in
981 2127 1088 2175 carisa
1104 2098 1192 2174 fidei
1208 2099 1332 2176 dicere
1342 2097 1553 2186 veritatem,
1569 2111 1609 2171 et
1620 2093 1820 2199 interroga-

392 2249 453 2308 tus
464 2229 511 2305 de
526 2247 695 2332 tempore
712 2246 750 2304 et
762 2226 877 2304 modo
892 2228 1123 2332 recepcionis
1136 2255 1219 2316 sue,
1242 2227 1334 2303 dixit
1351 2253 1420 2332 per
1432 2226 1693 2331 juramentum
1710 2251 1817 2300 suum

393 2358 496 2464 quod
510 2356 608 2433 bene
629 2355 1022 2461 suntquatuordeoem
1034 2356 1119 2432 enni
1140 2355 1198 2432 vel
1218 2357 1313 2432 circa
1333 2356 1439 2462 quod
1452 2355 1522 2432 suit
1535 2372 1708 2461 receptus
1722 2353 1818 2459 apud

394 2485 623 2564 Ghevrutum
645 2485 683 2560 iu
705 2485 787 2562 Bris
808 2483 1198 2590 juxtaCoulommiers
1222 2484 1451 2563 Senonensis
1473 2485 1646 2572 diocesis,
1664 2511 1732 2589 per
1750 2481 1821 2557 sre-

394 2632 490 2690 trem
508 2615 705 2718 Hugonem
725 2612 773 2689 de
791 2613 952 2690 Pruvino
971 2629 1228 2720 preceptorem
1243 2612 1290 2688 de
1310 2613 1412 2701 Bria,
1439 2615 1487 2692 de
1507 2613 1683 2690 mundato
1703 2610 1821 2687 hutris

397 2743 566 2848 Hugonis
597 2743 645 2819 de
677 2743 845 2821 Paraudo
884 2761 1142 2849 preceptorem
1180 2761 1269 2820 tunc
1296 2743 1472 2834 Francis,
1502 2761 1676 2850 presente
1713 2741 1821 2818 fratre

398 2871 570 2979 Philippo
590 2871 638 2948 de
658 2874 756 2979 Hays
782 2891 820 2951 et
847 2873 1010 2980 quodam
1038 2874 1111 2950 alio
1136 2873 1247 2951 fratre
1272 2891 1399 2952 vocato
1423 2874 1611 2980 Remigio,
1634 2874 1700 2980 qui
1724 2899 1824 2948 nunc

399 3018 575 3088 moratur,
596 3019 639 3077 ut
662 3003 795 3093 credit,
823 3003 862 3078 in
888 3002 1001 3080 domo
1025 3003 1162 3080 Montis
1183 3003 1475 3096 suessionensis.
1497 3004 1600 3082 Dixit
1624 3003 1741 3080 eciam
1757 3027 1824 3107 per

394 3133 648 3237 juramentum
669 3160 778 3210 suum
796 3132 918 3238 quod,
938 3149 1024 3238 post
1038 3132 1172 3210 multas
1192 3134 1456 3239 promissiones
1469 3133 1517 3210 de
1534 3135 1679 3210 statutis
1698 3149 1737 3210 et
1754 3129 1823 3208 ob-

401 3261 596 3338 servanciis
612 3260 699 3339 dieti
712 3261 854 3340 ordinis
869 3262 1123 3351 observandis,
1145 3262 1245 3340 idem
1263 3264 1445 3370 recipiens
1458 3265 1627 3371 precepit
1636 3264 1707 3342 sibi
1722 3262 1824 3370 quod

402 3391 432 3465 si
452 3390 550 3466 cslor
570 3390 745 3468 naturalis
762 3409 927 3470 moveret
943 3421 1045 3485 eum,
1062 3395 1165 3500 quod
1186 3421 1261 3471 non
1275 3395 1533 3472 commisceret
1547 3423 1586 3471 se
1601 3423 1687 3470 cum
1699 3391 1826 3470 muhe-

403 3517 528 3608 ribus,
550 3520 616 3598 sed
636 3522 739 3627 qnod
760 3524 1015 3600 commisceret
1033 3551 1072 3600 se
1089 3552 1173 3601 cum
1193 3522 1368 3602 fratribus
1384 3525 1478 3613 suis,
1498 3543 1535 3600 et
1551 3524 1625 3601 hoc
1639 3540 1828 3629 peteretur

405 3649 452 3726 de
469 3648 550 3726 aliis
569 3649 755 3729 fratribus.
775 3653 875 3730 Dixit
890 3654 1007 3730 eciam
1021 3683 1089 3760 per
1098 3655 1351 3761 juramentum
1372 3682 1482 3731 suurn
1502 3654 1607 3760 quod
1625 3653 1825 3759 recipiens,

405 3780 485 3883 ipso
506 3779 619 3857 ducto
643 3781 691 3857 ad
713 3799 873 3887 portent,
902 3783 989 3860 fecit
1011 3801 1178 3888 aportnre
1203 3782 1389 3890 quandam
1416 3812 1565 3861 crucem
1590 3783 1629 3860 in
1654 3811 1728 3888 qua
1753 3797 1830 3858 erat

406 3936 536 4014 ymago
556 3910 671 3987 Jhesu
691 3911 846 4000 Christi,
869 3930 906 3988 et
922 3915 1035 4019 peciit
1054 3913 1101 3990 ab
1122 3942 1167 3991 eo
1187 3931 1314 3992 utrum
1332 3915 1501 3991 crederet
1517 3914 1621 4020 quod
1641 3912 1704 3989 ille
1725 3911 1831 4019 cujus

407 4065 541 4143 ymago
561 4056 639 4114 erat
658 4039 709 4116 ibi
730 4059 825 4118 esset
834 4042 954 4130 Deust
972 4043 1037 4148 qui
1058 4042 1150 4125 dixit
1168 4071 1238 4150 per
1253 4043 1512 4151 juramentum
1526 4073 1636 4122 suum
1659 4041 1764 4149 quod
1777 4069 1832 4116 re·

410 4165 559 4270 spondit
569 4166 672 4273 quod
687 4169 757 4255 sic,
771 4185 808 4245 et
822 4187 912 4246 tunc
926 4169 1047 4248 dictus
1057 4174 1239 4280 recipiens
1251 4172 1339 4252 fecit
1351 4202 1438 4250 eum
1450 4171 1606 4250 Jhesum
1621 4171 1830 4259 Christum,

410 4295 517 4402 cujus
531 4325 663 4404 ymago
678 4315 756 4375 eret
770 4297 839 4388 ibi,
855 4298 1036 4406 abnegare
1049 4318 1119 4390 ter,
1136 4319 1172 4379 et
1186 4303 1352 4409 quelibet
1363 4303 1440 4381 vice
1457 4331 1603 4410 spuere.
1620 4301 1835 4408 Requisitus

411 4424 458 4501 de
476 4425 619 4517 osculo,
643 4427 736 4505 dixit
753 4457 822 4534 per
834 4429 1088 4536 juramentum
1109 4461 1219 4510 suum
1245 4432 1349 4540 quod
1369 4431 1556 4512 osculatus
1574 4433 1644 4510 fuit
1666 4460 1755 4510 eum
1778 4429 1837 4506 bis

412 4552 670 4645 solummodo,
685 4557 857 4636 videlicet
866 4560 981 4638 semel
990 4559 1028 4636 in
1036 4561 1233 4652 umbilico,
1251 4579 1287 4639 et
1298 4562 1415 4640 semel
1428 4563 1466 4638 in
1477 4591 1554 4641 ore.
1566 4561 1782 4668 Reqnisitus
1791 4559 1838 4636 de

412 4684 588 4790 capitede
599 4715 674 4792 quo
686 4686 845 4795 iitsupra
858 4690 1016 4781 mencio,
1032 4691 1124 4769 dixit
1133 4693 1236 4797 quod
1247 4691 1362 4769 nichil
1373 4693 1459 4782 scit,
1477 4709 1514 4770 et
1526 4690 1631 4798 quod
1647 4717 1841 4797 nunquam

411 4812 482 4890 fuit
502 4815 540 4890 in
555 4816 737 4922 capitulis.
755 4821 802 4895 Et
814 4817 904 4896 dixit
922 4849 991 4926 per
1004 4822 1258 4928 juramentum
1280 4851 1387 4900 suum
1409 4822 1512 4929 quod
1532 4825 1610 4928 ipse
1628 4839 1665 4900 et
1686 4821 1841 4928 quidam
