4486 5890
731 499 928 593 rnocus
956 519 1051 590 nus
1076 519 1379 594 reuertens.
1698 521 1768 594 115

341 662 394 740 vit
420 661 545 767 ipsum
564 675 701 738 testem
729 661 777 740 ad
801 687 988 738 cameram
1012 686 1137 748 suam,
1178 687 1252 738 una
1282 688 1370 739 cum
1399 660 1501 738 dicto
1527 659 1703 740 Guidone
1732 660 1770 738 lo

342 793 480 886 Masso,
502 791 619 870 nullis
637 791 720 870 aliis
739 791 996 899 presentibus,
1019 809 1057 868 et
1076 789 1169 869 dixit
1189 791 1223 868 ei
1240 790 1367 900 quod,
1387 818 1430 867 ex
1456 819 1534 899 quo
1557 808 1635 870 erat
1658 791 1772 870 frater

343 949 492 1010 eorum,
514 921 712 1028 oportebat
738 949 827 1000 eum
846 921 1030 1029 abnegare
1056 921 1181 998 Deum
1207 921 1264 999 vel
1288 922 1445 1000 lhesum
1466 921 1676 1010 Christum,
1705 919 1772 998 sed

343 1079 421 1132 non
441 1053 553 1160 plene
573 1051 707 1131 recolit
721 1051 752 1129 si
773 1051 952 1158 expressit
967 1051 1092 1128 Deum
1110 1050 1169 1127 vel
1190 1051 1348 1128 lhesum
1371 1049 1589 1138 Christum
1618 1066 1657 1126 et
1685 1077 1772 1125 cum

343 1183 424 1290 ipse
446 1182 554 1261 testis'
571 1182 818 1287 responderet
845 1209 884 1259 se
915 1179 1022 1258 nullo
1050 1181 1167 1258 modo
1196 1179 1464 1287 abnegaturus,
1489 1179 1583 1257 dixit
1609 1179 1643 1256 ei
1666 1177 1771 1285 quod

345 1313 417 1390 boc
436 1309 633 1419 oportebat
653 1341 742 1392 eum
761 1311 897 1399 lacere,
919 1311 1008 1418 quia
1029 1310 1081 1386 sic
1102 1310 1238 1386 eratin
1261 1309 1394 1388 ordine
1419 1308 1502 1386 fieri
1525 1325 1771 1397 consuetum,

347 1460 383 1520 et
401 1459 492 1520 tunc
512 1443 592 1547 ipse
611 1442 717 1520 testis
737 1441 933 1550 abnegavit
951 1441 1077 1518 Deum
1104 1440 1164 1516 vel
1190 1441 1346 1517 lbesum
1378 1439 1572 1517 Christum
1602 1467 1667 1518 ore
1696 1465 1774 1516 non

347 1572 478 1663 corde,
502 1587 545 1650 ut
565 1571 668 1650 dixit.
691 1573 780 1649 Post
800 1599 874 1677 que
893 1569 1062 1677 precepit
1081 1568 1115 1644 ei
1138 1569 1245 1674 quod
1264 1586 1417 1674 spueret
1436 1597 1549 1675 super
1570 1567 1774 1674 quamdam

347 1727 497 1778 crucem
521 1701 685 1808 ligneam
712 1701 845 1806 inqua
872 1716 953 1776 erat
974 1726 1109 1806 ymago
1135 1698 1329 1791 Crucifixi,
1360 1699 1497 1805 etipse
1525 1699 1631 1776 testis
1651 1697 1776 1775 noluit

347 1855 486 1938 spuere
501 1857 631 1936 supra,
647 1829 717 1908 sed
733 1830 837 1935 spuit
845 1831 965 1937 juxta.
982 1828 1065 1906 Alia
1076 1827 1206 1904 illicita
1224 1855 1300 1906 non
1312 1828 1596 1905 intervenerunt
1610 1827 1649 1904 in
1668 1827 1777 1904 dictis

348 1958 634 2066 recepcionibus
653 1987 724 2036 nec
737 1974 844 2064 post3
865 1985 934 2034 nec
954 1957 1074 2035 credit
1092 1956 1199 2062 quod
1219 1957 1318 2034 dicta
1336 1956 1467 2036 illicita
1490 1957 1550 2034 vel
1571 1956 1642 2033 alia
1662 1957 1777 2034 inter-

349 2089 521 2166 venirent
535 2090 574 2165 in
595 2086 879 2195 recepcionibus
899 2086 1059 2164 aliorum
1083 2087 1141 2162 vel
1165 2103 1266 2192 post,
1294 2087 1479 2192 quianon
1505 2087 1598 2163 vidit
1618 2114 1687 2163 nec
1712 2113 1778 2164 au-

352 2219 445 2298 divit
462 2219 553 2310 dici,
575 2236 613 2298 et
631 2217 703 2296 fuit
722 2218 872 2295 locutus
892 2244 979 2294 cum
1000 2215 1112 2294 fratre
1127 2215 1329 2322 Radulpbo
1353 2216 1400 2293 de
1420 2215 1521 2294 Frisa
1540 2231 1777 2322 preceptore,

353 2347 400 2426 de
420 2349 547 2427 Veteri
567 2348 665 2428 Villa
682 2346 946 2424 Ambianensis
973 2345 1149 2433 diocesis,
1172 2345 1220 2422 de
1245 2345 1353 2452 cujus
1376 2346 1449 2422 vita
1467 2344 1525 2422 vel
1551 2362 1672 2424 morte
1701 2373 1779 2422 non

352 2475 467 2556 babet
485 2477 768 2566 certitudinem,
790 2476 820 2552 si
842 2475 977 2580 ipsein
996 2474 1216 2580 recepcione
1233 2501 1300 2550 sua
1313 2473 1453 2552 fecerat
1466 2474 1635 2581 predicta
1652 2475 1780 2554 illicita

352 2604 411 2684 vel
430 2605 518 2698 alia3
538 2633 736 2712 perquem
751 2604 824 2682 luit
838 2603 910 2681 sibi
924 2629 1148 2708 responsum
1162 2601 1267 2709 quod
1286 2629 1381 2694 non,
1404 2619 1441 2680 et
1455 2605 1561 2710 quod
1582 2631 1779 2710 nunqnam

353 2734 545 2814 audiverat
563 2735 635 2814 dici
658 2763 729 2812 nec
753 2733 930 2812 credebat
954 2732 1059 2839 quod
1077 2733 1117 2808 in
1142 2732 1275 2810 ordine
1292 2732 1428 2811 fierent
1446 2731 1613 2839 predicta
1632 2732 1779 2820 illicita,

355 2881 394 2942 et
412 2864 619 2942 mirabatur
650 2865 697 2942 de
721 2863 794 2941 biis
822 2891 896 2969 que
922 2862 1045 2943 dictus
1064 2863 1170 2940 testis
1200 2862 1344 2940 dixerat
1363 2861 1534 2940 indebite
1552 2857 1648 2940 facta
1664 2861 1778 2942 luisse

356 3011 441 3102 post
466 3021 573 3072 suam
599 2994 870 3099 recepcionem.
895 2994 991 3069 ltem
1020 2991 1114 3070 dixit
1144 3019 1183 3070 se
1214 2992 1311 3070 bene
1344 2991 1498 3068 credere
1525 2987 1781 3072 'ecclesiasticis

357 3123 618 3216 sacramentis,
640 3141 678 3202 et
703 3124 809 3232 quod
840 3121 902 3200 alii
932 3121 1064 3201 fratres
1094 3122 1237 3200 ordinis
1265 3123 1401 3200 eodem
1422 3123 1540 3200 modo
1563 3122 1780 3212 crederent,

359 3271 397 3332 et
419 3253 526 3360 quod
545 3281 677 3330 eorum
700 3252 912 3331 sacerdotes
932 3251 1060 3331 debite
1091 3251 1336 3330 celebrarent.
1361 3251 1496 3330 Statim
1518 3281 1586 3358 pro
1605 3252 1782 3359 professis

357 3381 604 3462 habebantur.
625 3383 867 3464 Clandestine
883 3384 1175 3492 recipiebantur,
1194 3384 1309 3463 nullis
1328 3385 1568 3491 presentibus
1579 3387 1650 3464 nisi
1663 3386 1784 3464 fratri·

359 3512 433 3590 bus
462 3513 618 3590 ordinis.
639 3514 817 3592 Cordulis
845 3516 948 3592 unde
975 3514 1152 3594 volebant
1171 3516 1371 3622 assumptis
1401 3517 1649 3623 cingebantur
1670 3547 1785 3624 super

361 3643 529 3722 camisias
548 3673 634 3720 curn
656 3643 794 3750 quibus
811 3643 996 3753 jacebant.
1019 3646 1234 3752 lnjunctum
1256 3646 1330 3722 luit
1350 3645 1404 3722 eis
1427 3674 1474 3722 ne
1500 3647 1709 3724 revelarent
1726 3677 1785 3726 ae-

362 3790 462 3852 creta
474 3773 744 3880 capitulorum
759 3776 879 3853 credit
888 3775 993 3882 quod
1004 3775 1087 3854 aliis
1102 3775 1204 3852 idem
1217 3777 1489 3884 injungeretur,
1507 3793 1545 3854 et
1558 3777 1624 3883 qui
1636 3778 1788 3855 revelas

363 3919 447 3980 sent
459 3903 582 4008 puniti
597 3901 773 3993 fuissent,
788 3905 858 3983 sed
870 3905 988 3982 nescit
1001 3905 1174 4013 qualiter.
1193 3905 1409 4013 lnjunctum
1428 3905 1501 3982 luit
1512 3906 1567 3982 eis
1583 3906 1689 4013 quod
1703 3935 1788 3985 con·

363 4029 563 4112 literentur
581 4033 841 4113 sacerdotibus
860 4033 1020 4123 ordinis,
1043 4063 1120 4112 non
1132 4052 1259 4112 tamen
1275 4035 1349 4113 luit
1367 4035 1575 4113 inhibitum
1589 4037 1695 4142 quod
1710 4065 1788 4124 non

365 4162 638 4240 confiterentur
657 4162 750 4240 aliis.
776 4164 816 4242 Si
837 4166 903 4271 qui
924 4183 1030 4244 erant
1048 4166 1115 4272 qui
1137 4167 1277 4244 scirent
1296 4193 1443 4244 errores
1467 4193 1547 4243 esse
1569 4165 1609 4242 in
1633 4167 1785 4257 ordine,

365 4290 598 4398 negligentes
612 4291 769 4371 luerunt
783 4294 872 4400 quia
887 4322 964 4372 non
980 4312 1225 4373 correxerunt
1239 4323 1308 4372 nec
1323 4295 1645 4373 denunciaverunt
1663 4297 1791 4374 Eccle-

365 4421 431 4500 sie.
452 4420 686 4502 Elemosinas
706 4440 745 4501 et
763 4423 1056 4529 hospitalitatem
1079 4425 1173 4503 vidit
1199 4426 1463 4504 convenienter
1488 4425 1569 4502 fieri
1595 4442 1634 4503 et
1653 4429 1790 4504 servari
1813 4431 1825 4450 “

364 4549 405 4627 in
425 4551 606 4630 domibus
622 4551 767 4630 ordinis
782 4554 822 4629 in
840 4553 980 4660 quibus
999 4551 1070 4631 fuit
1088 4571 1335 4633 conversatus.
1354 4556 1475 4631 Totus
1492 4554 1589 4632 ordo
1611 4573 1792 4634 servasset

367 4679 472 4786 prod
501 4707 569 4786 per
596 4709 775 4788 magnum
808 4684 1026 4789 Magistrum
1060 4711 1146 4761 cum
1178 4699 1365 4763 conventu
1398 4684 1615 4762 ordinatum
1644 4683 1789 4765 fuisset.

368 4805 535 4886 Grandia
553 4811 743 4902 scandala,
765 4812 927 4917 suspicio
952 4829 990 4892 et
1013 4813 1164 4892 infamia
1188 4831 1315 4892 contra
1338 4812 1511 4902 ordinem
1532 4831 1622 4893 sunt
1645 4832 1789 4903 exorta,

477 4945 587 5006 esocis
609 4965 662 5008 nes
682 4966 854 5010 acarnanas.
871 4981 913 4995 -
929 4970 961 5010 u.
1608 4953 1643 5014 15
