4320 5898
762 484 956 578 necess
984 501 1081 576 nss
1108 503 1408 580 rsurmsas.
1674 457 1677 464 ⁴
1751 515 1795 584 21

368 669 526 750 magnus
552 644 729 753 Magister
759 664 797 726 et
827 647 890 726 alii
918 647 1100 726 dicuntur
1128 646 1255 756 aliqua
1279 649 1394 729 luisse
1418 649 1600 742 confessi3
1618 652 1667 732 ad
1694 653 1802 763 cujus

369 775 644 854 deffensionem
659 777 805 858 ordinis
825 807 864 858 se
884 806 962 856 non
983 776 1185 858 obtulerat.

426 907 644 1014 Requisitus
675 909 707 986 si
734 910 788 988 sic
820 911 1048 1019 deposuerat
1078 939 1205 1020 prece,
1236 929 1432 1020 precepto,
1466 913 1624 1002 timore,
1656 943 1801 1005 amore,

371 1037 461 1116 odio
473 1036 532 1116 vel
547 1040 746 1146 temporali
766 1042 930 1120 comodo
946 1015 1078 1120 liabitn
1090 1042 1150 1122 vel
1166 1043 1361 1136 habendo,
1377 1045 1574 1150 respondit
1587 1048 1694 1153 quod
1708 1075 1801 1138 non,

370 1167 438 1246 sed
461 1195 531 1276 pro
558 1171 713 1250 veritate
745 1172 927 1264 dicenda3
953 1172 1015 1250 cui
1042 1171 1115 1251 luit
1143 1175 1357 1284 injunctum
1382 1175 1490 1283 quod
1518 1195 1601 1254 non·
1624 1177 1806 1257 revelaret

371 1302 467 1378 banc
484 1329 591 1380 suam
610 1301 900 1412 deposicionem.
913 1331 1116 1414 quousque
1131 1307 1394 1388 attestationes
1412 1307 1555 1386 brerint
1572 1309 1774 1416 publicate.

428 1570 557 1646 Frater
586 1565 713 1645 Helias
744 1567 944 1676 ,raynaudi
972 1566 1288 1675 Petregoricensis
1320 1568 1481 1647 diocesis
1507 1570 1691 1664 serviens,
1721 1603 1807 1680 pre-

373 1716 502 1806 ceptor
534 1699 672 1777 domus
703 1697 856 1804 Templi
887 1698 936 1778 de
968 1698 1175 1806 Dompnho
1207 1701 1458 1779 Xantonensis
1488 1701 1670 1796 diocesis,
1701 1706 1808 1784 testis

372 1857 486 1937 supra
503 1831 668 1940 juratus,
691 1828 918 1908 mantellum
939 1830 1086 1908 ordinis
1107 1846 1145 1908 et
1162 1830 1319 1909 barbam
1347 1831 1552 1923 defferens,
1572 1835 1810 1946 quinquage-

374 1962 502 2041 narius
524 1961 584 2040 vel
604 1963 721 2051 circa,
751 1991 838 2040 cum
859 1989 938 2070 quo
956 1961 1082 2041 fuerat
1100 1962 1347 2070 inquisitum,
1365 1963 1564 2044 absolutus
1584 1982 1623 2044 et
1640 1970 1809 2046 reconci·
1842 2041 1845 2048 .

331 2119 335 2126 ·
373 2093 487 2172 liatus
510 2123 577 2202 par
605 2093 807 2172 dominum
834 2093 1054 2201 episcopum
1089 2095 1387 2184 Xantonensem,
1415 2095 1522 2174 lectis
1550 2113 1587 2174 ct
1608 2098 1810 2208 diligenter

374 2226 551 2332 expositis
575 2226 648 2304 sibi
679 2226 860 2304 omnibus
880 2241 919 2304 et
943 2224 1104 2334 singulis
1125 2224 1313 2319 articulis,
1334 2226 1532 2333 respondit
1551 2255 1591 2306 se
1612 2257 1808 2339 nunquam

372 2357 509 2436 vidisse
524 2387 595 2436 nec
608 2357 755 2436 scivisse
769 2343 875 2469 quod
889 2358 930 2438 in
942 2356 1231 2464 receptionibus
1245 2356 1402 2464 fratrum
1419 2357 1564 2438 ordinis
1576 2360 1635 2440 vel
1648 2381 1734 2468 post
1745 2363 1810 2442 lie·

373 2507 458 2569 rent
477 2490 766 2599 abnegaciones,
790 2489 1146 2599 dogmatizaciones,
1169 2489 1357 2596 vituperia
1379 2490 1516 2584 crucis,
1542 2492 1672 2570 oscula
1698 2494 1810 2576 inho·

374 2639 496 2722 nesta,
517 2621 577 2701 vel
601 2621 674 2700 alia
694 2651 769 2730 que
790 2622 839 2700 ad
858 2623 1003 2700 crimen
1028 2620 1317 2712 sodomiticum,
1339 2621 1398 2700 vel
1427 2649 1501 2728 que
1522 2622 1660 2703 adalia
1679 2608 1810 2706 illicita

373 2753 415 2830 in
434 2752 600 2832 articulis
620 2769 817 2842 contenta,
838 2781 909 2830 nec
928 2754 1049 2833 credit
1068 2754 1175 2864 quod
1193 2753 1331 2832 fierent
1350 2753 1449 2831 dicta
1464 2745 1596 2832 illicita
1611 2755 1671 2836 vel
1686 2756 1811 2866 eliqua

375 2914 419 2964 ex
439 2885 515 2978 eis;
536 2916 607 2965 nec
633 2885 776 2976 audivit
799 2885 873 2964 hoc
893 2885 986 2976 dici,
1012 2885 1086 2964 nisi
1110 2903 1198 2993 post
1222 2886 1440 2993 capcionem
1461 2914 1611 2978 eorum,
1634 2905 1672 2968 et
1691 2891 1812 2968 credit

375 3018 483 3128 quod
501 3046 636 3098 omnes
651 3017 907 3096 communiter
925 3019 1186 3125 reciperentur
1205 3018 1246 3095 in
1266 3018 1401 3097 ordine
1422 3018 1566 3128 ubique
1586 3019 1685 3100 sicut
1698 3020 1812 3103 frater

375 3150 604 3231 Amblardus
619 3154 666 3231 de
680 3152 801 3233 Viena
816 3152 1031 3260 quondam,
1053 3168 1147 3230 tunc
1163 3165 1363 3259 preceptor
1375 3149 1599 3258 Aquitanie,
1620 3172 1812 3261 receperat

376 3284 414 3362 in
435 3282 576 3392 capella
596 3283 735 3362 domus
750 3284 903 3390 Templi
923 3283 1001 3362 deu
1020 3283 1150 3362 Delles
1163 3282 1414 3362 Xantonensis
1426 3283 1604 3374 diocesis,
1623 3286 1813 3396 dominica

376 3433 462 3494 ante
483 3416 625 3494 instans
644 3413 783 3494 festum
803 3413 1043 3494 Ascensionis
1061 3415 1219 3495 Domini
1244 3431 1358 3493 erunt
1381 3414 1532 3494 circiter
1554 3443 1637 3498 mut
1653 3418 1740 3496 anni
1750 3418 1812 3498 ,vel

377 3547 490 3642 circa,
512 3546 753 3656 presentibus
773 3545 952 3625 fratribus
971 3546 1080 3624 Helia
1102 3546 1149 3624 de
1169 3546 1347 3624 Bordelia
1374 3546 1518 3636 milite,
1542 3549 1654 3627 Petro
1675 3551 1811 3628 Lemo-

376 3679 514 3758 vicensi
534 3696 755 3788 preceptore
787 3679 888 3758 dicte
919 3680 1057 3756 domus
1089 3677 1166 3756 deu
1191 3678 1341 3768 Deliae,
1372 3679 1483 3757 Petro
1509 3679 1557 3756 de
1584 3680 1809 3790 Petragoris,

370 3827 416 3888 ‘et
434 3809 518 3890 aliis
542 3809 754 3902 defunctis3
776 3841 798 3888 a
819 3839 897 3919 quo
918 3837 1006 3888 cum
1030 3808 1252 3916 requisisset
1272 3809 1481 3899 caritatem,
1505 3799 1751 3900 elemosinam
1774 3828 1813 3890 et

377 3943 595 4022 societatem
614 3943 759 4022 ordinis
780 3960 818 4022 et
840 3943 875 4022 ei
896 3941 1157 4032 concessisset,
1179 3939 1269 4019 lecit
1288 3969 1377 4020 eum
1396 3969 1529 4022 vovere
1551 3959 1589 4021 et
1602 3944 1732 4052 jurare
1753 3972 1811 4021 ca-

378 4075 559 4169 stitatem,
583 4073 863 4165 obedientiam,
884 4073 1006 4154 vivere
1025 4073 1107 4154 sine
1134 4073 1306 4181 proprio,
1334 4102 1479 4153 servare
1507 4073 1630 4154 bonos
1655 4105 1747 4156 usus
1775 4093 1812 4155 et

376 4203 496 4286 bonas
511 4205 808 4286 consuetudines
822 4205 980 4295 ordinis,
999 4221 1038 4285 et
1044 4205 1172 4314 jurare
1188 4233 1257 4313 pro
1271 4232 1381 4312 posse
1394 4233 1464 4284 suo
1476 4206 1526 4284 ad
1536 4193 1812 4314 acquirendum

378 4339 535 4418 Terram
549 4339 735 4418 Sanctam.
757 4338 1008 4417 Postmodum
1034 4337 1216 4444 imposuit
1240 4337 1313 4416 sibi
1333 4337 1576 4434 mantellum,
1601 4355 1642 4418 et
1666 4340 1746 4448 ipse
1776 4359 1813 4418 et

377 4467 508 4549 fratres
528 4486 689 4550 astantes
711 4468 869 4550 osculati
888 4469 1048 4548 fuerunt
1068 4496 1158 4546 eum
1182 4469 1222 4548 in
1244 4497 1322 4548 ore.
1343 4469 1391 4547 Et
1409 4469 1587 4548 instruxit
1609 4500 1698 4549 eum
1718 4488 1813 4580 quot

377 4603 490 4682 Pater
502 4601 781 4681 nosterdiceret
799 4631 870 4709 pro
890 4602 994 4684 horis
1015 4602 1113 4693 suis,
1131 4617 1170 4680 et
1189 4600 1352 4712 qualiter
1371 4620 1519 4711 regeret
1539 4631 1578 4682 se
1599 4603 1639 4680 in
1659 4602 1810 4692 ordine3

378 4750 418 4812 et
435 4731 588 4812 nullum
606 4732 783 4812 illicitum
802 4733 861 4813 vel
881 4733 1128 4814 inhonestum
1147 4733 1399 4814 intervenerat
1413 4735 1454 4812 in
1476 4735 1575 4814 dicto
1589 4735 1810 4842 recepcione
1862 4783 1866 4796 ·

379 4893 446 4944 sua
465 4891 536 4944 nec
553 4881 658 4972 post,
672 4893 743 4944 nec
763 4865 881 4943 eciam
902 4865 942 4944 in
963 4864 1250 4974 recepcionibus
1264 4863 1586 4975 infrascriptorum
1606 4895 1705 4976 quos
1720 4865 1813 4947 vidit
