<?xml version="1.0" encoding="UTF-8"?>
<!DOCTYPE html PUBLIC "-//W3C//DTD XHTML 1.0 Transitional//EN"
    "http://www.w3.org/TR/xhtml1/DTD/xhtml1-transitional.dtd">
<html xmlns="http://www.w3.org/1999/xhtml" xml:lang="en" lang="en">
 <head>
  <title>
</title>
<meta http-equiv="Content-Type" content="text/html;charset=utf-8" />
  <meta name='ocr-system' content='tesseract 3.04.00' />
  <meta name='ocr-capabilities' content='ocr_page ocr_carea ocr_par ocr_line ocrx_word'/>
</head>
<body>
  <div class='ocr_page' id='page_1' title='image "./procsdestemplie03defegoog/procsdestemplie03defegoog_0181.png"; bbox 0 0 4486 5890; ppageno 0'>
   <div class='ocr_carea' id='block_1_1' title="bbox 754 522 1783 628">
    <p class='ocr_par' dir='ltr' id='par_1_1' title="bbox 754 522 1783 628">
     <span class='ocr_line' id='line_1_1' title="bbox 754 522 1783 628; baseline -0.002 -2"><span class='ocrx_word' id='word_1_1' title='bbox 754 534 1396 628; x_wconf 79' lang='lat' dir='ltr'><strong>ennensnasrnneusns.</strong></span> <span class='ocrx_word' id='word_1_2' title='bbox 1478 522 1481 531; x_wconf 83' lang='lat'>&#39;</span> <span class='ocrx_word' id='word_1_3' title='bbox 1714 553 1783 624; x_wconf 81' lang='lat' dir='ltr'><strong>ne</strong></span> 
     </span>
    </p>
   </div>
   <div class='ocr_carea' id='block_1_2' title="bbox 271 690 1790 2758">
    <p class='ocr_par' dir='ltr' id='par_1_2' title="bbox 271 690 1790 2208">
     <span class='ocr_line' id='line_1_2' title="bbox 358 690 1785 801; baseline -0.001 -31"><span class='ocrx_word' id='word_1_4' title='bbox 358 695 397 771; x_wconf 91' lang='lat' dir='ltr'><strong>in</strong></span> <span class='ocrx_word' id='word_1_5' title='bbox 428 691 568 801; x_wconf 90' lang='lat' dir='ltr'><strong>quibus</strong></span> <span class='ocrx_word' id='word_1_6' title='bbox 605 694 726 772; x_wconf 85' lang='lat' dir='ltr'><strong>extitit</strong></span> <span class='ocrx_word' id='word_1_7' title='bbox 761 711 1033 784; x_wconf 84' lang='lat' dir='ltr'><strong>commoratus,</strong></span> <span class='ocrx_word' id='word_1_8' title='bbox 1063 693 1157 772; x_wconf 89' lang='lat' dir='ltr'><strong>vidit</strong></span> <span class='ocrx_word' id='word_1_9' title='bbox 1191 693 1416 772; x_wconf 81' lang='lat' dir='ltr'><strong>elemosinas</strong></span> <span class='ocrx_word' id='word_1_10' title='bbox 1436 708 1474 769; x_wconf 90' lang='lat' dir='ltr'><strong>et</strong></span> <span class='ocrx_word' id='word_1_11' title='bbox 1493 690 1785 799; x_wconf 81' lang='lat' dir='ltr'><strong>hospitalitatem</strong></span> 
     </span>
     <span class='ocr_line' id='line_1_3' title="bbox 271 809 1787 932; baseline -0.003 -29"><span class='ocrx_word' id='word_1_12' title='bbox 271 809 275 814; x_wconf 31' lang='lat'>¹</span> <span class='ocrx_word' id='word_1_13' title='bbox 359 823 627 902; x_wconf 90' lang='lat' dir='ltr'><strong>convenienter</strong></span> <span class='ocrx_word' id='word_1_14' title='bbox 652 822 735 900; x_wconf 89' lang='lat' dir='ltr'><strong>lieri</strong></span> <span class='ocrx_word' id='word_1_15' title='bbox 764 843 801 900; x_wconf 92' lang='lat' dir='ltr'><strong>et</strong></span> <span class='ocrx_word' id='word_1_16' title='bbox 825 825 979 917; x_wconf 88' lang='lat' dir='ltr'><strong>servari,</strong></span> <span class='ocrx_word' id='word_1_17' title='bbox 1013 840 1051 902; x_wconf 93' lang='lat' dir='ltr'><strong>et</strong></span> <span class='ocrx_word' id='word_1_18' title='bbox 1079 824 1202 903; x_wconf 89' lang='lat' dir='ltr'><strong>dictus</strong></span> <span class='ocrx_word' id='word_1_19' title='bbox 1230 840 1402 932; x_wconf 87' lang='lat' dir='ltr'><strong>receptor</strong></span> <span class='ocrx_word' id='word_1_20' title='bbox 1426 822 1595 931; x_wconf 80' lang='lat' dir='ltr'><strong>precepit</strong></span> <span class='ocrx_word' id='word_1_21' title='bbox 1620 823 1655 899; x_wconf 92' lang='lat' dir='ltr'><strong>ei</strong></span> <span class='ocrx_word' id='word_1_22' title='bbox 1682 823 1787 929; x_wconf 92' lang='lat' dir='ltr'><strong>quod</strong></span> 
     </span>
     <span class='ocr_line' id='line_1_4' title="bbox 360 952 1789 1060; baseline -0.001 -29"><span class='ocrx_word' id='word_1_23' title='bbox 360 971 593 1033; x_wconf 77' lang='lat' dir='ltr'><strong>conservaret</strong></span> <span class='ocrx_word' id='word_1_24' title='bbox 612 953 837 1032; x_wconf 83' lang='lat' dir='ltr'><strong>elemosinas</strong></span> <span class='ocrx_word' id='word_1_25' title='bbox 856 971 894 1032; x_wconf 90' lang='lat' dir='ltr'><strong>et</strong></span> <span class='ocrx_word' id='word_1_26' title='bbox 910 954 1011 1033; x_wconf 85' lang='lat' dir='ltr'><strong>bona</strong></span> <span class='ocrx_word' id='word_1_27' title='bbox 1030 954 1192 1046; x_wconf 71' lang='lat' dir='ltr'><strong>ordinis,</strong></span> <span class='ocrx_word' id='word_1_28' title='bbox 1215 971 1253 1032; x_wconf 90' lang='lat' dir='ltr'><strong>et</strong></span> <span class='ocrx_word' id='word_1_29' title='bbox 1272 952 1518 1032; x_wconf 87' lang='lat' dir='ltr'><strong>inhibebatur</strong></span> <span class='ocrx_word' id='word_1_30' title='bbox 1535 952 1587 1046; x_wconf 89' lang='lat' dir='ltr'><strong>ei,</strong></span> <span class='ocrx_word' id='word_1_31' title='bbox 1607 953 1677 1031; x_wconf 92' lang='lat' dir='ltr'><strong>suh</strong></span> <span class='ocrx_word' id='word_1_32' title='bbox 1689 953 1789 1060; x_wconf 87' lang='lat' dir='ltr'><strong>peri-</strong></span> 
     </span>
     <span class='ocr_line' id='line_1_5' title="bbox 359 1073 1787 1191; baseline -0.004 -28"><span class='ocrx_word' id='word_1_33' title='bbox 359 1083 445 1163; x_wconf 90' lang='lat' dir='ltr'><strong>culo</strong></span> <span class='ocrx_word' id='word_1_34' title='bbox 467 1085 589 1160; x_wconf 88' lang='lat' dir='ltr'><strong>anime</strong></span> <span class='ocrx_word' id='word_1_35' title='bbox 611 1111 695 1176; x_wconf 90' lang='lat' dir='ltr'><strong>sue,</strong></span> <span class='ocrx_word' id='word_1_36' title='bbox 712 1083 817 1190; x_wconf 90' lang='lat' dir='ltr'><strong>quod</strong></span> <span class='ocrx_word' id='word_1_37' title='bbox 834 1111 911 1163; x_wconf 92' lang='lat' dir='ltr'><strong>non</strong></span> <span class='ocrx_word' id='word_1_38' title='bbox 927 1073 1139 1191; x_wconf 85' lang='lat' dir='ltr'><strong>acquireret</strong></span> <span class='ocrx_word' id='word_1_39' title='bbox 1154 1083 1323 1162; x_wconf 85' lang='lat' dir='ltr'><strong>indebite</strong></span> <span class='ocrx_word' id='word_1_40' title='bbox 1338 1083 1477 1162; x_wconf 91' lang='lat' dir='ltr'><strong>ordini.</strong></span> <span class='ocrx_word' id='word_1_41' title='bbox 1499 1084 1541 1160; x_wconf 94' lang='lat' dir='ltr'><strong>ln</strong></span> <span class='ocrx_word' id='word_1_42' title='bbox 1558 1081 1656 1159; x_wconf 90' lang='lat' dir='ltr'><strong>dicta</strong></span> <span class='ocrx_word' id='word_1_43' title='bbox 1672 1082 1787 1160; x_wconf 92' lang='lat' dir='ltr'><strong>domo</strong></span> 
     </span>
     <span class='ocr_line' id='line_1_6' title="bbox 360 1197 1789 1321; baseline -0.003 -27"><span class='ocrx_word' id='word_1_44' title='bbox 360 1215 495 1294; x_wconf 89' lang='lat' dir='ltr'><strong>Sancte</strong></span> <span class='ocrx_word' id='word_1_45' title='bbox 514 1214 662 1292; x_wconf 89' lang='lat' dir='ltr'><strong>Eulalie</strong></span> <span class='ocrx_word' id='word_1_46' title='bbox 681 1197 778 1292; x_wconf 81' lang='lat' dir='ltr'><strong>vidit</strong></span> <span class='ocrx_word' id='word_1_47' title='bbox 804 1213 875 1292; x_wconf 90' lang='lat' dir='ltr'><strong>tria</strong></span> <span class='ocrx_word' id='word_1_48' title='bbox 895 1213 953 1292; x_wconf 90' lang='lat' dir='ltr'><strong>vel</strong></span> <span class='ocrx_word' id='word_1_49' title='bbox 973 1230 1139 1321; x_wconf 88' lang='lat' dir='ltr'><strong>quatuor</strong></span> <span class='ocrx_word' id='word_1_50' title='bbox 1157 1215 1349 1321; x_wconf 84' lang='lat' dir='ltr'><strong>capitulio,</strong></span> <span class='ocrx_word' id='word_1_51' title='bbox 1376 1215 1489 1307; x_wconf 93' lang='lat' dir='ltr'><strong>clam,</strong></span> <span class='ocrx_word' id='word_1_52' title='bbox 1506 1213 1621 1292; x_wconf 90' lang='lat' dir='ltr'><strong>nullis</strong></span> <span class='ocrx_word' id='word_1_53' title='bbox 1634 1243 1789 1320; x_wconf 91' lang='lat' dir='ltr'><strong>presen-</strong></span> 
     </span>
     <span class='ocr_line' id='line_1_7' title="bbox 359 1344 1789 1454; baseline 0.001 -31"><span class='ocrx_word' id='word_1_54' title='bbox 359 1346 464 1424; x_wconf 90' lang='lat' dir='ltr'><strong>tibus</strong></span> <span class='ocrx_word' id='word_1_55' title='bbox 484 1345 556 1423; x_wconf 90' lang='lat' dir='ltr'><strong>nisi</strong></span> <span class='ocrx_word' id='word_1_56' title='bbox 576 1344 756 1424; x_wconf 84' lang='lat' dir='ltr'><strong>fratribus</strong></span> <span class='ocrx_word' id='word_1_57' title='bbox 773 1344 937 1435; x_wconf 85' lang='lat' dir='ltr'><strong>ordinis,</strong></span> <span class='ocrx_word' id='word_1_58' title='bbox 960 1345 1008 1422; x_wconf 92' lang='lat' dir='ltr'><strong>de</strong></span> <span class='ocrx_word' id='word_1_59' title='bbox 1032 1345 1095 1423; x_wconf 89' lang='lat' dir='ltr'><strong>die</strong></span> <span class='ocrx_word' id='word_1_60' title='bbox 1114 1346 1257 1437; x_wconf 88' lang='lat' dir='ltr'><strong>teneri;</strong></span> <span class='ocrx_word' id='word_1_61' title='bbox 1280 1364 1319 1423; x_wconf 94' lang='lat' dir='ltr'><strong>et</strong></span> <span class='ocrx_word' id='word_1_62' title='bbox 1338 1345 1481 1422; x_wconf 89' lang='lat' dir='ltr'><strong>audivit</strong></span> <span class='ocrx_word' id='word_1_63' title='bbox 1501 1345 1577 1422; x_wconf 91' lang='lat' dir='ltr'><strong>dici</strong></span> <span class='ocrx_word' id='word_1_64' title='bbox 1597 1345 1704 1452; x_wconf 89' lang='lat' dir='ltr'><strong>quod</strong></span> <span class='ocrx_word' id='word_1_65' title='bbox 1724 1375 1789 1454; x_wconf 81' lang='lat' dir='ltr'><strong>ge-</strong></span> 
     </span>
     <span class='ocr_line' id='line_1_8' title="bbox 361 1469 1789 1582; baseline -0.001 -28"><span class='ocrx_word' id='word_1_66' title='bbox 361 1476 500 1554; x_wconf 88' lang='lat' dir='ltr'><strong>neralia</strong></span> <span class='ocrx_word' id='word_1_67' title='bbox 517 1475 694 1582; x_wconf 88' lang='lat' dir='ltr'><strong>capitulia</strong></span> <span class='ocrx_word' id='word_1_68' title='bbox 707 1469 914 1581; x_wconf 80' lang='lat' dir='ltr'><strong>aliqnando</strong></span> <span class='ocrx_word' id='word_1_69' title='bbox 933 1473 1212 1554; x_wconf 90' lang='lat' dir='ltr'><strong>incohabantur</strong></span> <span class='ocrx_word' id='word_1_70' title='bbox 1223 1476 1271 1552; x_wconf 91' lang='lat' dir='ltr'><strong>de</strong></span> <span class='ocrx_word' id='word_1_71' title='bbox 1289 1491 1416 1565; x_wconf 90' lang='lat' dir='ltr'><strong>nocte,</strong></span> <span class='ocrx_word' id='word_1_72' title='bbox 1435 1491 1475 1552; x_wconf 93' lang='lat' dir='ltr'><strong>et</strong></span> <span class='ocrx_word' id='word_1_73' title='bbox 1487 1474 1789 1553; x_wconf 88' lang='lat' dir='ltr'><strong>terminabantur</strong></span> 
     </span>
     <span class='ocr_line' id='line_1_9' title="bbox 359 1604 1790 1714; baseline -0.001 -30"><span class='ocrx_word' id='word_1_74' title='bbox 359 1609 400 1684; x_wconf 93' lang='lat' dir='ltr'><strong>in</strong></span> <span class='ocrx_word' id='word_1_75' title='bbox 421 1607 558 1685; x_wconf 90' lang='lat' dir='ltr'><strong>terciis.</strong></span> <span class='ocrx_word' id='word_1_76' title='bbox 581 1606 713 1686; x_wconf 90' lang='lat' dir='ltr'><strong>Credit</strong></span> <span class='ocrx_word' id='word_1_77' title='bbox 735 1606 842 1712; x_wconf 90' lang='lat' dir='ltr'><strong>quod</strong></span> <span class='ocrx_word' id='word_1_78' title='bbox 859 1606 1033 1684; x_wconf 90' lang='lat' dir='ltr'><strong>ordinata</strong></span> <span class='ocrx_word' id='word_1_79' title='bbox 1053 1633 1121 1713; x_wconf 91' lang='lat' dir='ltr'><strong>per</strong></span> <span class='ocrx_word' id='word_1_80' title='bbox 1139 1606 1358 1714; x_wconf 84' lang='lat' dir='ltr'><strong>Magistrum</strong></span> <span class='ocrx_word' id='word_1_81' title='bbox 1382 1634 1471 1682; x_wconf 90' lang='lat' dir='ltr'><strong>cum</strong></span> <span class='ocrx_word' id='word_1_82' title='bbox 1491 1621 1679 1683; x_wconf 89' lang='lat' dir='ltr'><strong>conventu</strong></span> <span class='ocrx_word' id='word_1_83' title='bbox 1699 1604 1790 1682; x_wconf 84' lang='lat' dir='ltr'><strong>luis-</strong></span> 
     </span>
     <span class='ocr_line' id='line_1_10' title="bbox 360 1734 1784 1844; baseline -0.003 -27"><span class='ocrx_word' id='word_1_84' title='bbox 360 1756 444 1818; x_wconf 91' lang='lat' dir='ltr'><strong>sent</strong></span> <span class='ocrx_word' id='word_1_85' title='bbox 467 1754 607 1816; x_wconf 88' lang='lat' dir='ltr'><strong>servata</strong></span> <span class='ocrx_word' id='word_1_86' title='bbox 635 1737 676 1813; x_wconf 93' lang='lat' dir='ltr'><strong>in</strong></span> <span class='ocrx_word' id='word_1_87' title='bbox 700 1752 784 1816; x_wconf 90' lang='lat' dir='ltr'><strong>toto</strong></span> <span class='ocrx_word' id='word_1_88' title='bbox 811 1735 963 1824; x_wconf 92' lang='lat' dir='ltr'><strong>ordine,</strong></span> <span class='ocrx_word' id='word_1_89' title='bbox 986 1752 1116 1813; x_wconf 90' lang='lat' dir='ltr'><strong>contra</strong></span> <span class='ocrx_word' id='word_1_90' title='bbox 1143 1763 1259 1843; x_wconf 89' lang='lat' dir='ltr'><strong>quem</strong></span> <span class='ocrx_word' id='word_1_91' title='bbox 1283 1763 1383 1813; x_wconf 89' lang='lat' dir='ltr'><strong>nunc</strong></span> <span class='ocrx_word' id='word_1_92' title='bbox 1409 1735 1566 1844; x_wconf 84' lang='lat' dir='ltr'><strong>grandia</strong></span> <span class='ocrx_word' id='word_1_93' title='bbox 1589 1734 1784 1824; x_wconf 89' lang='lat' dir='ltr'><strong>scandala,</strong></span> 
     </span>
     <span class='ocr_line' id='line_1_11' title="bbox 361 1865 1789 1977; baseline -0.004 -29"><span class='ocrx_word' id='word_1_94' title='bbox 361 1870 524 1977; x_wconf 89' lang='lat' dir='ltr'><strong>suspicio</strong></span> <span class='ocrx_word' id='word_1_95' title='bbox 545 1886 584 1946; x_wconf 93' lang='lat' dir='ltr'><strong>et</strong></span> <span class='ocrx_word' id='word_1_96' title='bbox 600 1865 753 1945; x_wconf 85' lang='lat' dir='ltr'><strong>infamia</strong></span> <span class='ocrx_word' id='word_1_97' title='bbox 772 1882 861 1946; x_wconf 89' lang='lat' dir='ltr'><strong>sunt</strong></span> <span class='ocrx_word' id='word_1_98' title='bbox 881 1883 1026 1955; x_wconf 83' lang='lat' dir='ltr'><strong>exorta,</strong></span> <span class='ocrx_word' id='word_1_99' title='bbox 1054 1882 1092 1943; x_wconf 93' lang='lat' dir='ltr'><strong>et</strong></span> <span class='ocrx_word' id='word_1_100' title='bbox 1111 1865 1254 1943; x_wconf 92' lang='lat' dir='ltr'><strong>audivit</strong></span> <span class='ocrx_word' id='word_1_101' title='bbox 1273 1865 1347 1942; x_wconf 92' lang='lat' dir='ltr'><strong>dici</strong></span> <span class='ocrx_word' id='word_1_102' title='bbox 1366 1894 1546 1974; x_wconf 85' lang='lat' dir='ltr'><strong>magnum</strong></span> <span class='ocrx_word' id='word_1_103' title='bbox 1568 1866 1789 1974; x_wconf 85' lang='lat' dir='ltr'><strong>Magistrum</strong></span> 
     </span>
     <span class='ocr_line' id='line_1_12' title="bbox 362 1994 1789 2106; baseline -0.003 -29"><span class='ocrx_word' id='word_1_104' title='bbox 362 2016 401 2077; x_wconf 88' lang='lat' dir='ltr'><strong>et</strong></span> <span class='ocrx_word' id='word_1_105' title='bbox 420 1998 514 2077; x_wconf 89' lang='lat' dir='ltr'><strong>alios</strong></span> <span class='ocrx_word' id='word_1_106' title='bbox 530 1995 656 2105; x_wconf 87' lang='lat' dir='ltr'><strong>aliqua</strong></span> <span class='ocrx_word' id='word_1_107' title='bbox 674 2013 803 2076; x_wconf 90' lang='lat' dir='ltr'><strong>contra</strong></span> <span class='ocrx_word' id='word_1_108' title='bbox 823 1997 949 2104; x_wconf 86' lang='lat' dir='ltr'><strong>ipsum</strong></span> <span class='ocrx_word' id='word_1_109' title='bbox 969 1996 1146 2076; x_wconf 87' lang='lat' dir='ltr'><strong>ordinem</strong></span> <span class='ocrx_word' id='word_1_110' title='bbox 1161 1995 1278 2074; x_wconf 86' lang='lat' dir='ltr'><strong>fuisse</strong></span> <span class='ocrx_word' id='word_1_111' title='bbox 1293 1995 1502 2088; x_wconf 70' lang='lat' dir='ltr'><strong>confessos,</strong></span> <span class='ocrx_word' id='word_1_112' title='bbox 1518 1995 1567 2074; x_wconf 92' lang='lat' dir='ltr'><strong>ad</strong></span> <span class='ocrx_word' id='word_1_113' title='bbox 1584 1997 1692 2106; x_wconf 90' lang='lat' dir='ltr'><strong>cujus</strong></span> <span class='ocrx_word' id='word_1_114' title='bbox 1708 1994 1789 2074; x_wconf 86' lang='lat' dir='ltr'><strong>des-</strong></span> 
     </span>
     <span class='ocr_line' id='line_1_13' title="bbox 361 2126 953 2208; baseline -0.002 -3"><span class='ocrx_word' id='word_1_115' title='bbox 361 2127 574 2208; x_wconf 85' lang='lat' dir='ltr'><strong>fensionem</strong></span> <span class='ocrx_word' id='word_1_116' title='bbox 594 2159 634 2208; x_wconf 90' lang='lat' dir='ltr'><strong>se</strong></span> <span class='ocrx_word' id='word_1_117' title='bbox 651 2157 729 2206; x_wconf 92' lang='lat' dir='ltr'><strong>non</strong></span> <span class='ocrx_word' id='word_1_118' title='bbox 750 2126 953 2208; x_wconf 90' lang='lat' dir='ltr'><strong>obtulerat.</strong></span> 
     </span>
    </p>

    <p class='ocr_par' dir='ltr' id='par_1_3' title="bbox 362 2258 1790 2758">
     <span class='ocr_line' id='line_1_14' title="bbox 419 2258 1786 2368; baseline -0.001 -30"><span class='ocrx_word' id='word_1_119' title='bbox 419 2261 637 2367; x_wconf 86' lang='lat' dir='ltr'><strong>Requisitns</strong></span> <span class='ocrx_word' id='word_1_120' title='bbox 648 2261 678 2338; x_wconf 91' lang='lat' dir='ltr'><strong>si</strong></span> <span class='ocrx_word' id='word_1_121' title='bbox 691 2261 744 2337; x_wconf 89' lang='lat' dir='ltr'><strong>sic</strong></span> <span class='ocrx_word' id='word_1_122' title='bbox 758 2260 989 2368; x_wconf 89' lang='lat' dir='ltr'><strong>deposuerat</strong></span> <span class='ocrx_word' id='word_1_123' title='bbox 1004 2285 1134 2366; x_wconf 88' lang='lat' dir='ltr'><strong>prece,</strong></span> <span class='ocrx_word' id='word_1_124' title='bbox 1149 2275 1340 2366; x_wconf 88' lang='lat' dir='ltr'><strong>precepto,</strong></span> <span class='ocrx_word' id='word_1_125' title='bbox 1353 2259 1508 2347; x_wconf 89' lang='lat' dir='ltr'><strong>timore,</strong></span> <span class='ocrx_word' id='word_1_126' title='bbox 1524 2285 1668 2346; x_wconf 89' lang='lat' dir='ltr'><strong>amore,</strong></span> <span class='ocrx_word' id='word_1_127' title='bbox 1684 2258 1786 2349; x_wconf 92' lang='lat' dir='ltr'><strong>odio,</strong></span> 
     </span>
     <span class='ocr_line' id='line_1_15' title="bbox 362 2387 1790 2498; baseline -0.004 -28"><span class='ocrx_word' id='word_1_128' title='bbox 362 2394 420 2470; x_wconf 92' lang='lat' dir='ltr'><strong>vel</strong></span> <span class='ocrx_word' id='word_1_129' title='bbox 434 2391 633 2498; x_wconf 87' lang='lat' dir='ltr'><strong>temporali</strong></span> <span class='ocrx_word' id='word_1_130' title='bbox 651 2391 814 2468; x_wconf 90' lang='lat' dir='ltr'><strong>comodo</strong></span> <span class='ocrx_word' id='word_1_131' title='bbox 835 2389 965 2468; x_wconf 90' lang='lat' dir='ltr'><strong>habito</strong></span> <span class='ocrx_word' id='word_1_132' title='bbox 987 2390 1046 2467; x_wconf 93' lang='lat' dir='ltr'><strong>vel</strong></span> <span class='ocrx_word' id='word_1_133' title='bbox 1068 2388 1262 2480; x_wconf 88' lang='lat' dir='ltr'><strong>habendo,</strong></span> <span class='ocrx_word' id='word_1_134' title='bbox 1277 2387 1475 2496; x_wconf 89' lang='lat' dir='ltr'><strong>respondit</strong></span> <span class='ocrx_word' id='word_1_135' title='bbox 1489 2389 1594 2495; x_wconf 93' lang='lat' dir='ltr'><strong>quod</strong></span> <span class='ocrx_word' id='word_1_136' title='bbox 1608 2417 1701 2478; x_wconf 91' lang='lat' dir='ltr'><strong>non,</strong></span> <span class='ocrx_word' id='word_1_137' title='bbox 1721 2390 1790 2468; x_wconf 87' lang='lat' dir='ltr'><strong>sed</strong></span> 
     </span>
     <span class='ocr_line' id='line_1_16' title="bbox 362 2516 1789 2630; baseline -0.003 -30"><span class='ocrx_word' id='word_1_138' title='bbox 362 2551 432 2630; x_wconf 90' lang='lat' dir='ltr'><strong>pro</strong></span> <span class='ocrx_word' id='word_1_139' title='bbox 449 2523 608 2599; x_wconf 89' lang='lat' dir='ltr'><strong>veritate</strong></span> <span class='ocrx_word' id='word_1_140' title='bbox 630 2520 813 2608; x_wconf 71' lang='lat' dir='ltr'><strong>dicenda,</strong></span> <span class='ocrx_word' id='word_1_141' title='bbox 840 2519 901 2598; x_wconf 88' lang='lat' dir='ltr'><strong>cni</strong></span> <span class='ocrx_word' id='word_1_142' title='bbox 926 2517 1000 2596; x_wconf 84' lang='lat' dir='ltr'><strong>fuit</strong></span> <span class='ocrx_word' id='word_1_143' title='bbox 1023 2518 1240 2626; x_wconf 90' lang='lat' dir='ltr'><strong>injunctum</strong></span> <span class='ocrx_word' id='word_1_144' title='bbox 1262 2519 1369 2626; x_wconf 89' lang='lat' dir='ltr'><strong>quod</strong></span> <span class='ocrx_word' id='word_1_145' title='bbox 1389 2545 1468 2596; x_wconf 93' lang='lat' dir='ltr'><strong>non</strong></span> <span class='ocrx_word' id='word_1_146' title='bbox 1489 2516 1671 2597; x_wconf 87' lang='lat' dir='ltr'><strong>revelaret</strong></span> <span class='ocrx_word' id='word_1_147' title='bbox 1692 2519 1789 2596; x_wconf 92' lang='lat' dir='ltr'><strong>hanc</strong></span> 
     </span>
     <span class='ocr_line' id='line_1_17' title="bbox 362 2646 1665 2758; baseline -0.004 -27"><span class='ocrx_word' id='word_1_148' title='bbox 362 2681 471 2731; x_wconf 90' lang='lat' dir='ltr'><strong>suam</strong></span> <span class='ocrx_word' id='word_1_149' title='bbox 493 2651 794 2758; x_wconf 87' lang='lat' dir='ltr'><strong>deposicionem,</strong></span> <span class='ocrx_word' id='word_1_150' title='bbox 810 2677 1012 2756; x_wconf 90' lang='lat' dir='ltr'><strong>quousque</strong></span> <span class='ocrx_word' id='word_1_151' title='bbox 1029 2648 1289 2727; x_wconf 91' lang='lat' dir='ltr'><strong>attestaciones</strong></span> <span class='ocrx_word' id='word_1_152' title='bbox 1308 2646 1450 2726; x_wconf 83' lang='lat' dir='ltr'><strong>fuerint</strong></span> <span class='ocrx_word' id='word_1_153' title='bbox 1463 2647 1665 2754; x_wconf 90' lang='lat' dir='ltr'><strong>publicate.</strong></span> 
     </span>
    </p>
   </div>
   <div class='ocr_carea' id='block_1_3' title="bbox 297 2912 1793 4844">
    <p class='ocr_par' dir='ltr' id='par_1_4' title="bbox 297 2912 1793 4844">
     <span class='ocr_line' id='line_1_18' title="bbox 419 2912 1789 3024; baseline -0.002 -30"><span class='ocrx_word' id='word_1_154' title='bbox 419 2920 549 2995; x_wconf 84' lang='lat' dir='ltr'><strong>Frater</strong></span> <span class='ocrx_word' id='word_1_155' title='bbox 571 2915 773 2996; x_wconf 87' lang='lat' dir='ltr'><strong>Girbertus</strong></span> <span class='ocrx_word' id='word_1_156' title='bbox 800 2913 949 3024; x_wconf 81' lang='lat' dir='ltr'><strong>Rogerii</strong></span> <span class='ocrx_word' id='word_1_157' title='bbox 970 2913 1149 3003; x_wconf 90' lang='lat' dir='ltr'><strong>serviens,</strong></span> <span class='ocrx_word' id='word_1_158' title='bbox 1179 2929 1377 3020; x_wconf 83' lang='lat' dir='ltr'><strong>preceptor</strong></span> <span class='ocrx_word' id='word_1_159' title='bbox 1405 2912 1545 2990; x_wconf 89' lang='lat' dir='ltr'><strong>domus</strong></span> <span class='ocrx_word' id='word_1_160' title='bbox 1570 2912 1721 3020; x_wconf 91' lang='lat' dir='ltr'><strong>Templi</strong></span> <span class='ocrx_word' id='word_1_161' title='bbox 1742 2914 1789 2991; x_wconf 92' lang='lat' dir='ltr'><strong>de</strong></span> 
     </span>
     <span class='ocr_line' id='line_1_19' title="bbox 363 3043 1791 3157; baseline -0.001 -32"><span class='ocrx_word' id='word_1_162' title='bbox 363 3049 397 3125; x_wconf 87' lang='lat' dir='ltr'><strong>la</strong></span> <span class='ocrx_word' id='word_1_163' title='bbox 418 3045 573 3157; x_wconf 82' lang='lat' dir='ltr'><strong>Glayola</strong></span> <span class='ocrx_word' id='word_1_164' title='bbox 597 3046 853 3126; x_wconf 87' lang='lat' dir='ltr'><strong>Ruthenensis</strong></span> <span class='ocrx_word' id='word_1_165' title='bbox 877 3045 1058 3132; x_wconf 91' lang='lat' dir='ltr'><strong>diocesis,</strong></span> <span class='ocrx_word' id='word_1_166' title='bbox 1079 3043 1186 3122; x_wconf 89' lang='lat' dir='ltr'><strong>testis</strong></span> <span class='ocrx_word' id='word_1_167' title='bbox 1211 3071 1322 3150; x_wconf 90' lang='lat' dir='ltr'><strong>supra</strong></span> <span class='ocrx_word' id='word_1_168' title='bbox 1346 3044 1515 3152; x_wconf 84' lang='lat' dir='ltr'><strong>juratus,</strong></span> <span class='ocrx_word' id='word_1_169' title='bbox 1544 3043 1791 3153; x_wconf 82' lang='lat' dir='ltr'><strong>quadraginta</strong></span> 
     </span>
     <span class='ocr_line' id='line_1_20' title="bbox 363 3173 1789 3284; baseline -0.003 -30"><span class='ocrx_word' id='word_1_170' title='bbox 363 3179 535 3284; x_wconf 89' lang='lat' dir='ltr'><strong>quinque</strong></span> <span class='ocrx_word' id='word_1_171' title='bbox 558 3205 745 3254; x_wconf 86' lang='lat' dir='ltr'><strong>annorum</strong></span> <span class='ocrx_word' id='word_1_172' title='bbox 763 3175 822 3254; x_wconf 91' lang='lat' dir='ltr'><strong>vel</strong></span> <span class='ocrx_word' id='word_1_173' title='bbox 842 3175 955 3262; x_wconf 90' lang='lat' dir='ltr'><strong>circa,</strong></span> <span class='ocrx_word' id='word_1_174' title='bbox 984 3173 1208 3251; x_wconf 89' lang='lat' dir='ltr'><strong>mantellum</strong></span> <span class='ocrx_word' id='word_1_175' title='bbox 1233 3189 1272 3250; x_wconf 92' lang='lat' dir='ltr'><strong>et</strong></span> <span class='ocrx_word' id='word_1_176' title='bbox 1292 3173 1449 3253; x_wconf 90' lang='lat' dir='ltr'><strong>barbam</strong></span> <span class='ocrx_word' id='word_1_177' title='bbox 1468 3173 1672 3262; x_wconf 82' lang='lat' dir='ltr'><strong>defferens,</strong></span> <span class='ocrx_word' id='word_1_178' title='bbox 1702 3202 1789 3252; x_wconf 91' lang='lat' dir='ltr'><strong>cum</strong></span> 
     </span>
     <span class='ocr_line' id='line_1_21' title="bbox 363 3302 1790 3416; baseline -0.001 -32"><span class='ocrx_word' id='word_1_179' title='bbox 363 3336 441 3416; x_wconf 94' lang='lat' dir='ltr'><strong>quo</strong></span> <span class='ocrx_word' id='word_1_180' title='bbox 472 3307 697 3413; x_wconf 89' lang='lat' dir='ltr'><strong>inquisitum</strong></span> <span class='ocrx_word' id='word_1_181' title='bbox 722 3304 864 3394; x_wconf 86' lang='lat' dir='ltr'><strong>fuerat,</strong></span> <span class='ocrx_word' id='word_1_182' title='bbox 896 3303 1093 3382; x_wconf 89' lang='lat' dir='ltr'><strong>absolutus</strong></span> <span class='ocrx_word' id='word_1_183' title='bbox 1122 3321 1161 3382; x_wconf 89' lang='lat' dir='ltr'><strong>et</strong></span> <span class='ocrx_word' id='word_1_184' title='bbox 1190 3303 1453 3381; x_wconf 89' lang='lat' dir='ltr'><strong>reconciliatus</strong></span> <span class='ocrx_word' id='word_1_185' title='bbox 1487 3331 1556 3411; x_wconf 89' lang='lat' dir='ltr'><strong>per</strong></span> <span class='ocrx_word' id='word_1_186' title='bbox 1587 3302 1790 3382; x_wconf 91' lang='lat' dir='ltr'><strong>dominum</strong></span> 
     </span>
     <span class='ocr_line' id='line_1_22' title="bbox 363 3417 1790 3543; baseline -0.002 -28"><span class='ocrx_word' id='word_1_187' title='bbox 363 3437 583 3543; x_wconf 91' lang='lat' dir='ltr'><strong>episcopum</strong></span> <span class='ocrx_word' id='word_1_188' title='bbox 612 3436 913 3523; x_wconf 87' lang='lat' dir='ltr'><strong>Ruthenensem,</strong></span> <span class='ocrx_word' id='word_1_189' title='bbox 950 3451 988 3511; x_wconf 89' lang='lat' dir='ltr'><strong>et</strong></span> <span class='ocrx_word' id='word_1_190' title='bbox 1013 3450 1185 3540; x_wconf 89' lang='lat' dir='ltr'><strong>receptus</strong></span> <span class='ocrx_word' id='word_1_191' title='bbox 1215 3417 1388 3511; x_wconf 84' lang='lat' dir='ltr'><strong>extiterat</strong></span> <span class='ocrx_word' id='word_1_192' title='bbox 1411 3434 1451 3510; x_wconf 91' lang='lat' dir='ltr'><strong>in</strong></span> <span class='ocrx_word' id='word_1_193' title='bbox 1479 3431 1621 3539; x_wconf 89' lang='lat' dir='ltr'><strong>capella</strong></span> <span class='ocrx_word' id='word_1_194' title='bbox 1650 3433 1790 3512; x_wconf 91' lang='lat' dir='ltr'><strong>domus</strong></span> 
     </span>
     <span class='ocr_line' id='line_1_23' title="bbox 363 3562 1789 3673; baseline -0.003 -29"><span class='ocrx_word' id='word_1_195' title='bbox 363 3565 515 3673; x_wconf 89' lang='lat' dir='ltr'><strong>Templi</strong></span> <span class='ocrx_word' id='word_1_196' title='bbox 538 3565 585 3642; x_wconf 91' lang='lat' dir='ltr'><strong>de</strong></span> <span class='ocrx_word' id='word_1_197' title='bbox 603 3564 638 3641; x_wconf 89' lang='lat' dir='ltr'><strong>la</strong></span> <span class='ocrx_word' id='word_1_198' title='bbox 652 3563 800 3643; x_wconf 85' lang='lat' dir='ltr'><strong>Drnlha</strong></span> <span class='ocrx_word' id='word_1_199' title='bbox 815 3563 1068 3642; x_wconf 84' lang='lat' dir='ltr'><strong>Ruthenensis</strong></span> <span class='ocrx_word' id='word_1_200' title='bbox 1087 3563 1263 3652; x_wconf 85' lang='lat' dir='ltr'><strong>diocesis,</strong></span> <span class='ocrx_word' id='word_1_201' title='bbox 1287 3562 1383 3640; x_wconf 90' lang='lat' dir='ltr'><strong>circa</strong></span> <span class='ocrx_word' id='word_1_202' title='bbox 1395 3562 1536 3642; x_wconf 85' lang='lat' dir='ltr'><strong>festum</strong></span> <span class='ocrx_word' id='word_1_203' title='bbox 1551 3564 1651 3642; x_wconf 87' lang='lat' dir='ltr'><strong>beati</strong></span> <span class='ocrx_word' id='word_1_204' title='bbox 1677 3564 1789 3642; x_wconf 90' lang='lat' dir='ltr'><strong>Blasii</strong></span> 
     </span>
     <span class='ocr_line' id='line_1_24' title="bbox 363 3691 1789 3802; baseline -0.001 -30"><span class='ocrx_word' id='word_1_205' title='bbox 363 3696 536 3802; x_wconf 82' lang='lat' dir='ltr'><strong>proximo</strong></span> <span class='ocrx_word' id='word_1_206' title='bbox 552 3694 776 3801; x_wconf 88' lang='lat' dir='ltr'><strong>preteritum</strong></span> <span class='ocrx_word' id='word_1_207' title='bbox 792 3693 948 3770; x_wconf 87' lang='lat' dir='ltr'><strong>luerunt</strong></span> <span class='ocrx_word' id='word_1_208' title='bbox 964 3693 1111 3770; x_wconf 89' lang='lat' dir='ltr'><strong>circiter</strong></span> <span class='ocrx_word' id='word_1_209' title='bbox 1130 3719 1219 3772; x_wconf 81' lang='lat' dir='ltr'><strong>xvrn</strong></span> <span class='ocrx_word' id='word_1_210' title='bbox 1234 3693 1340 3780; x_wconf 91' lang='lat' dir='ltr'><strong>anni,</strong></span> <span class='ocrx_word' id='word_1_211' title='bbox 1358 3721 1425 3799; x_wconf 88' lang='lat' dir='ltr'><strong>per</strong></span> <span class='ocrx_word' id='word_1_212' title='bbox 1436 3691 1588 3770; x_wconf 86' lang='lat' dir='ltr'><strong>fratrem</strong></span> <span class='ocrx_word' id='word_1_213' title='bbox 1607 3694 1789 3771; x_wconf 90' lang='lat' dir='ltr'><strong>Poncium</strong></span> 
     </span>
     <span class='ocr_line' id='line_1_25' title="bbox 366 3821 1787 3931; baseline -0.001 -29"><span class='ocrx_word' id='word_1_214' title='bbox 366 3825 413 3902; x_wconf 90' lang='lat' dir='ltr'><strong>de</strong></span> <span class='ocrx_word' id='word_1_215' title='bbox 443 3827 580 3903; x_wconf 90' lang='lat' dir='ltr'><strong>Broeto</strong></span> <span class='ocrx_word' id='word_1_216' title='bbox 607 3824 770 3902; x_wconf 90' lang='lat' dir='ltr'><strong>militem</strong></span> <span class='ocrx_word' id='word_1_217' title='bbox 800 3823 1013 3931; x_wconf 88' lang='lat' dir='ltr'><strong>quondam,</strong></span> <span class='ocrx_word' id='word_1_218' title='bbox 1034 3822 1276 3930; x_wconf 86' lang='lat' dir='ltr'><strong>presentibus</strong></span> <span class='ocrx_word' id='word_1_219' title='bbox 1300 3822 1479 3901; x_wconf 83' lang='lat' dir='ltr'><strong>fratribus</strong></span> <span class='ocrx_word' id='word_1_220' title='bbox 1502 3821 1713 3902; x_wconf 90' lang='lat' dir='ltr'><strong>Guillelmo</strong></span> <span class='ocrx_word' id='word_1_221' title='bbox 1740 3823 1787 3901; x_wconf 92' lang='lat' dir='ltr'><strong>de</strong></span> 
     </span>
     <span class='ocr_line' id='line_1_26' title="bbox 297 3951 1786 4062; baseline -0.001 -30"><span class='ocrx_word' id='word_1_222' title='bbox 297 3957 299 3962; x_wconf 74' lang='grc'>’</span> <span class='ocrx_word' id='word_1_223' title='bbox 363 3955 516 4056; x_wconf 84' lang='lat' dir='ltr'><strong>Bocnlis</strong></span> <span class='ocrx_word' id='word_1_224' title='bbox 528 3953 755 4062; x_wconf 87' lang='lat' dir='ltr'><strong>presbitero,</strong></span> <span class='ocrx_word' id='word_1_225' title='bbox 775 3953 954 4032; x_wconf 87' lang='lat' dir='ltr'><strong>Ratherio</strong></span> <span class='ocrx_word' id='word_1_226' title='bbox 975 3953 1022 4030; x_wconf 93' lang='lat' dir='ltr'><strong>de</strong></span> <span class='ocrx_word' id='word_1_227' title='bbox 1034 3953 1178 4031; x_wconf 76' lang='lat' dir='ltr'><strong>&#39;Sancto</strong></span> <span class='ocrx_word' id='word_1_228' title='bbox 1190 3952 1396 4032; x_wconf 88' lang='lat' dir='ltr'><strong>Vincencio</strong></span> <span class='ocrx_word' id='word_1_229' title='bbox 1411 3951 1550 4046; x_wconf 90' lang='lat' dir='ltr'><strong>milite,</strong></span> <span class='ocrx_word' id='word_1_230' title='bbox 1569 3952 1786 4046; x_wconf 85' lang='lat' dir='ltr'><strong>deffunctis,</strong></span> 
     </span>
     <span class='ocr_line' id='line_1_27' title="bbox 366 4081 1790 4192; baseline -0.001 -30"><span class='ocrx_word' id='word_1_231' title='bbox 366 4102 409 4162; x_wconf 93' lang='lat' dir='ltr'><strong>nt</strong></span> <span class='ocrx_word' id='word_1_232' title='bbox 423 4084 559 4177; x_wconf 90' lang='lat' dir='ltr'><strong>credit,</strong></span> <span class='ocrx_word' id='word_1_233' title='bbox 573 4101 611 4162; x_wconf 91' lang='lat' dir='ltr'><strong>et</strong></span> <span class='ocrx_word' id='word_1_234' title='bbox 625 4084 777 4163; x_wconf 87' lang='lat' dir='ltr'><strong>Othone</strong></span> <span class='ocrx_word' id='word_1_235' title='bbox 788 4083 989 4160; x_wconf 89' lang='lat' dir='ltr'><strong>Samniada</strong></span> <span class='ocrx_word' id='word_1_236' title='bbox 1005 4084 1201 4175; x_wconf 87' lang='lat' dir='ltr'><strong>serviente,</strong></span> <span class='ocrx_word' id='word_1_237' title='bbox 1221 4083 1381 4161; x_wconf 87' lang='lat' dir='ltr'><strong>diocesis</strong></span> <span class='ocrx_word' id='word_1_238' title='bbox 1393 4081 1657 4177; x_wconf 87' lang='lat' dir='ltr'><strong>Ruthenensis,</strong></span> <span class='ocrx_word' id='word_1_239' title='bbox 1674 4113 1790 4192; x_wconf 89' lang='lat' dir='ltr'><strong>quem</strong></span> 
     </span>
     <span class='ocr_line' id='line_1_28' title="bbox 365 4211 1788 4320; baseline -0.001 -26"><span class='ocrx_word' id='word_1_240' title='bbox 365 4215 486 4294; x_wconf 92' lang='lat' dir='ltr'><strong>credit</strong></span> <span class='ocrx_word' id='word_1_241' title='bbox 508 4215 650 4307; x_wconf 72' lang='lat' dir='ltr'><strong>vivere,</strong></span> <span class='ocrx_word' id='word_1_242' title='bbox 684 4211 778 4292; x_wconf 90' lang='lat' dir='ltr'><strong>alios</strong></span> <span class='ocrx_word' id='word_1_243' title='bbox 804 4241 882 4292; x_wconf 91' lang='lat' dir='ltr'><strong>non</strong></span> <span class='ocrx_word' id='word_1_244' title='bbox 902 4213 997 4290; x_wconf 85' lang='lat' dir='ltr'><strong>vidit</strong></span> <span class='ocrx_word' id='word_1_245' title='bbox 1020 4213 1136 4319; x_wconf 92' lang='lat' dir='ltr'><strong>recipi</strong></span> <span class='ocrx_word' id='word_1_246' title='bbox 1164 4242 1234 4291; x_wconf 92' lang='lat' dir='ltr'><strong>nec</strong></span> <span class='ocrx_word' id='word_1_247' title='bbox 1257 4213 1430 4290; x_wconf 82' lang='lat' dir='ltr'><strong>interfuit</strong></span> <span class='ocrx_word' id='word_1_248' title='bbox 1450 4213 1622 4320; x_wconf 88' lang='lat' dir='ltr'><strong>capitulis</strong></span> <span class='ocrx_word' id='word_1_249' title='bbox 1643 4241 1788 4292; x_wconf 89' lang='lat' dir='ltr'><strong>eorum.</strong></span> 
     </span>
     <span class='ocr_line' id='line_1_29' title="bbox 365 4341 1790 4454; baseline -0.002 -29"><span class='ocrx_word' id='word_1_250' title='bbox 365 4345 488 4425; x_wconf 88' lang='lat' dir='ltr'><strong>Lectis</strong></span> <span class='ocrx_word' id='word_1_251' title='bbox 504 4361 629 4424; x_wconf 88' lang='lat' dir='ltr'><strong>autem</strong></span> <span class='ocrx_word' id='word_1_252' title='bbox 647 4361 685 4421; x_wconf 92' lang='lat' dir='ltr'><strong>et</strong></span> <span class='ocrx_word' id='word_1_253' title='bbox 698 4344 900 4452; x_wconf 82' lang='lat' dir='ltr'><strong>diligenter</strong></span> <span class='ocrx_word' id='word_1_254' title='bbox 918 4344 1094 4450; x_wconf 83' lang='lat' dir='ltr'><strong>expositis</strong></span> <span class='ocrx_word' id='word_1_255' title='bbox 1106 4343 1177 4421; x_wconf 91' lang='lat' dir='ltr'><strong>sihi</strong></span> <span class='ocrx_word' id='word_1_256' title='bbox 1194 4343 1372 4422; x_wconf 89' lang='lat' dir='ltr'><strong>omnibus</strong></span> <span class='ocrx_word' id='word_1_257' title='bbox 1384 4341 1590 4454; x_wconf 84' lang='lat' dir='ltr'><strong>etsingulis</strong></span> <span class='ocrx_word' id='word_1_258' title='bbox 1606 4345 1790 4434; x_wconf 87' lang='lat' dir='ltr'><strong>articulis,</strong></span> 
     </span>
     <span class='ocr_line' id='line_1_30' title="bbox 364 4473 1793 4585; baseline -0.001 -31"><span class='ocrx_word' id='word_1_259' title='bbox 364 4476 638 4585; x_wconf 88' lang='lat' dir='ltr'><strong>protestacione</strong></span> <span class='ocrx_word' id='word_1_260' title='bbox 658 4475 838 4582; x_wconf 88' lang='lat' dir='ltr'><strong>premissa</strong></span> <span class='ocrx_word' id='word_1_261' title='bbox 856 4474 962 4582; x_wconf 93' lang='lat' dir='ltr'><strong>quod</strong></span> <span class='ocrx_word' id='word_1_262' title='bbox 972 4502 1050 4551; x_wconf 92' lang='lat' dir='ltr'><strong>non</strong></span> <span class='ocrx_word' id='word_1_263' title='bbox 1059 4474 1224 4551; x_wconf 92' lang='lat' dir='ltr'><strong>intendit</strong></span> <span class='ocrx_word' id='word_1_264' title='bbox 1238 4473 1415 4552; x_wconf 87' lang='lat' dir='ltr'><strong>recedere</strong></span> <span class='ocrx_word' id='word_1_265' title='bbox 1434 4475 1709 4581; x_wconf 89' lang='lat' dir='ltr'><strong>adeposicione</strong></span> <span class='ocrx_word' id='word_1_266' title='bbox 1724 4503 1793 4583; x_wconf 89' lang='lat' dir='ltr'><strong>per</strong></span> 
     </span>
     <span class='ocr_line' id='line_1_31' title="bbox 366 4605 1791 4714; baseline -0.001 -30"><span class='ocrx_word' id='word_1_267' title='bbox 366 4609 559 4688; x_wconf 82' lang='lat' dir='ltr'><strong>eumfacta</strong></span> <span class='ocrx_word' id='word_1_268' title='bbox 570 4634 695 4685; x_wconf 89' lang='lat' dir='ltr'><strong>coram</strong></span> <span class='ocrx_word' id='word_1_269' title='bbox 705 4606 807 4684; x_wconf 89' lang='lat' dir='ltr'><strong>dicto</strong></span> <span class='ocrx_word' id='word_1_270' title='bbox 819 4606 976 4683; x_wconf 88' lang='lat' dir='ltr'><strong>domino</strong></span> <span class='ocrx_word' id='word_1_271' title='bbox 988 4605 1165 4712; x_wconf 89' lang='lat' dir='ltr'><strong>episcopo</strong></span> <span class='ocrx_word' id='word_1_272' title='bbox 1174 4605 1629 4713; x_wconf 86' lang='lat' dir='ltr'><strong>Ruthenensi,respondit</strong></span> <span class='ocrx_word' id='word_1_273' title='bbox 1638 4607 1742 4714; x_wconf 91' lang='lat' dir='ltr'><strong>quod</strong></span> <span class='ocrx_word' id='word_1_274' title='bbox 1752 4609 1791 4684; x_wconf 94' lang='lat' dir='ltr'><strong>in</strong></span> 
     </span>
     <span class='ocr_line' id='line_1_32' title="bbox 367 4733 1792 4844; baseline 0 -29"><span class='ocrx_word' id='word_1_275' title='bbox 367 4738 465 4815; x_wconf 85' lang='lat' dir='ltr'><strong>dicta</strong></span> <span class='ocrx_word' id='word_1_276' title='bbox 488 4765 555 4815; x_wconf 90' lang='lat' dir='ltr'><strong>sua</strong></span> <span class='ocrx_word' id='word_1_277' title='bbox 569 4736 790 4842; x_wconf 87' lang='lat' dir='ltr'><strong>recepcione</strong></span> <span class='ocrx_word' id='word_1_278' title='bbox 812 4735 871 4813; x_wconf 92' lang='lat' dir='ltr'><strong>vel</strong></span> <span class='ocrx_word' id='word_1_279' title='bbox 891 4751 976 4842; x_wconf 89' lang='lat' dir='ltr'><strong>post</strong></span> <span class='ocrx_word' id='word_1_280' title='bbox 998 4763 1077 4813; x_wconf 93' lang='lat' dir='ltr'><strong>non</strong></span> <span class='ocrx_word' id='word_1_281' title='bbox 1095 4734 1346 4812; x_wconf 89' lang='lat' dir='ltr'><strong>intervenerat</strong></span> <span class='ocrx_word' id='word_1_282' title='bbox 1366 4733 1510 4844; x_wconf 89' lang='lat' dir='ltr'><strong>aliquid</strong></span> <span class='ocrx_word' id='word_1_283' title='bbox 1537 4736 1712 4815; x_wconf 90' lang='lat' dir='ltr'><strong>illicitum</strong></span> <span class='ocrx_word' id='word_1_284' title='bbox 1733 4738 1792 4815; x_wconf 89' lang='lat' dir='ltr'><strong>vel</strong></span> 
     </span>
    </p>
   </div>
   <div class='ocr_carea' id='block_1_4' title="bbox 365 4863 1791 5066">
    <p class='ocr_par' dir='ltr' id='par_1_5' title="bbox 365 4863 1791 5066">
     <span class='ocr_line' id='line_1_33' title="bbox 365 4863 1791 4974; baseline 0 -30"><span class='ocrx_word' id='word_1_285' title='bbox 365 4867 630 4959; x_wconf 90' lang='lat' dir='ltr'><strong>inhonestum,</strong></span> <span class='ocrx_word' id='word_1_286' title='bbox 659 4865 730 4942; x_wconf 91' lang='lat' dir='ltr'><strong>nisi</strong></span> <span class='ocrx_word' id='word_1_287' title='bbox 752 4865 825 4942; x_wconf 92' lang='lat' dir='ltr'><strong>hoc</strong></span> <span class='ocrx_word' id='word_1_288' title='bbox 851 4866 1030 4944; x_wconf 83' lang='lat' dir='ltr'><strong>duntaxat</strong></span> <span class='ocrx_word' id='word_1_289' title='bbox 1047 4866 1153 4972; x_wconf 89' lang='lat' dir='ltr'><strong>quod</strong></span> <span class='ocrx_word' id='word_1_290' title='bbox 1174 4863 1319 4943; x_wconf 93' lang='lat' dir='ltr'><strong>dictum</strong></span> <span class='ocrx_word' id='word_1_291' title='bbox 1341 4881 1576 4974; x_wconf 88' lang='lat' dir='ltr'><strong>receptorem</strong></span> <span class='ocrx_word' id='word_1_292' title='bbox 1597 4896 1725 4955; x_wconf 88' lang='lat' dir='ltr'><strong>sunm,</strong></span> <span class='ocrx_word' id='word_1_293' title='bbox 1743 4867 1791 4944; x_wconf 92' lang='lat' dir='ltr'><strong>de</strong></span> 
     </span>
     <span class='ocr_line' id='line_1_34' title="bbox 453 5004 1642 5066; baseline 0.001 -2"><span class='ocrx_word' id='word_1_294' title='bbox 453 5004 555 5066; x_wconf 77' lang='lat' dir='ltr'><strong>rancis</strong></span> <span class='ocrx_word' id='word_1_295' title='bbox 577 5024 630 5066; x_wconf 82' lang='lat' dir='ltr'><strong>nes</strong></span> <span class='ocrx_word' id='word_1_296' title='bbox 650 5022 921 5065; x_wconf 74' lang='lat' dir='ltr'><strong>renarrans-n.</strong></span> <span class='ocrx_word' id='word_1_297' title='bbox 1604 5023 1642 5065; x_wconf 84' lang='lat' dir='ltr'><strong>aa</strong></span> 
     </span>
    </p>
   </div>
   <div class='ocr_carea' id='block_1_5' title="bbox 0 0 2256 5890">
    <p class='ocr_par' dir='ltr' id='par_1_6' title="bbox 0 0 2256 5890">
     <span class='ocr_line' id='line_1_35' title="bbox 0 0 2256 5890; baseline 0 0"><span class='ocrx_word' id='word_1_298' title='bbox 0 0 2256 5890; x_wconf 95' lang='lat' dir='ltr'><strong> </strong></span> 
     </span>
    </p>
   </div>
  </div>
 </body>
</html>
