4208 5886
398 527 469 596 252
780 511 976 600 Pnocbs
1007 519 1102 598 DES
1133 517 1435 600 TEMPLIERS.

396 662 480 740 ideo
495 661 683 740 nesciebat
702 664 807 770 quod
824 667 1037 744 servabatur
1053 662 1092 742 in
1106 667 1388 772 recepcionibus
1408 657 1586 754 aliorum,
1610 659 1677 742 sed
1698 661 1819 743 credit

396 793 499 900 quod
523 795 776 872 communiter
790 789 1047 902 reciperentur
1066 797 1162 874 sicut
1183 798 1360 904 deposuit
1379 825 1420 874 se
1441 796 1557 874 luisse
1580 813 1776 902 receptum
1797 825 1819 874 a

393 923 503 1002 lratre
534 923 703 1003 Gerardo
732 926 779 1002 de
799 927 957 1003 Sanaeto
995 926 1117 1003 milite
1148 928 1361 1034 quondam,
1391 928 1431 1002 in
1462 927 1532 1002 bac
1560 943 1677 1002 estate
1706 943 1820 1003 erunt

393 1057 540 1133 circiter
558 1071 643 1132 nvna
665 1057 772 1144 anni,
796 1058 834 1132 in
853 1056 993 1163 capella
1015 1059 1151 1136 domus
1171 1059 1322 1165 Templi
1343 1060 1391 1136 de
1411 1059 1542 1136 Mauso
1565 1057 1655 1134 dicti
1676 1057 1724 1134 de
1747 1061 1819 1134 Lo-

393 1186 496 1263 bertz
512 1186 788 1264 Lemovicensis
802 1188 980 1276 diocesis,
998 1189 1237 1293 presentibus
1252 1187 1429 1266 fratribus
1441 1188 1550 1266 Helia
1570 1190 1618 1265 de
1632 1187 1816 1296 Brigolio,

264 1403 269 1410 ‚
394 1317 558 1424 Seguino
580 1316 627 1392 de
647 1316 808 1392 Stanhac
831 1331 869 1392 et
889 1318 1060 1394 lobanne
1073 1317 1229 1395 Arestan
1249 1319 1516 1405 servientibus,
1541 1317 1819 1395 Lemoviccnsis

394 1446 569 1536 diocesis,
592 1445 803 1522 deffunctis.
821 1445 852 1522 A
872 1475 949 1553 quo
970 1464 1164 1552 receptore
1185 1449 1299 1557 peciit
1324 1476 1460 1554 panem
1482 1465 1521 1524 et
1542 1476 1679 1554 aquam
1699 1464 1739 1525 et
1757 1477 1818 1526 so-

393 1579 563 1654 cietatem
593 1577 758 1666 ordinis,
787 1577 927 1682 quibus
957 1579 991 1654 ei
1017 1580 1201 1656 concessis
1231 1578 1321 1656 lecit
1348 1607 1436 1655 eum
1468 1606 1601 1656 vovere
1627 1596 1666 1656 et
1688 1579 1818 1687 jurare

393 1710 614 1796 castitatem,
633 1706 911 1798 obedienciam,
933 1708 1053 1785 vivere
1075 1707 1155 1786 sine
1172 1709 1345 1816 proprio,
1363 1737 1507 1786 servare
1527 1708 1651 1786 bonos
1674 1737 1765 1787 usus
1781 1727 1820 1786 et

393 1839 510 1916 bonas
526 1837 821 1914 consuetudines
837 1838 995 1929 ordinis,
1018 1857 1056 1916 et
1075 1866 1152 1914 non
1175 1838 1340 1915 revelare
1365 1855 1507 1916 secreta
1531 1837 1817 1944 eapituborum,

395 1969 442 2043 de
463 1968 580 2044 modo
599 1966 829 2071 recepcionis
849 1968 1000 2075 speciali
1017 1997 1094 2048 non
1116 1969 1243 2046 habita
1257 1969 1477 2058 mencione;
1497 1986 1536 2046 et
1549 1970 1728 2075 imposito
1748 1970 1820 2048 sibi

395 2097 591 2185 mantello,
614 2115 786 2204 receptor
805 2118 842 2176 et
863 2117 1023 2177 astantes
1043 2099 1200 2178 luerunt
1225 2129 1314 2177 eum
1336 2099 1492 2177 osculati
1518 2101 1557 2176 in
1579 2129 1660 2191 ore,
1683 2118 1722 2177 et
1740 2101 1819 2207 ipse

394 2230 499 2306 testis
517 2227 587 2306 fuit
599 2228 790 2306 osculatus
805 2231 948 2306 dictum
965 2248 1202 2335 receptorem
1218 2230 1259 2306 in
1275 2231 1454 2321 humero,
1473 2248 1608 2336 aparte
1623 2231 1818 2318 anteriori,

395 2389 508 2466 super
526 2378 658 2438 vestes.
692 2362 781 2436 Post
811 2390 886 2467 que
912 2362 1095 2439 instructo
1125 2362 1205 2467 ipso
1229 2378 1326 2438 teste
1355 2378 1450 2466 quot
1474 2361 1587 2438 Pater
1611 2377 1728 2438 noster
1751 2391 1819 2468 pro

395 2493 498 2568 boris
515 2491 593 2567 suis
616 2490 773 2578 diceret,
799 2508 837 2566 et
853 2491 1016 2598 qualiter
1032 2491 1072 2566 in
1094 2490 1228 2566 ordine
1250 2519 1290 2567 se
1308 2507 1473 2596 regeret,
1496 2490 1586 2566 dicti
1606 2490 1738 2568 iratres
1752 2491 1821 2570 Se-

394 2622 532 2730 guinus
563 2638 599 2696 et
626 2620 767 2712 Helias,
800 2621 847 2698 de
881 2623 1058 2699 mandato
1087 2621 1178 2700 dicti
1213 2621 1433 2727 receptoria,
1471 2621 1662 2698 duxerunt
1696 2622 1821 2727 ipsum

396 2770 530 2830 testem
544 2775 713 2831 seorsum
730 2752 769 2828 in
789 2751 921 2828 eadem
938 2752 1096 2858 capella,
1114 2751 1249 2828 subtus
1269 2749 1493 2856 campanile,
1514 2766 1552 2826 et
1570 2767 1824 2855 preceperunt

396 2884 522 2966 eldem
548 2883 732 2961 submissa
755 2913 843 2960 voce
863 2883 968 2990 qnod
999 2899 1151 2988 spueret
1179 2899 1237 2958 ter
1257 2909 1370 2988 super
1392 2898 1550 2968 terram,
1577 2896 1728 2958 ostenso
1751 2880 1823 2957 sibi

394 3019 478 3096 loco
499 3015 719 3126 spuicionls,
736 3015 868 3124 inquo
888 3015 989 3091 idem
1010 2999 1116 3090 testis
1134 3041 1211 3088 non
1225 3012 1320 3088 vidit
1333 3010 1491 3116 aliquod
1511 3010 1661 3116 signum
1683 3009 1820 3098 crucis,

396 3179 465 3226 nec
481 3151 528 3225 de
545 3179 655 3227 cruce
671 3150 838 3256 predicta
861 3144 1051 3257 Segninus
1064 3159 1102 3220 et
1114 3142 1240 3218 Helias
1259 3141 1430 3220 lecerunt
1444 3140 1515 3218 sibi
1529 3140 1694 3247 aliquam
1714 3169 1824 3217 men·

396 3280 562 3367 cionem,
591 3309 660 3356 nec
681 3261 799 3386 'qnare
820 3279 977 3357 deberet
999 3301 1135 3387 spuere
1158 3288 1444 3382 expresserunt:
1467 3271 1604 3376 etipse
1625 3270 1748 3360 testis,
1775 3269 1823 3346 ad

397 3411 617 3488 mandatum
638 3438 787 3496 eorum,
804 3410 907 3517 spuit
928 3409 980 3486 ibi
994 3427 1064 3486 ter.
1081 3411 1214 3485 Postea
1228 3403 1395 3513 precepit
1415 3400 1568 3486 elidem
1583 3398 1707 3480 Helias
1718 3401 1823 3506 quod

397 3539 598 3648 abnegaret
617 3542 792 3628 Jbesum,
815 3541 951 3646 etipse
972 3540 1078 3618 testis
1100 3537 1295 3644 abnegavit
1319 3538 1579 3646 Jbesum'ore,
1596 3552 1674 3615 non
1691 3529 1821 3620 corde,

396 3687 439 3746 ut
460 3671 569 3758 dixit,
590 3672 679 3777 quia
693 3671 786 3748 dixit
799 3671 834 3747 ei
850 3671 955 3778 quod
973 3671 1022 3746 ita
1039 3669 1204 3746 debebat
1222 3667 1359 3757 facere,
1384 3696 1463 3745 non
1475 3687 1603 3744 tamen
1625 3660 1824 3746 declaravit

396 3829 511 3906 quare
528 3802 685 3880 deberet
699 3803 772 3878 hoc
790 3799 926 3890 lacere,
946 3829 1015 3877 nec
1036 3799 1115 3905 ipse
1128 3799 1250 3886 testis,
1273 3799 1361 3904 qnia
1382 3817 1459 3876 erat
1475 3798 1643 3876 multum
1654 3799 1820 3905 juvenis,

397 3935 469 4008 boc
485 3931 686 4038 inquisivit.
704 3931 921 4020 Item,dixit
935 3930 1042 4035 quod
1061 3930 1100 4005 in
1116 3929 1178 4005 die
1191 3930 1349 4006 Veneris
1368 3947 1493 4007 sancta
1513 3930 1647 4007 devote
1665 3945 1702 4005 et
1720 3957 1823 4006 reve·

398 4079 525 4138 renter
549 4059 756 4137 adorabant
779 4088 945 4149 crucem,
966 4075 1003 4134 et
1017 4059 1123 4165 quod
1145 4059 1225 4163 ipse
1248 4059 1346 4136 bene
1372 4059 1549 4137 credebat
1569 4059 1824 4137 ecclesiasticis

398 4191 653 4280 sacramentis,
679 4207 718 4266 et
737 4191 858 4266 credit
876 4191 983 4296 quod
999 4187 1062 4266 alii
1083 4187 1215 4268 fratres
1238 4191 1384 4267 ordinis
1406 4192 1543 4268 eodem
1558 4191 1675 4267 modo
1696 4191 1824 4267 crede-

398 4335 498 4408 rent,
522 4339 561 4398 et
574 4320 679 4427 quod
701 4349 834 4396 eorum
859 4320 1071 4397 sacerdotes
1094 4320 1221 4396 debite
1237 4318 1482 4397 celebrarent.
1508 4320 1642 4398 Statim
1656 4349 1726 4426 pro
1743 4347 1825 4425 pro

399 4451 504 4528 fessis
518 4451 766 4527 habebantur.
789 4449 1032 4528 Clandestine
1052 4449 1344 4557 recipiebantur,
1363 4449 1479 4527 nullis
1494 4449 1733 4555 presentibus
1752 4449 1823 4524 nisi

399 4581 579 4659 fratribus
594 4581 758 4668 ordinis,
780 4607 824 4656 ex
842 4609 921 4688 qno
934 4581 1056 4682 credit
1072 4581 1179 4687 quod
1196 4599 1293 4657 esset
1310 4580 1474 4686 suspicio
1490 4597 1620 4658 contra
1635 4607 1710 4656 eos.
1731 4578 1825 4656 Cor-

400 4712 614 4790 dulisunde
624 4710 801 4790 volebant
812 4713 1011 4817 assumptis
1021 4711 1270 4818 cingebantur
1281 4739 1395 4818 super
1404 4711 1573 4788 camisias
1586 4736 1673 4787 cum
1684 4708 1825 4816 quibus

395 4845 641 4952 jacebant,ex
650 4841 892 4919 ordinacione
902 4840 1001 4919 beati
1013 4840 1490 4950 Bernardi.lnjnngebatur
1503 4843 1556 4920 eis
1564 4839 1669 4949 quod
1679 4839 1824 4944 absque
