4320 5898
720 512 914 610 procus
941 535 1036 610 ons
1063 535 1369 610 rennuens.
1711 544 1758 617 ss

326 675 567 783 deposicione
587 701 656 780 per
683 701 772 753 eum
786 674 882 754 facta
901 706 1028 756 coram
1050 677 1151 757 dicto
1171 677 1329 756 domino
1350 676 1527 786 episcopo
1548 678 1757 760 Parisiensi.

381 806 599 918 Requisitus
632 804 663 883 si
698 806 752 884 sic
781 807 1010 915 deposuerat
1037 837 1165 918 prece,
1201 827 1397 918 precepto,
1428 809 1585 906 timore,
1613 842 1759 907 amore,

326 938 520 1032 odiorvel
542 937 743 1045 temporali
769 942 933 1020 comodo
953 941 1085 1021 habito
1113 941 1173 1020 vel
1202 941 1402 1037 habendo,
1431 944 1628 1051 respondit
1654 950 1759 1054 quod

323 1099 420 1162 non,
447 1071 520 1151 sed
547 1098 617 1179 pro
647 1070 801 1149 veritate
827 1071 1007 1165 dicenda3
1038 1074 1100 1152 cui
1124 1071 1197 1152 fuit
1221 1073 1438 1184 injunctum
1462 1075 1569 1184 quod
1595 1106 1673 1156 non
1697 1107 1758 1157 re-

324 1201 463 1282 velaret
479 1205 577 1282 hanc
596 1229 703 1282 suam
724 1203 1007 1310 deposicionem
1027 1233 1227 1314 quousque
1248 1205 1509 1308 attestacionas
1525 1205 1670 1288 fuerint
1687 1239 1758 1317 pu-

323 1335 472 1415 blicate.

380 1603 510 1680 Frater
537 1598 725 1678 Robertus
761 1597 798 1676 le
830 1597 983 1678 Verrier
1011 1597 1346 1709 Rothomagensis,
1379 1598 1570 1677 Johannes
1598 1599 1647 1680 de
1679 1601 1757 1680 Bali

323 1731 605 1822 Ambianensis,
637 1731 852 1842 Stephanus
879 1729 927 1808 de
954 1729 1087 1808 Turno
1105 1729 1309 1838 presbiter,
1339 1747 1378 1808 et
1402 1730 1563 1809 lacobus
1592 1730 1641 1810 de
1660 1732 1759 1813 Villa

322 1865 464 1944 Parisia
474 1861 711 1955 Parisiensis,
727 1890 770 1940 ac
788 1862 980 1940 lohannes
996 1860 1045 1939 de
1057 1861 1264 1972 Fregevilla
1279 1860 1511 1940 Senonensis
1531 1862 1755 1962 diocesim,

323 1996 478 2078 adducti
492 2023 564 2104 pro
582 1995 748 2073 testibus
765 1993 815 2072 ad
828 1993 1062 2101 presenciam
1079 1993 1304 2073 eorumdem
1321 1992 1567 2079 dominorum
1583 1996 1760 2074 commis-

323 2127 526 2217 sariorum,
538 2126 779 2237 juraverunt,
793 2125 901 2204 tactis
915 2123 1157 2204 sacrosanctis
1171 2124 1399 2236 Evangeliis,
1416 2125 1542 2204 dicere
1555 2126 1595 2203 in
1608 2126 1680 2206 isto
1690 2155 1759 2206 ne·-

322 2261 431 2368 gooio
446 2258 600 2368 plenam
612 2276 651 2338 et
664 2287 809 2338 meram
821 2257 1034 2349 veritatem,
1049 2258 1263 2340 secundum
1273 2257 1434 2337 formam
1448 2258 1658 2366 juramenti
1672 2257 1759 2337 alio-
1777 2346 1780 2351 ,

322 2419 409 2471 rum
421 2392 577 2471 testium
589 2391 764 2500 superius
776 2391 1028 2500 registrum,
1043 2389 1249 2499 expositam
1268 2407 1306 2470 et
1321 2373 1583 2500 uulgarizatam
1598 2389 1754 2468 eisdem.

379 2523 471 2602 Acta
488 2523 645 2603 fuerunt
664 2524 735 2601 hec
757 2523 865 2602 dictis
886 2524 948 2602 die
969 2540 1007 2602 et
1026 2521 1127 2615 loco,
1142 2519 1382 2632 presentibus
1402 2522 1579 2630 magistro
1595 2519 1755 2634 Amisio,

323 2685 384 2734 me
403 2656 661 2736 Floriamonte
674 2655 894 2750 Dondedei,
917 2674 956 2735 et
974 2654 1057 2738 aliis
1076 2655 1233 2734 notariis
1252 2683 1365 2763 supra
1383 2653 1520 2732 ultimo
1534 2653 1756 2743 nominatis,

322 2789 396 2868 hoc
414 2789 516 2872 salvo
536 2790 642 2896 quod
662 2789 786 2868 dictus
809 2789 988 2897 magister
1012 2786 1177 2866 Amisius
1196 2815 1274 2867 non
1295 2784 1466 2874 interluit
1488 2765 1758 2864 examinacioiu

322 2918 448 2998 ultimi
462 2919 584 3011 testis,
606 2947 677 3000 nec
691 2921 814 2998 dictus
831 2921 1008 3028 magister
1020 2921 1129 3027 Hngo
1147 2919 1360 3026 recepcioni
1375 2934 1413 2995 et
1419 2917 1639 3026 juramento
1651 2917 1759 3026 quin·

323 3081 397 3160 que
416 3051 579 3132 testibus
599 3049 836 3160 supradictis.

379 3315 469 3392 Post
479 3313 563 3403 hec,
579 3311 642 3390 die
653 3311 812 3406 Veneris
824 3311 999 3419 sequenti
1010 3368 1020 3398 ,
1032 3337 1107 3418 que
1118 3309 1247 3390 firitxu
1260 3310 1342 3390 dies
1355 3310 1446 3390 dicti
1455 3311 1599 3389 mensis
1609 3312 1755 3410 Marcii,

322 3442 591 3522 fuitadduotus
601 3442 650 3520 ad
659 3441 893 3549 presenciam
907 3440 1132 3519 eorumdem
1142 3440 1389 3552 dominorum
1399 3440 1755 3538 commissariorum,

324 3577 363 3654 in
389 3575 506 3654 domo
531 3571 701 3683 predicta
725 3571 884 3650 fratrum
909 3570 1117 3666 Minorum,
1145 3571 1260 3651 frater
1283 3573 1500 3680 Stephanus
1528 3573 1576 3651 de
1602 3575 1756 3664 Turno,

323 3707 510 3816 presbiter
522 3704 744 3786 Parisiensis
759 3703 936 3797 diocesis,
952 3704 1059 3782 testis
1074 3731 1186 3813 supra
1204 3705 1371 3814 juratus,
1397 3720 1441 3784 ut
1466 3706 1674 3813 deponeret
1696 3708 1759 3786 di-

325 3856 429 3918 ctum
444 3865 574 3928 suum,
590 3835 744 3946 triginta
766 3863 952 3914 annorum
972 3833 1033 3914 vel
1053 3835 1165 3928 circa,
1181 3835 1249 3944 qui
1263 3833 1491 3915 mantelltnn
1507 3834 1704 3916 dimiserat
1717 3839 1756 3916 in

324 3967 485 4050 coneilio
494 3967 703 4047 Senonensi
713 4029 722 4060 ,
733 3967 822 4075 quia
837 3965 1008 4078 inibiper
1020 3967 1226 4075 quemdam
1238 3966 1464 4046 servientem
1476 3965 1598 4046 firerat
1610 3987 1758 4051 amonis

325 4101 457 4194 abeo,
487 4129 574 4180 oum
602 4128 678 4209 quo
702 4093 927 4209 inquisitum
953 4098 1093 4188 fuerat,
1120 4099 1316 4179 absolutus
1342 4116 1381 4178 et
1403 4100 1667 4182 reconciliatus
1688 4129 1759 4212 per

326 4234 527 4342 dominum
547 4233 765 4342 episcopum
778 4232 1043 4324 Parisiensem‚
1065 4233 1340 4340 protestatione
1356 4233 1537 4342 premissa
1554 4236 1757 4342 quod'non

326 4365 493 4445 intendit
510 4365 688 4444 recedere
711 4395 732 4444 a
754 4366 997 4474 deposicione
1017 4393 1086 4475 per
1103 4393 1193 4444 eum
1215 4363 1309 4444 faeta
1329 4393 1454 4444 coram
1476 4365 1577 4444 dicto
1599 4365 1758 4447 domino

326 4499 501 4605 episcopo
518 4497 730 4600 Parisiensi.
744 4498 868 4577 Lectis
886 4515 924 4576 et
939 4497 1145 4607 diligenter
1157 4496 1333 4606 expositis
1346 4497 1421 4577 sibi
1438 4497 1617 4578 omnibus
1631 4515 1671 4576 et
1689 4499 1759 4578 sin-

325 4629 424 4740 gulis
441 4629 627 4723 articulis,
647 4629 846 4738 respondit
865 4659 906 4709 se
930 4630 1091 4720 nescire,
1118 4659 1189 4710 neo
1205 4629 1390 4710 audivisse
1413 4629 1486 4708 dici
1509 4627 1556 4708 de
1572 4631 1759 4712 contentis
1894 4738 1904 4746 .

326 4762 434 4840 ineis
449 4761 521 4840 nisi
536 4761 643 4870 quod
659 4761 842 4872 sequitur.
859 4762 961 4844 Dixit
975 4763 1079 4841 enim
1093 4762 1216 4872 quod,
1233 4763 1331 4841 circa
1344 4763 1487 4841 instans
1505 4760 1645 4840 festum
1661 4763 1759 4842 Nati·

326 4893 449 4973 uitatis
462 4893 564 4972 beati
583 4893 764 4974 Johannis
783 4895 949 5003 Baptista
962 4912 1080 4974 erunt
1098 4911 1183 4974 octo
1204 4894 1292 4974 anni
1311 4894 1372 4974 vel
1386 4895 1497 4988 cirea,
1519 4893 1634 4972 frater
1647 4895 1758 5004 Hugo

1580 5053 1607 5142 ⁵.-
