<?xml version="1.0" encoding="UTF-8"?>
<!DOCTYPE html PUBLIC "-//W3C//DTD XHTML 1.0 Transitional//EN"
    "http://www.w3.org/TR/xhtml1/DTD/xhtml1-transitional.dtd">
<html xmlns="http://www.w3.org/1999/xhtml" xml:lang="en" lang="en">
 <head>
  <title>
</title>
<meta http-equiv="Content-Type" content="text/html;charset=utf-8" />
  <meta name='ocr-system' content='tesseract 3.04.00' />
  <meta name='ocr-capabilities' content='ocr_page ocr_carea ocr_par ocr_line ocrx_word'/>
</head>
<body>
  <div class='ocr_page' id='page_1' title='image "./procsdestemplie03defegoog_0030.png"; bbox 0 0 4320 5898; ppageno 0'>
   <div class='ocr_carea' id='block_1_1' title="bbox 373 489 1407 584">
    <p class='ocr_par' dir='ltr' id='par_1_1' title="bbox 373 489 1407 584">
     <span class='ocr_line' id='line_1_1' title="bbox 373 489 1407 584; baseline -0.006 0"><span class='ocrx_word' id='word_1_1' title='bbox 373 514 417 584; x_wconf 81' lang='lat' dir='ltr'>ro</span> <span class='ocrx_word' id='word_1_2' title='bbox 757 489 953 584; x_wconf 78' lang='lat' dir='ltr'>nnocss</span> <span class='ocrx_word' id='word_1_3' title='bbox 980 507 1078 581; x_wconf 81' lang='lat' dir='ltr'>uns</span> <span class='ocrx_word' id='word_1_4' title='bbox 1104 507 1407 580; x_wconf 80' lang='lat' dir='ltr'>rsurmnns</span> 
     </span>
    </p>
   </div>
   <div class='ocr_carea' id='block_1_2' title="bbox 345 647 1915 4312">
    <p class='ocr_par' dir='ltr' id='par_1_2' title="bbox 367 647 1798 760">
     <span class='ocr_line' id='line_1_2' title="bbox 367 647 1798 760; baseline 0 -30"><span class='ocrx_word' id='word_1_5' title='bbox 367 681 474 760; x_wconf 88' lang='lat' dir='ltr'>aqua,</span> <span class='ocrx_word' id='word_1_6' title='bbox 489 649 564 730; x_wconf 83' lang='lat' dir='ltr'>fuit</span> <span class='ocrx_word' id='word_1_7' title='bbox 577 649 771 730; x_wconf 82' lang='lat' dir='ltr'>consessus</span> <span class='ocrx_word' id='word_1_8' title='bbox 787 679 913 728; x_wconf 88' lang='lat' dir='ltr'>coram</span> <span class='ocrx_word' id='word_1_9' title='bbox 925 649 1027 728; x_wconf 90' lang='lat' dir='ltr'>dicto</span> <span class='ocrx_word' id='word_1_10' title='bbox 1037 647 1199 726; x_wconf 72' lang='lat' dir='ltr'>vdomino</span> <span class='ocrx_word' id='word_1_11' title='bbox 1214 649 1389 758; x_wconf 88' lang='lat' dir='ltr'>episcopo</span> <span class='ocrx_word' id='word_1_12' title='bbox 1405 649 1509 757; x_wconf 90' lang='lat' dir='ltr'>quod</span> <span class='ocrx_word' id='word_1_13' title='bbox 1524 649 1563 726; x_wconf 92' lang='lat' dir='ltr'>in</span> <span class='ocrx_word' id='word_1_14' title='bbox 1578 652 1798 758; x_wconf 89' lang='lat' dir='ltr'>recepcione</span> 
     </span>
    </p>

    <p class='ocr_par' dir='ltr' id='par_1_3' title="bbox 345 761 1915 4312">
     <span class='ocr_line' id='line_1_3' title="bbox 368 761 1915 891; baseline 0 -31"><span class='ocrx_word' id='word_1_15' title='bbox 368 811 434 862; x_wconf 89' lang='lat' dir='ltr'>sua</span> <span class='ocrx_word' id='word_1_16' title='bbox 455 801 608 891; x_wconf 87' lang='lat' dir='ltr'>spuerat</span> <span class='ocrx_word' id='word_1_17' title='bbox 623 784 728 890; x_wconf 83' lang='lat' dir='ltr'>juxta</span> <span class='ocrx_word' id='word_1_18' title='bbox 747 781 952 890; x_wconf 88' lang='lat' dir='ltr'>quamdam</span> <span class='ocrx_word' id='word_1_19' title='bbox 976 807 1137 872; x_wconf 88' lang='lat' dir='ltr'>crucem,</span> <span class='ocrx_word' id='word_1_20' title='bbox 1161 809 1227 858; x_wconf 89' lang='lat' dir='ltr'>ore</span> <span class='ocrx_word' id='word_1_21' title='bbox 1247 808 1325 858; x_wconf 90' lang='lat' dir='ltr'>non</span> <span class='ocrx_word' id='word_1_22' title='bbox 1346 781 1473 868; x_wconf 89' lang='lat' dir='ltr'>corde,</span> <span class='ocrx_word' id='word_1_23' title='bbox 1489 798 1534 886; x_wconf 39' lang='lat' dir='ltr'>‚et</span> <span class='ocrx_word' id='word_1_24' title='bbox 1552 782 1656 889; x_wconf 93' lang='lat' dir='ltr'>quod</span> <span class='ocrx_word' id='word_1_25' title='bbox 1677 781 1801 862; x_wconf 77' lang='lat' dir='ltr'>isserat</span> <span class='ocrx_word' id='word_1_26' title='bbox 1904 761 1915 774; x_wconf 48' lang='lat'><em>⁴</em></span> 
     </span>
     <span class='ocr_line' id='line_1_4' title="bbox 366 910 1797 1021; baseline -0.001 -27"><span class='ocrx_word' id='word_1_27' title='bbox 366 913 558 994; x_wconf 86' lang='lat' dir='ltr'>osculatus</span> <span class='ocrx_word' id='word_1_28' title='bbox 578 930 814 1021; x_wconf 80' lang='lat' dir='ltr'>receptorem</span> <span class='ocrx_word' id='word_1_29' title='bbox 839 943 953 991; x_wconf 87' lang='lat' dir='ltr'>suum</span> <span class='ocrx_word' id='word_1_30' title='bbox 978 941 1091 1020; x_wconf 89' lang='lat' dir='ltr'>supra</span> <span class='ocrx_word' id='word_1_31' title='bbox 1115 910 1359 1001; x_wconf 87' lang='lat' dir='ltr'>umbilicum,</span> <span class='ocrx_word' id='word_1_32' title='bbox 1386 912 1536 991; x_wconf 88' lang='lat' dir='ltr'>camisia</span> <span class='ocrx_word' id='word_1_33' title='bbox 1555 913 1797 1005; x_wconf 87' lang='lat' dir='ltr'>intermedia;</span> 
     </span>
     <span class='ocr_line' id='line_1_5' title="bbox 367 1040 1800 1154; baseline 0 -29"><span class='ocrx_word' id='word_1_34' title='bbox 367 1075 442 1154; x_wconf 91' lang='lat' dir='ltr'>que</span> <span class='ocrx_word' id='word_1_35' title='bbox 463 1045 647 1126; x_wconf 83' lang='lat' dir='ltr'>consessio</span> <span class='ocrx_word' id='word_1_36' title='bbox 667 1045 740 1124; x_wconf 86' lang='lat' dir='ltr'>fuit</span> <span class='ocrx_word' id='word_1_37' title='bbox 759 1045 867 1133; x_wconf 78' lang='lat' dir='ltr'>falsa,</span> <span class='ocrx_word' id='word_1_38' title='bbox 890 1061 933 1124; x_wconf 89' lang='lat' dir='ltr'>ut</span> <span class='ocrx_word' id='word_1_39' title='bbox 958 1043 1062 1122; x_wconf 83' lang='lat' dir='ltr'><strong>dixit.</strong></span> <span class='ocrx_word' id='word_1_40' title='bbox 1085 1042 1302 1150; x_wconf 86' lang='lat' dir='ltr'>Requisitus</span> <span class='ocrx_word' id='word_1_41' title='bbox 1321 1040 1405 1132; x_wconf 91' lang='lat' dir='ltr'>ubi,</span> <span class='ocrx_word' id='word_1_42' title='bbox 1431 1045 1596 1151; x_wconf 84' lang='lat' dir='ltr'>quando,</span> <span class='ocrx_word' id='word_1_43' title='bbox 1619 1075 1735 1154; x_wconf 81' lang='lat' dir='ltr'>aquo</span> <span class='ocrx_word' id='word_1_44' title='bbox 1762 1063 1800 1125; x_wconf 91' lang='lat' dir='ltr'>et</span> 
     </span>
     <span class='ocr_line' id='line_1_6' title="bbox 368 1173 1799 1285; baseline 0 -29"><span class='ocrx_word' id='word_1_45' title='bbox 368 1177 509 1285; x_wconf 89' lang='lat' dir='ltr'>quibus</span> <span class='ocrx_word' id='word_1_46' title='bbox 529 1194 701 1284; x_wconf 86' lang='lat' dir='ltr'>receptus</span> <span class='ocrx_word' id='word_1_47' title='bbox 725 1177 858 1268; x_wconf 89' lang='lat' dir='ltr'>luerat,</span> <span class='ocrx_word' id='word_1_48' title='bbox 882 1174 1079 1282; x_wconf 90' lang='lat' dir='ltr'>respondit</span> <span class='ocrx_word' id='word_1_49' title='bbox 1097 1203 1136 1253; x_wconf 93' lang='lat' dir='ltr'>se</span> <span class='ocrx_word' id='word_1_50' title='bbox 1157 1173 1271 1252; x_wconf 88' lang='lat' dir='ltr'>luisse</span> <span class='ocrx_word' id='word_1_51' title='bbox 1291 1191 1487 1282; x_wconf 89' lang='lat' dir='ltr'>receptum</span> <span class='ocrx_word' id='word_1_52' title='bbox 1507 1177 1547 1253; x_wconf 92' lang='lat' dir='ltr'>in</span> <span class='ocrx_word' id='word_1_53' title='bbox 1565 1176 1705 1284; x_wconf 89' lang='lat' dir='ltr'>capella</span> <span class='ocrx_word' id='word_1_54' title='bbox 1727 1177 1799 1258; x_wconf 92' lang='lat' dir='ltr'>do·</span> 
     </span>
     <span class='ocr_line' id='line_1_7' title="bbox 368 1305 1798 1416; baseline 0.001 -30"><span class='ocrx_word' id='word_1_55' title='bbox 368 1337 453 1390; x_wconf 89' lang='lat' dir='ltr'>mus</span> <span class='ocrx_word' id='word_1_56' title='bbox 486 1306 639 1416; x_wconf 84' lang='lat' dir='ltr'>Templi</span> <span class='ocrx_word' id='word_1_57' title='bbox 674 1306 829 1386; x_wconf 87' lang='lat' dir='ltr'>civitatis</span> <span class='ocrx_word' id='word_1_58' title='bbox 865 1305 1119 1413; x_wconf 82' lang='lat' dir='ltr'>Tripolitana,</span> <span class='ocrx_word' id='word_1_59' title='bbox 1150 1305 1191 1382; x_wconf 90' lang='lat' dir='ltr'>in</span> <span class='ocrx_word' id='word_1_60' title='bbox 1225 1305 1321 1385; x_wconf 86' lang='lat' dir='ltr'>sesto</span> <span class='ocrx_word' id='word_1_61' title='bbox 1355 1305 1539 1386; x_wconf 90' lang='lat' dir='ltr'>Omnium</span> <span class='ocrx_word' id='word_1_62' title='bbox 1573 1309 1798 1387; x_wconf 88' lang='lat' dir='ltr'>Sanctorum</span> 
     </span>
     <span class='ocr_line' id='line_1_8' title="bbox 367 1435 1799 1549; baseline 0.001 -31"><span class='ocrx_word' id='word_1_63' title='bbox 367 1441 538 1548; x_wconf 80' lang='lat' dir='ltr'>proximo</span> <span class='ocrx_word' id='word_1_64' title='bbox 565 1440 789 1548; x_wconf 87' lang='lat' dir='ltr'>preteritum</span> <span class='ocrx_word' id='word_1_65' title='bbox 807 1437 965 1516; x_wconf 82' lang='lat' dir='ltr'>fuerunt</span> <span class='ocrx_word' id='word_1_66' title='bbox 985 1464 1055 1516; x_wconf 80' lang='lat' dir='ltr'>xxx</span> <span class='ocrx_word' id='word_1_67' title='bbox 1080 1436 1169 1514; x_wconf 90' lang='lat' dir='ltr'>anni</span> <span class='ocrx_word' id='word_1_68' title='bbox 1188 1435 1248 1515; x_wconf 85' lang='lat' dir='ltr'>vel</span> <span class='ocrx_word' id='word_1_69' title='bbox 1268 1437 1384 1530; x_wconf 90' lang='lat' dir='ltr'>circa,</span> <span class='ocrx_word' id='word_1_70' title='bbox 1409 1467 1478 1546; x_wconf 92' lang='lat' dir='ltr'>per</span> <span class='ocrx_word' id='word_1_71' title='bbox 1502 1439 1658 1518; x_wconf 88' lang='lat' dir='ltr'>fratrem</span> <span class='ocrx_word' id='word_1_72' title='bbox 1677 1470 1799 1549; x_wconf 88' lang='lat' dir='ltr'>quon-</span> 
     </span>
     <span class='ocr_line' id='line_1_9' title="bbox 368 1545 1796 1678; baseline 0.002 -28"><span class='ocrx_word' id='word_1_73' title='bbox 368 1573 456 1650; x_wconf 88' lang='lat' dir='ltr'>dam</span> <span class='ocrx_word' id='word_1_74' title='bbox 477 1572 707 1651; x_wconf 88' lang='lat' dir='ltr'>Rodoricum</span> <span class='ocrx_word' id='word_1_75' title='bbox 724 1569 771 1647; x_wconf 90' lang='lat' dir='ltr'>de</span> <span class='ocrx_word' id='word_1_76' title='bbox 786 1569 909 1678; x_wconf 80' lang='lat' dir='ltr'>Cuyre</span> <span class='ocrx_word' id='word_1_77' title='bbox 926 1568 1106 1657; x_wconf 90' lang='lat' dir='ltr'>militem,</span> <span class='ocrx_word' id='word_1_78' title='bbox 1119 1587 1212 1646; x_wconf 86' lang='lat' dir='ltr'>tune</span> <span class='ocrx_word' id='word_1_79' title='bbox 1223 1545 1485 1678; x_wconf 74' lang='lat' dir='ltr'>preceptorem</span> <span class='ocrx_word' id='word_1_80' title='bbox 1497 1571 1796 1678; x_wconf 81' lang='lat' dir='ltr'>Tripolitanum,</span> 
     </span>
     <span class='ocr_line' id='line_1_10' title="bbox 365 1699 1797 1814; baseline 0.002 -32"><span class='ocrx_word' id='word_1_81' title='bbox 365 1701 605 1812; x_wconf 81' lang='lat' dir='ltr'>presentibus</span> <span class='ocrx_word' id='word_1_82' title='bbox 641 1701 821 1781; x_wconf 86' lang='lat' dir='ltr'>fratribus</span> <span class='ocrx_word' id='word_1_83' title='bbox 860 1699 1045 1782; x_wconf 84' lang='lat' dir='ltr'>Rodorico</span> <span class='ocrx_word' id='word_1_84' title='bbox 1074 1701 1250 1780; x_wconf 86' lang='lat' dir='ltr'>Ynauhes</span> <span class='ocrx_word' id='word_1_85' title='bbox 1279 1701 1380 1780; x_wconf 88' lang='lat' dir='ltr'>socio</span> <span class='ocrx_word' id='word_1_86' title='bbox 1420 1701 1511 1780; x_wconf 92' lang='lat' dir='ltr'>dicti</span> <span class='ocrx_word' id='word_1_87' title='bbox 1551 1708 1797 1814; x_wconf 86' lang='lat' dir='ltr'>preceptoris,</span> 
     </span>
     <span class='ocr_line' id='line_1_11' title="bbox 365 1831 1797 1941; baseline 0.001 -27"><span class='ocrx_word' id='word_1_88' title='bbox 365 1837 537 1916; x_wconf 88' lang='lat' dir='ltr'>Johanne</span> <span class='ocrx_word' id='word_1_89' title='bbox 568 1835 615 1912; x_wconf 93' lang='lat' dir='ltr'>de</span> <span class='ocrx_word' id='word_1_90' title='bbox 644 1833 738 1941; x_wconf 88' lang='lat' dir='ltr'>Pugi</span> <span class='ocrx_word' id='word_1_91' title='bbox 765 1831 968 1926; x_wconf 74' lang='lat' dir='ltr'>militibus,</span> <span class='ocrx_word' id='word_1_92' title='bbox 1008 1850 1047 1910; x_wconf 91' lang='lat' dir='ltr'>et</span> <span class='ocrx_word' id='word_1_93' title='bbox 1080 1831 1263 1911; x_wconf 88' lang='lat' dir='ltr'>Durando</span> <span class='ocrx_word' id='word_1_94' title='bbox 1290 1833 1337 1910; x_wconf 91' lang='lat' dir='ltr'>de</span> <span class='ocrx_word' id='word_1_95' title='bbox 1367 1833 1574 1912; x_wconf 83' lang='lat' dir='ltr'>Lemovicis</span> <span class='ocrx_word' id='word_1_96' title='bbox 1602 1837 1797 1930; x_wconf 85' lang='lat' dir='ltr'>serviente,</span> 
     </span>
     <span class='ocr_line' id='line_1_12' title="bbox 367 1962 1797 2072; baseline 0 -26"><span class='ocrx_word' id='word_1_97' title='bbox 367 1965 578 2055; x_wconf 83' lang='lat' dir='ltr'>deffunctis,</span> <span class='ocrx_word' id='word_1_98' title='bbox 595 1982 632 2044; x_wconf 89' lang='lat' dir='ltr'>et</span> <span class='ocrx_word' id='word_1_99' title='bbox 650 1964 826 2072; x_wconf 90' lang='lat' dir='ltr'>pluribus</span> <span class='ocrx_word' id='word_1_100' title='bbox 845 1964 928 2043; x_wconf 86' lang='lat' dir='ltr'>aliis</span> <span class='ocrx_word' id='word_1_101' title='bbox 948 1963 1155 2071; x_wconf 89' lang='lat' dir='ltr'>dequibus</span> <span class='ocrx_word' id='word_1_102' title='bbox 1174 1991 1251 2042; x_wconf 91' lang='lat' dir='ltr'>non</span> <span class='ocrx_word' id='word_1_103' title='bbox 1272 1962 1416 2058; x_wconf 85' lang='lat' dir='ltr'>recolit,</span> <span class='ocrx_word' id='word_1_104' title='bbox 1433 1965 1475 2042; x_wconf 91' lang='lat' dir='ltr'>in</span> <span class='ocrx_word' id='word_1_105' title='bbox 1494 1965 1599 2044; x_wconf 88' lang='lat' dir='ltr'>hunc</span> <span class='ocrx_word' id='word_1_106' title='bbox 1617 1969 1797 2048; x_wconf 90' lang='lat' dir='ltr'>modum:</span> 
     </span>
     <span class='ocr_line' id='line_1_13' title="bbox 367 2092 1799 2204; baseline 0 -26"><span class='ocrx_word' id='word_1_107' title='bbox 367 2127 455 2179; x_wconf 90' lang='lat' dir='ltr'>nam</span> <span class='ocrx_word' id='word_1_108' title='bbox 481 2127 568 2177; x_wconf 89' lang='lat' dir='ltr'>cum</span> <span class='ocrx_word' id='word_1_109' title='bbox 590 2097 765 2204; x_wconf 86' lang='lat' dir='ltr'>peciisset</span> <span class='ocrx_word' id='word_1_110' title='bbox 796 2124 836 2174; x_wconf 89' lang='lat' dir='ltr'>se</span> <span class='ocrx_word' id='word_1_111' title='bbox 856 2095 973 2201; x_wconf 90' lang='lat' dir='ltr'>recipi</span> <span class='ocrx_word' id='word_1_112' title='bbox 1000 2094 1050 2172; x_wconf 89' lang='lat' dir='ltr'>ad</span> <span class='ocrx_word' id='word_1_113' title='bbox 1075 2092 1307 2172; x_wconf 89' lang='lat' dir='ltr'>beneficium</span> <span class='ocrx_word' id='word_1_114' title='bbox 1336 2094 1492 2187; x_wconf 86' lang='lat' dir='ltr'>ordinis,</span> <span class='ocrx_word' id='word_1_115' title='bbox 1525 2113 1563 2174; x_wconf 93' lang='lat' dir='ltr'>et</span> <span class='ocrx_word' id='word_1_116' title='bbox 1589 2097 1731 2177; x_wconf 89' lang='lat' dir='ltr'>diceret</span> <span class='ocrx_word' id='word_1_117' title='bbox 1759 2130 1799 2178; x_wconf 89' lang='lat' dir='ltr'>se</span> 
     </span>
     <span class='ocr_line' id='line_1_14' title="bbox 367 2224 1801 2340; baseline 0.001 -32"><span class='ocrx_word' id='word_1_118' title='bbox 367 2229 462 2308; x_wconf 90' lang='lat' dir='ltr'>velle</span> <span class='ocrx_word' id='word_1_119' title='bbox 483 2227 566 2306; x_wconf 85' lang='lat' dir='ltr'>fieri</span> <span class='ocrx_word' id='word_1_120' title='bbox 587 2255 736 2306; x_wconf 88' lang='lat' dir='ltr'>servum</span> <span class='ocrx_word' id='word_1_121' title='bbox 758 2226 945 2305; x_wconf 86' lang='lat' dir='ltr'>esclavum</span> <span class='ocrx_word' id='word_1_122' title='bbox 961 2225 1051 2303; x_wconf 90' lang='lat' dir='ltr'>dicti</span> <span class='ocrx_word' id='word_1_123' title='bbox 1067 2224 1224 2316; x_wconf 86' lang='lat' dir='ltr'>ordinis,</span> <span class='ocrx_word' id='word_1_124' title='bbox 1245 2243 1360 2332; x_wconf 89' lang='lat' dir='ltr'>prout</span> <span class='ocrx_word' id='word_1_125' title='bbox 1374 2227 1579 2307; x_wconf 88' lang='lat' dir='ltr'>instructus</span> <span class='ocrx_word' id='word_1_126' title='bbox 1598 2228 1720 2309; x_wconf 88' lang='lat' dir='ltr'>luerat</span> <span class='ocrx_word' id='word_1_127' title='bbox 1732 2261 1801 2340; x_wconf 89' lang='lat' dir='ltr'>per</span> 
     </span>
     <span class='ocr_line' id='line_1_15' title="bbox 366 2357 1798 2471; baseline 0.001 -31"><span class='ocrx_word' id='word_1_128' title='bbox 366 2362 513 2471; x_wconf 88' lang='lat' dir='ltr'>aliquos</span> <span class='ocrx_word' id='word_1_129' title='bbox 524 2357 665 2438; x_wconf 91' lang='lat' dir='ltr'>amicos</span> <span class='ocrx_word' id='word_1_130' title='bbox 677 2387 777 2453; x_wconf 89' lang='lat' dir='ltr'>suos,</span> <span class='ocrx_word' id='word_1_131' title='bbox 795 2359 918 2438; x_wconf 90' lang='lat' dir='ltr'>dictus</span> <span class='ocrx_word' id='word_1_132' title='bbox 931 2375 1105 2465; x_wconf 89' lang='lat' dir='ltr'>receptor</span> <span class='ocrx_word' id='word_1_133' title='bbox 1123 2357 1308 2438; x_wconf 87' lang='lat' dir='ltr'>concessit</span> <span class='ocrx_word' id='word_1_134' title='bbox 1322 2358 1393 2436; x_wconf 90' lang='lat' dir='ltr'>sibi</span> <span class='ocrx_word' id='word_1_135' title='bbox 1408 2373 1446 2438; x_wconf 93' lang='lat' dir='ltr'>et</span> <span class='ocrx_word' id='word_1_136' title='bbox 1461 2357 1549 2437; x_wconf 83' lang='lat' dir='ltr'>lecit</span> <span class='ocrx_word' id='word_1_137' title='bbox 1564 2387 1654 2438; x_wconf 90' lang='lat' dir='ltr'>eum</span> <span class='ocrx_word' id='word_1_138' title='bbox 1667 2389 1798 2442; x_wconf 90' lang='lat' dir='ltr'>vovere</span> 
     </span>
     <span class='ocr_line' id='line_1_16' title="bbox 367 2489 1799 2602; baseline 0 -30"><span class='ocrx_word' id='word_1_139' title='bbox 367 2513 405 2572; x_wconf 90' lang='lat' dir='ltr'>et</span> <span class='ocrx_word' id='word_1_140' title='bbox 426 2495 555 2602; x_wconf 87' lang='lat' dir='ltr'>jurare</span> <span class='ocrx_word' id='word_1_141' title='bbox 586 2490 810 2578; x_wconf 83' lang='lat' dir='ltr'>castitatem,</span> <span class='ocrx_word' id='word_1_142' title='bbox 834 2489 1113 2583; x_wconf 85' lang='lat' dir='ltr'>obedienciam,</span> <span class='ocrx_word' id='word_1_143' title='bbox 1141 2489 1264 2568; x_wconf 86' lang='lat' dir='ltr'>vivere</span> <span class='ocrx_word' id='word_1_144' title='bbox 1287 2490 1368 2568; x_wconf 89' lang='lat' dir='ltr'>sine</span> <span class='ocrx_word' id='word_1_145' title='bbox 1394 2491 1561 2598; x_wconf 86' lang='lat' dir='ltr'>proprio,</span> <span class='ocrx_word' id='word_1_146' title='bbox 1589 2503 1627 2568; x_wconf 94' lang='lat' dir='ltr'>et</span> <span class='ocrx_word' id='word_1_147' title='bbox 1653 2522 1799 2572; x_wconf 87' lang='lat' dir='ltr'>servare</span> 
     </span>
     <span class='ocr_line' id='line_1_17' title="bbox 370 2620 1798 2733; baseline 0.002 -30"><span class='ocrx_word' id='word_1_148' title='bbox 370 2624 588 2706; x_wconf 87' lang='lat' dir='ltr'>bonosusus</span> <span class='ocrx_word' id='word_1_149' title='bbox 612 2640 650 2701; x_wconf 88' lang='lat' dir='ltr'>et</span> <span class='ocrx_word' id='word_1_150' title='bbox 663 2621 784 2702; x_wconf 88' lang='lat' dir='ltr'>bonas</span> <span class='ocrx_word' id='word_1_151' title='bbox 802 2620 1098 2699; x_wconf 89' lang='lat' dir='ltr'>consuetudines</span> <span class='ocrx_word' id='word_1_152' title='bbox 1112 2620 1229 2728; x_wconf 90' lang='lat' dir='ltr'>ipsius</span> <span class='ocrx_word' id='word_1_153' title='bbox 1250 2621 1410 2714; x_wconf 89' lang='lat' dir='ltr'>ordinis,</span> <span class='ocrx_word' id='word_1_154' title='bbox 1429 2639 1468 2700; x_wconf 88' lang='lat' dir='ltr'>et</span> <span class='ocrx_word' id='word_1_155' title='bbox 1481 2623 1586 2729; x_wconf 91' lang='lat' dir='ltr'>quod</span> <span class='ocrx_word' id='word_1_156' title='bbox 1601 2653 1670 2731; x_wconf 91' lang='lat' dir='ltr'>pro</span> <span class='ocrx_word' id='word_1_157' title='bbox 1689 2655 1798 2733; x_wconf 90' lang='lat' dir='ltr'>posse</span> 
     </span>
     <span class='ocr_line' id='line_1_18' title="bbox 367 2751 1798 2865; baseline 0.001 -30"><span class='ocrx_word' id='word_1_158' title='bbox 367 2784 435 2836; x_wconf 90' lang='lat' dir='ltr'>suo</span> <span class='ocrx_word' id='word_1_159' title='bbox 443 2756 591 2865; x_wconf 86' lang='lat' dir='ltr'>juvaret</span> <span class='ocrx_word' id='word_1_160' title='bbox 607 2752 656 2830; x_wconf 92' lang='lat' dir='ltr'>ad</span> <span class='ocrx_word' id='word_1_161' title='bbox 669 2751 942 2860; x_wconf 89' lang='lat' dir='ltr'>acquirendum</span> <span class='ocrx_word' id='word_1_162' title='bbox 957 2754 1114 2831; x_wconf 90' lang='lat' dir='ltr'>Terram</span> <span class='ocrx_word' id='word_1_163' title='bbox 1135 2752 1321 2830; x_wconf 87' lang='lat' dir='ltr'>Sanctam.</span> <span class='ocrx_word' id='word_1_164' title='bbox 1339 2753 1426 2848; x_wconf 86' lang='lat' dir='ltr'>Quo</span> <span class='ocrx_word' id='word_1_165' title='bbox 1446 2753 1542 2833; x_wconf 85' lang='lat' dir='ltr'>lacto</span> <span class='ocrx_word' id='word_1_166' title='bbox 1562 2756 1744 2864; x_wconf 88' lang='lat' dir='ltr'>imposuit</span> <span class='ocrx_word' id='word_1_167' title='bbox 1764 2763 1798 2837; x_wconf 86' lang='lat' dir='ltr'>ei</span> 
     </span>
     <span class='ocr_line' id='line_1_19' title="bbox 367 2881 1797 2974; baseline 0.004 -10"><span class='ocrx_word' id='word_1_168' title='bbox 367 2885 609 2974; x_wconf 88' lang='lat' dir='ltr'>mantellum,</span> <span class='ocrx_word' id='word_1_169' title='bbox 632 2901 671 2962; x_wconf 91' lang='lat' dir='ltr'>et</span> <span class='ocrx_word' id='word_1_170' title='bbox 689 2884 879 2964; x_wconf 86' lang='lat' dir='ltr'>osculatus</span> <span class='ocrx_word' id='word_1_171' title='bbox 898 2881 971 2962; x_wconf 87' lang='lat' dir='ltr'>suit</span> <span class='ocrx_word' id='word_1_172' title='bbox 987 2911 1075 2962; x_wconf 91' lang='lat' dir='ltr'>eum</span> <span class='ocrx_word' id='word_1_173' title='bbox 1092 2883 1132 2961; x_wconf 93' lang='lat' dir='ltr'>in</span> <span class='ocrx_word' id='word_1_174' title='bbox 1153 2909 1231 2964; x_wconf 88' lang='lat' dir='ltr'>ore.</span> <span class='ocrx_word' id='word_1_175' title='bbox 1253 2884 1502 2964; x_wconf 89' lang='lat' dir='ltr'>Postmodum</span> <span class='ocrx_word' id='word_1_176' title='bbox 1517 2887 1694 2968; x_wconf 84' lang='lat' dir='ltr'>instruxit</span> <span class='ocrx_word' id='word_1_177' title='bbox 1710 2920 1797 2970; x_wconf 87' lang='lat' dir='ltr'>eum</span> 
     </span>
     <span class='ocr_line' id='line_1_20' title="bbox 366 3014 1799 3131; baseline 0.003 -33"><span class='ocrx_word' id='word_1_178' title='bbox 366 3036 462 3128; x_wconf 89' lang='lat' dir='ltr'>quot</span> <span class='ocrx_word' id='word_1_179' title='bbox 477 3020 590 3098; x_wconf 86' lang='lat' dir='ltr'>Pater</span> <span class='ocrx_word' id='word_1_180' title='bbox 601 3032 716 3096; x_wconf 85' lang='lat' dir='ltr'>aester</span> <span class='ocrx_word' id='word_1_181' title='bbox 730 3017 872 3095; x_wconf 88' lang='lat' dir='ltr'>diceret</span> <span class='ocrx_word' id='word_1_182' title='bbox 886 3044 957 3123; x_wconf 92' lang='lat' dir='ltr'>pro</span> <span class='ocrx_word' id='word_1_183' title='bbox 974 3014 1133 3124; x_wconf 85' lang='lat' dir='ltr'>singulis</span> <span class='ocrx_word' id='word_1_184' title='bbox 1153 3015 1274 3112; x_wconf 91' lang='lat' dir='ltr'>horis,</span> <span class='ocrx_word' id='word_1_185' title='bbox 1298 3033 1336 3094; x_wconf 91' lang='lat' dir='ltr'>et</span> <span class='ocrx_word' id='word_1_186' title='bbox 1351 3017 1513 3126; x_wconf 86' lang='lat' dir='ltr'>qualiter</span> <span class='ocrx_word' id='word_1_187' title='bbox 1524 3040 1673 3131; x_wconf 84' lang='lat' dir='ltr'>regeret</span> <span class='ocrx_word' id='word_1_188' title='bbox 1698 3053 1738 3102; x_wconf 90' lang='lat' dir='ltr'>se</span> <span class='ocrx_word' id='word_1_189' title='bbox 1759 3026 1799 3102; x_wconf 91' lang='lat' dir='ltr'>in</span> 
     </span>
     <span class='ocr_line' id='line_1_21' title="bbox 366 3135 1799 3259; baseline 0.001 -27"><span class='ocrx_word' id='word_1_190' title='bbox 366 3149 513 3232; x_wconf 86' lang='lat' dir='ltr'>ordine.</span> <span class='ocrx_word' id='word_1_191' title='bbox 545 3147 760 3259; x_wconf 84' lang='lat' dir='ltr'>Requisitus</span> <span class='ocrx_word' id='word_1_192' title='bbox 784 3149 815 3226; x_wconf 89' lang='lat' dir='ltr'>si</span> <span class='ocrx_word' id='word_1_193' title='bbox 840 3135 985 3255; x_wconf 90' lang='lat' dir='ltr'>aliquid</span> <span class='ocrx_word' id='word_1_194' title='bbox 1011 3147 1187 3227; x_wconf 90' lang='lat' dir='ltr'>illicitum</span> <span class='ocrx_word' id='word_1_195' title='bbox 1208 3148 1269 3226; x_wconf 89' lang='lat' dir='ltr'>vel</span> <span class='ocrx_word' id='word_1_196' title='bbox 1290 3149 1536 3230; x_wconf 90' lang='lat' dir='ltr'>inhonestum</span> <span class='ocrx_word' id='word_1_197' title='bbox 1558 3151 1631 3231; x_wconf 88' lang='lat' dir='ltr'>fuit</span> <span class='ocrx_word' id='word_1_198' title='bbox 1654 3154 1799 3234; x_wconf 90' lang='lat' dir='ltr'>dictum</span> 
     </span>
     <span class='ocr_line' id='line_1_22' title="bbox 364 3280 1798 3392; baseline 0.002 -29"><span class='ocrx_word' id='word_1_199' title='bbox 364 3283 424 3363; x_wconf 85' lang='lat' dir='ltr'>vel</span> <span class='ocrx_word' id='word_1_200' title='bbox 442 3283 583 3362; x_wconf 86' lang='lat' dir='ltr'>factum</span> <span class='ocrx_word' id='word_1_201' title='bbox 607 3282 648 3360; x_wconf 92' lang='lat' dir='ltr'>in</span> <span class='ocrx_word' id='word_1_202' title='bbox 673 3282 895 3390; x_wconf 87' lang='lat' dir='ltr'>recepcione</span> <span class='ocrx_word' id='word_1_203' title='bbox 916 3310 982 3360; x_wconf 87' lang='lat' dir='ltr'>sua</span> <span class='ocrx_word' id='word_1_204' title='bbox 1005 3280 1063 3364; x_wconf 89' lang='lat' dir='ltr'>vel</span> <span class='ocrx_word' id='word_1_205' title='bbox 1083 3297 1179 3388; x_wconf 89' lang='lat' dir='ltr'>post,</span> <span class='ocrx_word' id='word_1_206' title='bbox 1201 3281 1296 3359; x_wconf 82' lang='lat' dir='ltr'>dixit</span> <span class='ocrx_word' id='word_1_207' title='bbox 1314 3310 1383 3389; x_wconf 90' lang='lat' dir='ltr'>per</span> <span class='ocrx_word' id='word_1_208' title='bbox 1397 3284 1659 3392; x_wconf 86' lang='lat' dir='ltr'>juramentum</span> <span class='ocrx_word' id='word_1_209' title='bbox 1685 3316 1798 3366; x_wconf 90' lang='lat' dir='ltr'>suum</span> 
     </span>
     <span class='ocr_line' id='line_1_23' title="bbox 368 3412 1800 3527; baseline 0.003 -33"><span class='ocrx_word' id='word_1_210' title='bbox 368 3415 472 3523; x_wconf 93' lang='lat' dir='ltr'>quod</span> <span class='ocrx_word' id='word_1_211' title='bbox 492 3443 582 3494; x_wconf 91' lang='lat' dir='ltr'>non.</span> <span class='ocrx_word' id='word_1_212' title='bbox 604 3413 824 3521; x_wconf 87' lang='lat' dir='ltr'>Requisitus</span> <span class='ocrx_word' id='word_1_213' title='bbox 843 3413 874 3490; x_wconf 91' lang='lat' dir='ltr'>si</span> <span class='ocrx_word' id='word_1_214' title='bbox 894 3441 991 3521; x_wconf 91' lang='lat' dir='ltr'>quos</span> <span class='ocrx_word' id='word_1_215' title='bbox 1010 3429 1204 3520; x_wconf 83' lang='lat' dir='ltr'>receperat</span> <span class='ocrx_word' id='word_1_216' title='bbox 1223 3412 1262 3490; x_wconf 93' lang='lat' dir='ltr'>in</span> <span class='ocrx_word' id='word_1_217' title='bbox 1284 3414 1419 3492; x_wconf 92' lang='lat' dir='ltr'>ordine</span> <span class='ocrx_word' id='word_1_218' title='bbox 1439 3473 1448 3502; x_wconf 92' lang='lat'>,</span> <span class='ocrx_word' id='word_1_219' title='bbox 1479 3417 1675 3523; x_wconf 88' lang='lat' dir='ltr'>respondit</span> <span class='ocrx_word' id='word_1_220' title='bbox 1695 3421 1800 3527; x_wconf 91' lang='lat' dir='ltr'>quod</span> 
     </span>
     <span class='ocr_line' id='line_1_24' title="bbox 365 3544 1798 3656; baseline 0.003 -31"><span class='ocrx_word' id='word_1_221' title='bbox 365 3549 418 3626; x_wconf 92' lang='lat' dir='ltr'>sic</span> <span class='ocrx_word' id='word_1_222' title='bbox 441 3579 449 3624; x_wconf 75' lang='grc' dir='ltr'><strong>ε</strong></span> <span class='ocrx_word' id='word_1_223' title='bbox 472 3546 627 3625; x_wconf 83' lang='lat' dir='ltr'>fratrem</span> <span class='ocrx_word' id='word_1_224' title='bbox 659 3545 885 3625; x_wconf 88' lang='lat' dir='ltr'>Michaelem</span> <span class='ocrx_word' id='word_1_225' title='bbox 911 3545 959 3624; x_wconf 91' lang='lat' dir='ltr'>de</span> <span class='ocrx_word' id='word_1_226' title='bbox 984 3544 1146 3625; x_wconf 88' lang='lat' dir='ltr'>Castella</span> <span class='ocrx_word' id='word_1_227' title='bbox 1172 3546 1418 3638; x_wconf 85' lang='lat' dir='ltr'>servientem,</span> <span class='ocrx_word' id='word_1_228' title='bbox 1447 3547 1554 3656; x_wconf 87' lang='lat' dir='ltr'>cujus</span> <span class='ocrx_word' id='word_1_229' title='bbox 1587 3576 1798 3656; x_wconf 85' lang='lat' dir='ltr'>cognomen</span> 
     </span>
     <span class='ocr_line' id='line_1_25' title="bbox 365 3658 1799 3792; baseline 0.001 -34"><span class='ocrx_word' id='word_1_230' title='bbox 365 3673 531 3792; x_wconf 84' lang='lat' dir='ltr'>ignorat,</span> <span class='ocrx_word' id='word_1_231' title='bbox 550 3658 695 3771; x_wconf 85' lang='lat' dir='ltr'>vivum,</span> <span class='ocrx_word' id='word_1_232' title='bbox 717 3696 761 3757; x_wconf 93' lang='lat' dir='ltr'>ut</span> <span class='ocrx_word' id='word_1_233' title='bbox 783 3677 919 3770; x_wconf 90' lang='lat' dir='ltr'>credit,</span> <span class='ocrx_word' id='word_1_234' title='bbox 941 3703 1057 3785; x_wconf 91' lang='lat' dir='ltr'>quem</span> <span class='ocrx_word' id='word_1_235' title='bbox 1078 3677 1221 3784; x_wconf 92' lang='lat' dir='ltr'>recepit</span> <span class='ocrx_word' id='word_1_236' title='bbox 1244 3677 1283 3754; x_wconf 92' lang='lat' dir='ltr'>in</span> <span class='ocrx_word' id='word_1_237' title='bbox 1309 3676 1451 3783; x_wconf 89' lang='lat' dir='ltr'>capella</span> <span class='ocrx_word' id='word_1_238' title='bbox 1473 3677 1570 3755; x_wconf 92' lang='lat' dir='ltr'>dicte</span> <span class='ocrx_word' id='word_1_239' title='bbox 1594 3680 1730 3759; x_wconf 92' lang='lat' dir='ltr'>domus</span> <span class='ocrx_word' id='word_1_240' title='bbox 1751 3683 1799 3760; x_wconf 87' lang='lat' dir='ltr'>de</span> 
     </span>
     <span class='ocr_line' id='line_1_26' title="bbox 366 3808 1798 3916; baseline 0 -26"><span class='ocrx_word' id='word_1_241' title='bbox 366 3811 524 3914; x_wconf 79' lang='lat' dir='ltr'>Avario,</span> <span class='ocrx_word' id='word_1_242' title='bbox 550 3828 640 3889; x_wconf 86' lang='lat' dir='ltr'>sunt</span> <span class='ocrx_word' id='word_1_243' title='bbox 663 3810 811 3888; x_wconf 89' lang='lat' dir='ltr'>circiter</span> <span class='ocrx_word' id='word_1_244' title='bbox 830 3839 894 3890; x_wconf 79' lang='lat' dir='ltr'>sex</span> <span class='ocrx_word' id='word_1_245' title='bbox 918 3810 1023 3899; x_wconf 89' lang='lat' dir='ltr'>anni,</span> <span class='ocrx_word' id='word_1_246' title='bbox 1036 3869 1038 3876; x_wconf 83' lang='lat'>.</span> <span class='ocrx_word' id='word_1_247' title='bbox 1052 3808 1294 3916; x_wconf 89' lang='lat' dir='ltr'>presentibus</span> <span class='ocrx_word' id='word_1_248' title='bbox 1320 3808 1499 3886; x_wconf 83' lang='lat' dir='ltr'>fratribus</span> <span class='ocrx_word' id='word_1_249' title='bbox 1527 3811 1638 3889; x_wconf 87' lang='lat' dir='ltr'>Petro</span> <span class='ocrx_word' id='word_1_250' title='bbox 1669 3811 1798 3891; x_wconf 88' lang='lat' dir='ltr'>Garini</span> 
     </span>
     <span class='ocr_line' id='line_1_27' title="bbox 366 3925 1799 4052; baseline 0.003 -33"><span class='ocrx_word' id='word_1_251' title='bbox 366 3941 595 4051; x_wconf 86' lang='lat' dir='ltr'>presbitero,</span> <span class='ocrx_word' id='word_1_252' title='bbox 617 3925 811 4048; x_wconf 88' lang='lat' dir='ltr'>capellano</span> <span class='ocrx_word' id='word_1_253' title='bbox 829 3940 930 4018; x_wconf 90' lang='lat' dir='ltr'>dicte</span> <span class='ocrx_word' id='word_1_254' title='bbox 946 3940 1102 4029; x_wconf 92' lang='lat' dir='ltr'>domus,</span> <span class='ocrx_word' id='word_1_255' title='bbox 1119 3941 1230 4018; x_wconf 88' lang='lat' dir='ltr'>Petro</span> <span class='ocrx_word' id='word_1_256' title='bbox 1247 3939 1294 4017; x_wconf 93' lang='lat' dir='ltr'>de</span> <span class='ocrx_word' id='word_1_257' title='bbox 1313 3940 1474 4020; x_wconf 87' lang='lat' dir='ltr'>Moranti</span> <span class='ocrx_word' id='word_1_258' title='bbox 1498 3940 1681 4052; x_wconf 86' lang='lat' dir='ltr'>clavigero</span> <span class='ocrx_word' id='word_1_259' title='bbox 1700 3944 1799 4024; x_wconf 89' lang='lat' dir='ltr'>dicte</span> 
     </span>
     <span class='ocr_line' id='line_1_28' title="bbox 345 4071 1800 4185; baseline 0.003 -33"><span class='ocrx_word' id='word_1_260' title='bbox 345 4073 348 4078; x_wconf 77' lang='grc'><strong>’</strong></span> <span class='ocrx_word' id='word_1_261' title='bbox 367 4075 522 4166; x_wconf 88' lang='lat' dir='ltr'>domus,</span> <span class='ocrx_word' id='word_1_262' title='bbox 538 4075 650 4152; x_wconf 90' lang='lat' dir='ltr'>Petro</span> <span class='ocrx_word' id='word_1_263' title='bbox 664 4071 712 4150; x_wconf 94' lang='lat' dir='ltr'>de</span> <span class='ocrx_word' id='word_1_264' title='bbox 728 4075 924 4162; x_wconf 90' lang='lat' dir='ltr'>Losarcos,</span> <span class='ocrx_word' id='word_1_265' title='bbox 941 4071 1136 4150; x_wconf 90' lang='lat' dir='ltr'>Bernardo</span> <span class='ocrx_word' id='word_1_266' title='bbox 1155 4071 1362 4152; x_wconf 84' lang='lat' dir='ltr'>Cathalano</span> <span class='ocrx_word' id='word_1_267' title='bbox 1378 4090 1417 4152; x_wconf 88' lang='lat' dir='ltr'>et</span> <span class='ocrx_word' id='word_1_268' title='bbox 1435 4072 1588 4154; x_wconf 87' lang='lat' dir='ltr'>Amerio</span> <span class='ocrx_word' id='word_1_269' title='bbox 1607 4075 1655 4152; x_wconf 89' lang='lat' dir='ltr'>de</span> <span class='ocrx_word' id='word_1_270' title='bbox 1671 4078 1800 4185; x_wconf 91' lang='lat' dir='ltr'>Perpi-</span> 
     </span>
     <span class='ocr_line' id='line_1_29' title="bbox 366 4203 1800 4312; baseline 0.003 -28"><span class='ocrx_word' id='word_1_271' title='bbox 366 4205 480 4284; x_wconf 91' lang='lat' dir='ltr'>niano</span> <span class='ocrx_word' id='word_1_272' title='bbox 506 4204 757 4285; x_wconf 87' lang='lat' dir='ltr'>servientibus</span> <span class='ocrx_word' id='word_1_273' title='bbox 781 4203 1037 4284; x_wconf 88' lang='lat' dir='ltr'>residentibus</span> <span class='ocrx_word' id='word_1_274' title='bbox 1069 4204 1109 4283; x_wconf 89' lang='lat' dir='ltr'>in</span> <span class='ocrx_word' id='word_1_275' title='bbox 1141 4203 1240 4286; x_wconf 86' lang='lat' dir='ltr'>dicta</span> <span class='ocrx_word' id='word_1_276' title='bbox 1274 4205 1408 4297; x_wconf 90' lang='lat' dir='ltr'>domo,</span> <span class='ocrx_word' id='word_1_277' title='bbox 1435 4234 1532 4312; x_wconf 88' lang='lat' dir='ltr'>quos</span> <span class='ocrx_word' id='word_1_278' title='bbox 1563 4205 1666 4285; x_wconf 93' lang='lat' dir='ltr'>idem</span> <span class='ocrx_word' id='word_1_279' title='bbox 1693 4210 1800 4288; x_wconf 89' lang='lat' dir='ltr'>testis</span> 
     </span>
    </p>
   </div>
   <div class='ocr_carea' id='block_1_3' title="bbox 232 4332 1798 4447">
    <p class='ocr_par' dir='ltr' id='par_1_4' title="bbox 232 4332 1798 4447">
     <span class='ocr_line' id='line_1_30' title="bbox 232 4332 1798 4447; baseline 0.004 -35"><span class='ocrx_word' id='word_1_280' title='bbox 232 4403 235 4412; x_wconf 90' lang='lat'>.</span> <span class='ocrx_word' id='word_1_281' title='bbox 368 4337 511 4416; x_wconf 89' lang='lat' dir='ltr'>dimisit</span> <span class='ocrx_word' id='word_1_282' title='bbox 535 4337 680 4415; x_wconf 88' lang='lat' dir='ltr'>ibidem</span> <span class='ocrx_word' id='word_1_283' title='bbox 701 4337 854 4444; x_wconf 86' lang='lat' dir='ltr'>quando</span> <span class='ocrx_word' id='word_1_284' title='bbox 882 4336 985 4414; x_wconf 87' lang='lat' dir='ltr'>venit</span> <span class='ocrx_word' id='word_1_285' title='bbox 1005 4335 1053 4414; x_wconf 92' lang='lat' dir='ltr'>ad</span> <span class='ocrx_word' id='word_1_286' title='bbox 1078 4354 1202 4444; x_wconf 79' lang='lat' dir='ltr'>partes</span> <span class='ocrx_word' id='word_1_287' title='bbox 1229 4337 1316 4422; x_wconf 85' lang='lat' dir='ltr'>istas</span> <span class='ocrx_word' id='word_1_288' title='bbox 1339 4337 1378 4415; x_wconf 91' lang='lat' dir='ltr'>in</span> <span class='ocrx_word' id='word_1_289' title='bbox 1404 4337 1543 4446; x_wconf 90' lang='lat' dir='ltr'>quibus</span> <span class='ocrx_word' id='word_1_290' title='bbox 1562 4337 1635 4416; x_wconf 87' lang='lat' dir='ltr'>suit</span> <span class='ocrx_word' id='word_1_291' title='bbox 1656 4332 1798 4447; x_wconf 69' lang='lat' dir='ltr'>captus</span> 
     </span>
    </p>
   </div>
   <div class='ocr_carea' id='block_1_4' title="bbox 367 4467 1839 4975">
    <p class='ocr_par' dir='ltr' id='par_1_5' title="bbox 367 4467 1839 4975">
     <span class='ocr_line' id='line_1_31' title="bbox 368 4467 1798 4577; baseline 0.003 -31"><span class='ocrx_word' id='word_1_292' title='bbox 368 4469 463 4546; x_wconf 89' lang='lat' dir='ltr'>etin</span> <span class='ocrx_word' id='word_1_293' title='bbox 486 4469 583 4548; x_wconf 90' lang='lat' dir='ltr'>dicta</span> <span class='ocrx_word' id='word_1_294' title='bbox 607 4470 828 4576; x_wconf 89' lang='lat' dir='ltr'>recepcione</span> <span class='ocrx_word' id='word_1_295' title='bbox 848 4468 1004 4548; x_wconf 87' lang='lat' dir='ltr'>servavit</span> <span class='ocrx_word' id='word_1_296' title='bbox 1026 4467 1139 4546; x_wconf 92' lang='lat' dir='ltr'>illum</span> <span class='ocrx_word' id='word_1_297' title='bbox 1163 4469 1322 4548; x_wconf 92' lang='lat' dir='ltr'>modum</span> <span class='ocrx_word' id='word_1_298' title='bbox 1348 4497 1464 4577; x_wconf 91' lang='lat' dir='ltr'>quem</span> <span class='ocrx_word' id='word_1_299' title='bbox 1489 4468 1665 4577; x_wconf 89' lang='lat' dir='ltr'>deposuit</span> <span class='ocrx_word' id='word_1_300' title='bbox 1685 4469 1798 4551; x_wconf 87' lang='lat' dir='ltr'>fuisse</span> 
     </span>
     <span class='ocr_line' id='line_1_32' title="bbox 367 4600 1800 4709; baseline 0.001 -30"><span class='ocrx_word' id='word_1_301' title='bbox 367 4617 553 4680; x_wconf 88' lang='lat' dir='ltr'>servatum</span> <span class='ocrx_word' id='word_1_302' title='bbox 574 4601 613 4678; x_wconf 92' lang='lat' dir='ltr'>in</span> <span class='ocrx_word' id='word_1_303' title='bbox 633 4600 1058 4709; x_wconf 85' lang='lat' dir='ltr'>sua.Req11isitusquos</span> <span class='ocrx_word' id='word_1_304' title='bbox 1077 4601 1222 4679; x_wconf 90' lang='lat' dir='ltr'>viderat</span> <span class='ocrx_word' id='word_1_305' title='bbox 1241 4602 1358 4708; x_wconf 90' lang='lat' dir='ltr'>recipi</span> <span class='ocrx_word' id='word_1_306' title='bbox 1376 4601 1415 4680; x_wconf 90' lang='lat' dir='ltr'>in</span> <span class='ocrx_word' id='word_1_307' title='bbox 1434 4600 1581 4693; x_wconf 91' lang='lat' dir='ltr'>ordine,</span> <span class='ocrx_word' id='word_1_308' title='bbox 1603 4603 1800 4709; x_wconf 89' lang='lat' dir='ltr'>respondit</span> 
     </span>
     <span class='ocr_line' id='line_1_33' title="bbox 367 4731 1798 4842; baseline 0.001 -31"><span class='ocrx_word' id='word_1_309' title='bbox 367 4731 473 4842; x_wconf 82' lang='lat' dir='ltr'>quod</span> <span class='ocrx_word' id='word_1_310' title='bbox 494 4731 589 4809; x_wconf 87' lang='lat' dir='ltr'>vidit</span> <span class='ocrx_word' id='word_1_311' title='bbox 612 4732 728 4838; x_wconf 91' lang='lat' dir='ltr'>recipi</span> <span class='ocrx_word' id='word_1_312' title='bbox 750 4732 790 4810; x_wconf 89' lang='lat' dir='ltr'>in</span> <span class='ocrx_word' id='word_1_313' title='bbox 814 4732 954 4840; x_wconf 90' lang='lat' dir='ltr'>capella</span> <span class='ocrx_word' id='word_1_314' title='bbox 981 4732 1119 4812; x_wconf 90' lang='lat' dir='ltr'>domus</span> <span class='ocrx_word' id='word_1_315' title='bbox 1145 4732 1297 4840; x_wconf 92' lang='lat' dir='ltr'>Templi</span> <span class='ocrx_word' id='word_1_316' title='bbox 1330 4734 1378 4811; x_wconf 94' lang='lat' dir='ltr'>de</span> <span class='ocrx_word' id='word_1_317' title='bbox 1407 4732 1542 4810; x_wconf 86' lang='lat' dir='ltr'>Ylerda</span> <span class='ocrx_word' id='word_1_318' title='bbox 1572 4732 1729 4824; x_wconf 88' lang='lat' dir='ltr'>civitate,</span> <span class='ocrx_word' id='word_1_319' title='bbox 1760 4735 1798 4812; x_wconf 92' lang='lat' dir='ltr'>in</span> 
     </span>
     <span class='ocr_line' id='line_1_34' title="bbox 368 4863 1839 4975; baseline -0.003 -29"><span class='ocrx_word' id='word_1_320' title='bbox 368 4892 499 4946; x_wconf 88' lang='lat' dir='ltr'>eorum</span> <span class='ocrx_word' id='word_1_321' title='bbox 521 4863 699 4971; x_wconf 88' lang='lat' dir='ltr'>capitulio</span> <span class='ocrx_word' id='word_1_322' title='bbox 714 4865 880 4975; x_wconf 85' lang='lat' dir='ltr'>generali</span> <span class='ocrx_word' id='word_1_323' title='bbox 899 4863 1090 4946; x_wconf 91' lang='lat' dir='ltr'>celebrato</span> <span class='ocrx_word' id='word_1_324' title='bbox 1108 4864 1265 4954; x_wconf 90' lang='lat' dir='ltr'>ibidem,</span> <span class='ocrx_word' id='word_1_325' title='bbox 1287 4864 1326 4942; x_wconf 92' lang='lat' dir='ltr'>in</span> <span class='ocrx_word' id='word_1_326' title='bbox 1342 4864 1496 4944; x_wconf 89' lang='lat' dir='ltr'>instanti</span> <span class='ocrx_word' id='word_1_327' title='bbox 1517 4892 1648 4942; x_wconf 89' lang='lat' dir='ltr'>mense</span> <span class='ocrx_word' id='word_1_328' title='bbox 1669 4865 1799 4944; x_wconf 88' lang='lat' dir='ltr'>Marcii</span> <span class='ocrx_word' id='word_1_329' title='bbox 1834 4941 1839 4952; x_wconf 89' lang='grc'><em>,</em></span> 
     </span>
    </p>
   </div>
   <div class='ocr_carea' id='block_1_5' title="bbox 0 0 2164 5892">
    <p class='ocr_par' dir='ltr' id='par_1_6' title="bbox 0 0 2164 5892">
     <span class='ocr_line' id='line_1_35' title="bbox 0 0 2164 5892; baseline 0 0"><span class='ocrx_word' id='word_1_330' title='bbox 0 0 2164 5892; x_wconf 95' lang='lat' dir='ltr'> </span> 
     </span>
    </p>
   </div>
  </div>
 </body>
</html>
