4210 5882
316 497 322 512 ’
412 553 485 626 ua
802 531 999 624 esoces
1025 550 1122 622 nus
1147 549 1448 623 retrectans.

410 697 449 772 in
465 693 628 803 religiosi
651 710 688 769 ct
708 693 857 771 honesti
875 693 942 770 viri
964 685 1090 770 fratris
1101 691 1240 769 Nicolai
1262 692 1309 770 de
1330 691 1530 770 Anessiaco
1554 691 1698 769 ordinis
1716 694 1838 798 Predi-

409 843 595 912 catorum,
623 824 869 903 commissarii
887 824 1010 901 fratris
1029 822 1225 903 Guillelmi
1243 823 1291 901 de
1308 824 1470 902 Parisius
1490 821 1661 931 ejusdem
1679 823 1836 916 ordinis,

409 956 642 1065 inquisitoris
667 956 833 1033 heretice
855 954 1042 1061 pravitatis
1065 955 1105 1030 in
1130 982 1247 1061 regno
1269 955 1424 1032 Francie
1450 953 1668 1031 auctoritate
1692 973 1839 1062 aposto-

409 1087 479 1164 lica
501 1085 686 1193 deputati,
711 1102 881 1164 nostrum
906 1084 1138 1163 notariorum
1168 1102 1205 1162 et
1230 1085 1385 1162 testium
1410 1081 1730 1189 infrascriptorum
1754 1113 1839 1189 pre-

408 1219 533 1294 sencia
551 1214 799 1324 personaliter
819 1215 1061 1306 constitutus,
1081 1215 1196 1292 lrater
1209 1216 1342 1292 Petrus
1370 1214 1417 1292 de
1436 1213 1690 1322 Montigniaco
1715 1214 1838 1294 dioce-

407 1349 458 1426 sis
477 1346 696 1435 Mcldensis,
718 1347 903 1452 presbiter
922 1347 1011 1424 dicti
1033 1346 1193 1440 ordinis,
1221 1347 1328 1424 etatis
1347 1375 1393 1424 xn
1410 1374 1613 1437 annorum,
1629 1347 1777 1455 juratus
1790 1347 1837 1424 ad

408 1497 530 1556 sancta
549 1478 619 1556 Dei
645 1478 859 1587 Evangelia,
887 1479 1012 1555 eidem
1038 1479 1226 1584 preposita
1251 1497 1288 1555 et
1308 1477 1355 1556 ab
1380 1505 1426 1555 eo
1453 1476 1698 1583 corporaliter
1723 1494 1835 1568 tacta,

407 1609 454 1688 de
475 1634 514 1688 se
535 1625 572 1685 et
593 1609 640 1686 de
659 1608 742 1684 aliis
768 1610 807 1684 in
828 1635 936 1686 causa
957 1607 1045 1688 fidei
1075 1609 1200 1686 dicere
1220 1610 1427 1697 veritatem,
1449 1624 1488 1686 et
1512 1608 1764 1716 interrogatus
1789 1608 1837 1684 de

405 1757 574 1845 tempore
591 1755 628 1815 et
647 1737 763 1816 modo
785 1767 851 1816 sue
868 1739 1115 1845 recepcionis‚
1132 1739 1225 1816 dixit
1244 1767 1313 1844 per
1325 1739 1583 1846 juramentum
1603 1765 1716 1814 suum
1734 1739 1836 1845 quod

368 1957 371 1970 Ι
408 1869 480 1946 fuit
490 1869 716 1976 receptusin
730 1869 844 1946 domo
856 1868 1006 1976 Templi
1017 1868 1331 1974 Parisiensis,per
1343 1867 1497 1946 fratrem
1508 1869 1706 1974 Hugonem
1718 1868 1764 1944 de
1776 1872 1836 1945 Pa-

407 2002 526 2078 raudo
541 2001 770 2078 visitatorem
789 2000 958 2089 Francie,
975 2002 1014 2076 in
1032 2000 1182 2078 instanti
1202 2000 1496 2108 Quadragcsima
1513 2016 1625 2076 erunt
1638 2015 1715 2078 tres
1729 2003 1833 2090 anni,

406 2132 643 2238 presentibus
662 2131 912 2221 thesaurario,
934 2133 1060 2239 priore
1077 2149 1114 2208 et
1132 2132 1261 2210 multis
1283 2131 1364 2208 aliis
1378 2129 1556 2208 fratribus
1572 2131 1670 2208 dicte
1687 2132 1833 2210 domus.

406 2263 507 2341 Dixit
518 2263 636 2341 eciam
648 2264 976 2369 perjuramentum
994 2291 1104 2340 suum
1118 2263 1239 2370 quod,
1256 2278 1341 2367 post
1352 2261 1490 2340 multas
1506 2261 1776 2367 promissiones
1790 2265 1835 2342 ab

272 2417 275 2424 “
407 2423 451 2472 eo
464 2391 575 2472 lactas
593 2394 640 2471 de
652 2393 893 2471 observandis
908 2393 1054 2470 statutis
1069 2393 1268 2470 etsecretis
1282 2392 1369 2469 dicti
1381 2391 1543 2482 ordinis,
1555 2391 1711 2499 quidam
1723 2392 1836 2471 frater

407 2525 495 2602 dicti
518 2522 660 2604 ordinis
684 2523 865 2630 aportavit
889 2541 972 2601 ante
1001 2552 1088 2601 eum
1114 2523 1315 2631 quamdam
1341 2550 1491 2601 crucem
1522 2521 1684 2630 ligneam
1703 2525 1743 2600 in
1763 2555 1834 2633 qua

407 2675 485 2734 erat
502 2653 622 2763 figura
641 2655 758 2732 lhesu
779 2653 918 2733 Christi
939 2653 1120 2744 cmcifixi,
1145 2671 1182 2731 et
1195 2670 1288 2732 tunc
1308 2654 1432 2732 dictus
1455 2655 1623 2732 visitator
1638 2656 1767 2762 petivit
1789 2655 1833 2732 ab

407 2816 452 2865 eo
468 2805 595 2864 utrum
611 2785 781 2863 crederet
799 2785 837 2862 in
857 2814 946 2863 eum
967 2786 1072 2894 cujus
1091 2815 1225 2894 ymago
1254 2804 1332 2865 erat
1356 2786 1428 2876 ibi,
1459 2786 1595 2892 etipse
1617 2787 1710 2865 dixit
1731 2786 1833 2895 quod

406 2918 475 3010 sic,
499 2936 537 2994 ct
555 2935 646 2994 tunc
668 2917 759 2993 dixit
775 2916 869 2994 sibi:
887 2955 898 2984 α
915 2917 1075 3023 Oportet
1093 2916 1198 3022 quod
1217 2933 1259 2993 tu
1275 2916 1437 3024 abneges
1457 2945 1545 2996 eum
1565 2934 1635 3006 ter,
1659 2935 1698 2994 et
1725 2946 1833 3021 spuas

404 3066 464 3126 ter
479 3077 586 3155 supra
600 3075 762 3125 crucem.
781 3085 792 3116 u
813 3047 926 3142 Quod
940 3046 1061 3125 lacere
1078 3046 1299 3126 contradixit
1311 3065 1349 3126 et
1361 3049 1556 3158 denegavit
1566 3065 1750 3154 quantum
1767 3077 1833 3154 po-

405 3181 494 3270 tuit,
512 3179 685 3268 finaliter,
713 3195 869 3285 propter
891 3178 1009 3255 minas
1036 3205 1128 3284 quas
1156 3176 1367 3256 inferebant
1386 3178 1473 3268 sibi,
1495 3177 1583 3256 fecit
1607 3205 1672 3256 ore
1703 3196 1741 3256 et
1758 3206 1831 3256 non

406 3311 537 3401 corde,
561 3326 597 3386 et
612 3309 718 3386 finxit
735 3337 869 3416 spuere
886 3337 998 3416 supra
1011 3337 1177 3398 crucem,
1196 3326 1234 3386 et
1251 3308 1352 3417 spuit
1371 3309 1419 3387 ad
1430 3326 1581 3388 terram.
1596 3309 1699 3388 Dixit
1716 3312 1831 3390 eciam

404 3471 472 3549 per
495 3441 752 3548 juramentum
782 3467 894 3516 suum
922 3439 1027 3547 quod
1048 3439 1236 3518 osculatus
1264 3439 1334 3517 suit
1355 3439 1498 3517 dictum
1525 3439 1770 3545 recipientem
1796 3442 1831 3518 in

406 3602 486 3662 ore,
500 3590 538 3649 ct
547 3571 653 3650 finxit
664 3601 753 3650 eum
764 3570 922 3650 osculari
934 3570 973 3648 in
983 3571 1180 3659 umbilico,
1199 3591 1312 3676 super
1323 3587 1458 3662 vestes,
1472 3587 1598 3648 umen
1610 3598 1687 3649 non
1698 3571 1829 3678 tetigit.

461 3708 553 3782 ltem
570 3704 663 3782 dixit
681 3703 787 3810 quod
811 3703 932 3780 dictus
951 3702 1134 3808 recipiens
1162 3701 1254 3778 dixit
1273 3701 1361 3791 sibi,
1379 3702 1558 3780 omnibus
1574 3701 1828 3789 audientibus,

403 3837 509 3944 quod
536 3836 566 3912 si
596 3834 695 3912 calor
726 3833 904 3913 naturalis
929 3849 1097 3910 moveret
1124 3859 1230 3924 eum,
1253 3831 1364 3911 dabat
1388 3833 1423 3910 ei
1454 3831 1647 3911 licenciam
1668 3832 1828 3910 habendi

402 3996 483 4044 rem
504 3995 590 4044 cum
605 3966 684 4043 suis
698 3962 875 4042 fratribus
902 3963 1059 4041 ordinis.
1080 3963 1182 4041 Dixit
1206 3981 1330 4040 tamen
1354 3992 1421 4069 per
1435 3950 1694 4072 juramentum
1720 3991 1828 4040 suum

403 4097 508 4204 quod
527 4124 721 4202 nunquam
742 4094 846 4182 lecit,
864 4122 934 4171 nec
953 4093 1024 4171 tuit
1042 4095 1256 4200 requisitus.

325 4235 335 4248 ‘
459 4229 553 4305 Item
570 4226 661 4304 dixit
679 4254 748 4332 per
757 4225 1015 4331 juramentum
1030 4253 1141 4303 suum
1157 4226 1262 4332 quod
1278 4225 1397 4304 credit
1416 4226 1521 4334 quod
1534 4255 1668 4306 omnes
1683 4227 1743 4304 alii
1766 4226 1829 4303 lra-

402 4378 478 4438 tres
498 4359 587 4436 dicti
604 4357 746 4436 ordinis
766 4357 993 4463 recipiantur
1009 4387 1076 4464 per
1096 4359 1272 4436 eumdem
1293 4359 1450 4436 modum
1472 4387 1541 4464 per
1560 4385 1675 4465 quem
1696 4357 1766 4435 luit
1778 4386 1828 4435 re-

403 4519 444 4568 ce
472 4508 544 4568 tus.

446 4520 551 4700 lltem
568 4621 659 4699 dixit
670 4651 738 4728 per
746 4623 1003 4730 juramentum
1020 4650 1128 4698 suum
1139 4621 1245 4728 quod
1258 4621 1352 4700 vidit
1359 4622 1455 4700 duos
1470 4621 1599 4729 recipi,
1616 4648 1736 4699 unum
1750 4649 1829 4698 mo-
1857 4595 1862 4606 ι

402 4773 544 4832 rantem
559 4755 599 4832 in
622 4753 736 4832 domo
757 4753 805 4831 de
821 4750 920 4832 Malo
940 4755 1119 4860 Repastu‚
1150 4770 1188 4832 et
1211 4751 1362 4832 fratrem
1378 4755 1532 4832 Petrum
1559 4770 1767 4832 morantem
1790 4753 1827 4830 in

404 4885 517 4965 domo
542 4885 587 4964 de
605 4885 788 4972 Soisiaco,
805 4913 872 4990 per
892 4883 1007 4962 istum
1027 4868 1184 4964 modum
1201 4913 1268 4992 per
1282 4913 1396 4992 quem
1418 4885 1490 4964 luit
1502 4901 1686 4991 receptus.
