4320 5898
738 513 935 607 rnocns
962 533 1057 604 nus
1082 533 1383 608 rennuens.
1514 481 1518 496 ’
1723 541 1766 611 ar

347 669 614 753 convenienter
637 673 718 751 fieri
743 691 781 750 et
803 673 937 751 servari
961 674 999 748 in
1022 672 1200 752 domibus
1222 675 1366 753 ordinis
1386 677 1424 750 in
1444 677 1583 783 quibus
1601 679 1672 757 luit
1691 712 1774 760 mo-

345 822 459 884 ratus.
482 805 635 884 Audivit
655 805 728 882 dici
743 805 847 912 quod
867 804 1043 912 capitulis
1064 804 1292 883 tenebantur
1311 823 1468 897 secrete,
1487 807 1602 886 nullis
1621 839 1774 917 presen-

344 938 448 1014 tibus
473 936 542 1014 nisi
569 935 745 1014 fratribus
771 936 927 1014 ordinis.
953 936 1067 1029 Quod
1092 965 1249 1044 magnus
1274 939 1450 1045 Magister
1474 967 1559 1016 cum
1588 961 1773 1020 conventu

345 1096 415 1145 suo
435 1067 646 1145 ordinasset
669 1084 772 1146 totus
796 1067 891 1144 ordo
917 1094 1061 1144 servare
1085 1067 1296 1160 tenebatur,
1321 1067 1417 1148 sicut
1437 1069 1557 1146 credit
1576 1089 1614 1148 et
1633 1072 1775 1150 audivit

347 1197 433 1274 dici.
453 1197 585 1275 Credit
599 1195 706 1303 quod
724 1225 870 1274 errores
889 1196 1049 1302 predicti
1062 1197 1258 1276 consessati
1277 1227 1345 1306 per
1363 1227 1451 1276 enm
1472 1201 1586 1308 longo
1601 1219 1773 1308 tempore

346 1326 575 1404 duraverunt
594 1327 633 1403 in
655 1326 806 1419 ordine,
827 1328 948 1405 nescit
972 1345 1100 1404 tamen
1124 1346 1279 1434 quanto.
1306 1329 1471 1407 Grandia
1496 1333 1685 1418 scandala,
1712 1363 1774 1410 su-

345 1458 462 1564 spicio
488 1475 526 1534 et
548 1457 701 1535 infamia
726 1486 828 1536 nuuc
849 1475 938 1535 sunt
959 1475 1085 1536 exorta
1106 1477 1235 1536 contra
1256 1459 1442 1536 ordinem.
1466 1460 1682 1540 Confessata
1707 1492 1775 1571 per

254 1639 260 1650 ι
345 1617 433 1664 eum
455 1589 576 1666 credit
598 1607 685 1668 nota
710 1607 747 1666 et
774 1588 970 1668 manifesta
996 1616 1075 1666 esse
1100 1590 1199 1666 inter
1224 1589 1354 1668 fratres
1380 1590 1542 1680 ordinis,
1573 1621 1649 1680 non
1675 1597 1775 1672 inter

346 1718 451 1796 alios.
472 1718 627 1796 Audivit
647 1719 720 1795 dici
742 1747 920 1826 magnum
942 1719 1163 1827 Magistrum
1187 1737 1225 1795 et
1247 1719 1341 1798 alios
1365 1720 1554 1800 confessos
1572 1721 1686 1800 luisse
1707 1725 1775 1802 ali-

344 1877 440 1955 quos
461 1877 609 1928 errores
627 1867 756 1927 contra
776 1849 968 1940 ordinem,
990 1851 1148 1927 credens
1167 1849 1272 1957 quod
1293 1849 1379 1928 illos
1395 1849 1552 1928 confessi
1568 1850 1712 1930 suerint
1727 1856 1773 1930 de

344 1979 483 2086 quibus
507 1980 587 2087 ipse
606 2008 718 2087 supra
745 1980 932 2086 deposuit.
954 1980 1014 2058 Ad
1037 1979 1311 2058 deffensionem
1339 1981 1482 2058 ordinis
1507 2011 1546 2060 se
1572 1983 1771 2062 obtulerat.

344 2112 599 2218 interrogatus
614 2137 730 2217 quare
747 2137 785 2187 se
807 2109 990 2187 offerebat
1008 2139 1051 2187 ex
1073 2138 1149 2217 quo
1169 2110 1315 2188 sciebat
1331 2139 1477 2188 errores
1490 2113 1695 2218 predictos,
1712 2143 1771 2191 re·

290 2285 296 2300 κ
344 2241 497 2346 spondit
518 2239 624 2347 quod
644 2239 731 2317 ideo
749 2240 838 2348 quia
857 2239 920 2318 alii
941 2267 981 2317 se
1001 2239 1226 2332 offerebant,
1250 2241 1365 2318 modo
1383 2258 1510 2320 tamen
1530 2271 1606 2320 non
1629 2245 1773 2321 dellen-

344 2370 463 2448 deret.

400 2503 647 2610 Requisitussi
665 2503 717 2580 sic
731 2502 956 2608 deposuerat
973 2530 1099 2607 prece,
1112 2520 1308 2609 precepto,
1328 2504 1485 2596 timore,
1502 2533 1645 2595 amore,
1662 2507 1770 2598 odio,

343 2631 402 2710 vel
422 2631 620 2738 temporali
637 2631 799 2710 comodo
815 2630 946 2707 habito
963 2630 1019 2708 vel
1040 2623 1236 2722 habendo,
1256 2635 1453 2738 respondit
1472 2634 1577 2741 quod
1592 2663 1688 2726 non,
1706 2637 1773 2712 sed

343 2789 411 2866 pro
437 2761 590 2840 veritate
617 2760 793 2849 dicenda;
823 2759 883 2836 cui
913 2758 987 2836 luit
1010 2760 1222 2868 injunctum
1245 2763 1349 2867 quod
1373 2789 1451 2839 non
1477 2764 1659 2842 revelaret
1678 2765 1774 2840 hanc

343 2919 447 2967 suam
465 2890 765 2996 deposicionem‚
788 2916 984 2996 quousque
1011 2891 1269 2968 attestaciones
1289 2889 1430 2969 luerint
1450 2894 1647 3000 publicato.

400 3154 530 3230 Frater
548 3151 713 3230 Adamus
746 3153 793 3230 de
812 3152 962 3230 Inlerno
983 3153 1164 3240 serviens,
1191 3150 1447 3230 Noviomensis
1472 3149 1648 3244 diocesis,
1671 3158 1774 3233 testis

345 3311 456 3389 supra
469 3284 632 3393 juratus,
651 3312 728 3361 non
748 3283 934 3363 defferens
953 3281 1171 3360 mantellum
1192 3282 1354 3373 ordinis,
1371 3281 1459 3388 quia
1475 3281 1598 3387 ipsum
1620 3285 1773 3362 dimise·
1862 3267 1867 3278 ⁵

344 3433 400 3490 rat
418 3414 638 3503 voluntarie,
665 3431 703 3490 et
736 3413 816 3490 radi
851 3413 923 3490 sibi
955 3412 1093 3490 lecerat
1108 3411 1282 3501 barbam,
1311 3429 1509 3518 postquam
1529 3413 1719 3492 absolutus
1735 3433 1773 3494 et

344 3544 603 3624 reconciliatus
623 3545 743 3623 fuerat
762 3573 829 3650 per
848 3543 1044 3622 dominum
1064 3547 1286 3622 Remensem
1306 3541 1626 3649 archiepiscopum
1653 3563 1690 3624 et
1716 3547 1773 3622 in-

343 3677 543 3782 quisiverat
562 3705 648 3754 cum
669 3677 827 3766 eodem,
850 3675 1190 3783 quinquagenarius
1211 3673 1267 3752 vel
1287 3674 1404 3762 circa,
1438 3673 1544 3751 lectis
1576 3695 1701 3753 autern
1735 3695 1772 3754 et

344 3807 545 3914 diligenter
573 3808 749 3913 expositis
777 3805 849 3886 sibi
874 3805 1051 3884 omuibus
1071 3821 1108 3882 et
1127 3804 1285 3911 singulis
1305 3802 1484 3892 articulis,
1506 3805 1664 3911 repetita
1683 3837 1771 3913 pro-

343 3939 546 4016 testacione
565 3937 670 4046 quod
690 3966 766 4015 non
792 3935 956 4014 intendit
979 3936 1156 4013 recedere
1176 3964 1196 4011 a
1218 3934 1459 4042 deposicione
1480 3963 1549 4040 per
1568 3965 1657 4015 eum
1677 3936 1770 4014 lacta

343 4096 468 4146 coram
493 4069 595 4154 dieto
621 4069 777 4148 domino
803 4065 1100 4174 archiepiscopo,
1122 4066 1319 4172 respondit
1338 4094 1377 4143 se
1405 4066 1549 4144 nescire
1569 4093 1639 4145 nec
1658 4068 1772 4146 audi-

341 4201 434 4278 visse
456 4199 530 4277 dici
549 4198 597 4277 de
618 4199 800 4276 contentis
820 4199 859 4275 in
879 4196 969 4305 ipsis
989 4196 1170 4284 articulis,
1205 4197 1292 4303 quia
1312 4223 1445 4303 parum
1466 4195 1538 4274 fuit
1557 4197 1596 4274 in
1616 4200 1767 4292 ordine,

341 4329 412 4407 nisi
433 4329 538 4435 quod
552 4329 736 4436 sequitur.
754 4330 834 4434 lpse
850 4353 1012 4434 namque
1025 4324 1096 4403 fuit
1113 4343 1303 4431 receptus,
1321 4327 1416 4404 circa
1431 4326 1570 4404 festum
1586 4328 1770 4407 Omnium

340 4463 565 4540 Sanctorum
584 4461 754 4566 proxime
774 4459 1000 4565 preteritum
1015 4456 1172 4534 suerunt
1185 4472 1348 4563 quatuor
1362 4457 1466 4544 anni,
1488 4457 1527 4533 in
1543 4456 1684 4565 capella
1700 4460 1770 4537 do-

342 4621 428 4670 mus
448 4590 599 4698 Templi
617 4591 664 4668 de
685 4590 866 4668 Morlenis
885 4587 1118 4668 Belvacensis
1153 4586 1329 4677 diocesis,
1361 4614 1429 4693 per
1449 4587 1603 4665 fratrem
1631 4588 1770 4678 Johan-
1812 4629 1815 4638 .

341 4752 429 4802 nem
449 4723 497 4800 de
522 4723 622 4800 Nans
641 4722 895 4828 presbiterum
914 4719 1126 4826 quondam,
1143 4717 1191 4796 de
1210 4719 1388 4796 mandato
1407 4718 1531 4796 fratris
1546 4718 1701 4796 Roberti
1722 4720 1769 4795 de

340 4855 476 4932 Sancto
505 4854 612 4933 Justo
646 4854 858 4960 quondum,
887 4847 1126 4958 presentibus
1154 4846 1330 4930 fratribus
1358 4847 1533 4955 Philippo
1562 4849 1611 4928 de
1642 4851 1771 4926 Laver-
