4208 5886
688 533 884 624 Procas
915 549 1012 622 ons
1041 549 1345 623 renarrans
1653 553 1727 624 ase

301 698 397 776 circs
417 697 559 773 instans
574 689 713 770 festum
734 691 936 770 estimatis
953 689 1053 768 beati
1072 690 1256 768 lobannis
1274 692 1437 796 Baptiste
1456 708 1565 768 erant
1583 691 1729 768 circiter

301 853 370 906 xxv
397 826 505 916 anni,
529 822 768 932 presentibus
793 821 971 900 fratribus
996 824 1107 899 Petro
1132 819 1340 902 Mersvillas
1364 820 1524 911 Gallico,
1555 839 1593 898 et
1618 824 1729 928 Nays-

302 973 451 1036 semsnt
467 957 515 1034 de
533 955 663 1033 Lenda
682 952 904 1044 Cathalano,
928 971 967 1030 et
985 951 1194 1032 Guillelmo
1219 953 1267 1030 de
1291 955 1409 1030 Novas
1430 952 1669 1038 Proviuciali,
1692 973 1730 1030 et

303 1089 421 1167 Adam
438 1089 486 1166 de
498 1085 727 1168 Valeneonrt
738 1083 912 1164 deBelna
933 1083 1135 1173 militibus,
1150 1112 1194 1160 ac
1206 1082 1344 1161 Jacobs
1361 1082 1410 1159 de
1428 1081 1551 1161 Garda
1571 1082 1729 1162 Guarini

301 1219 502 1311 serviente,
520 1216 750 1296 Mimatensis
769 1215 943 1304 diocesis,
961 1213 1179 1303 deffirnctis,
1196 1231 1240 1291 ut
1254 1212 1383 1290 credit.
1398 1211 1518 1320 Aquo
1535 1233 1728 1320 receptore

303 1351 381 1454 ipse
397 1348 514 1440 testis,
531 1347 596 1454 qui
616 1343 739 1424 firsrat
755 1345 991 1452 portenarius
1007 1344 1098 1422 dicti
1115 1343 1234 1422 Castri
1248 1344 1457 1452 Peregrini,
1477 1345 1591 1451 peciit
1612 1347 1730 1424 socie·

211 1539 214 1550 .
301 1496 417 1556 tatem
432 1477 594 1568 ordinis3
614 1504 688 1584 qua
704 1503 900 1564 concessa,
921 1474 1010 1554 lecit
1033 1503 1123 1553 enm
1147 1501 1279 1552 vovere
1306 1491 1344 1551 et
1356 1475 1485 1580 jurare
1505 1477 1726 1568 castitatem,

303 1608 582 1698 obedienciam,
601 1607 724 1684 vivere
740 1607 821 1684 sine
832 1605 1007 1713 proprio,
1022 1632 1170 1683 servam
1181 1603 1305 1683 bonos
1323 1631 1415 1682 usus
1432 1606 1496 1710 qui
1516 1623 1608 1684 tunc
1624 1625 1729 1684 erant

302 1739 339 1814 in
360 1739 494 1817 ordine
510 1738 626 1845 etqui
644 1738 684 1814 in
698 1754 893 1842 posterum
910 1736 1209 1841 imponerentur,
1231 1761 1308 1814 non
1327 1735 1491 1814 revelare
1511 1755 1653 1814 secreta
1671 1767 1730 1814 ca-

248 1967 252 1978 ·
302 1868 544 1974 pituliorum,
567 1865 615 1944 de
634 1868 752 1944 modo
774 1867 1005 1973 recensionis
1026 1867 1069 1944 in
1089 1865 1239 1974 speciali
1260 1894 1338 1944 nou
1359 1865 1487 1944 habita
1509 1869 1727 1950 mensione.
1812 1881 1818 1892 ’

302 2025 379 2076 non
392 1998 585 2076 dimittere
598 1998 772 2076 ordinem
784 2025 854 2104 pro
870 1997 962 2085 alio,
986 2014 1021 2074 et
1035 1997 1141 2103 quod
1157 1997 1366 2103 acquireret
1379 2025 1494 2103 super
1508 1998 1729 2077 Sarracenos

302 2127 607 2235 quibuscumque
627 2127 752 2206 modis
771 2143 915 2233 possets
939 2141 980 2203 et
999 2126 1178 2233 imposito
1202 2125 1273 2204 sibi
1300 2126 1500 2218 mantello,
1526 2128 1649 2205 dictus
1672 2159 1730 2205 re·

302 2273 432 2362 captor
448 2256 519 2334 fnit
536 2256 722 2335 osculante
736 2257 859 2362 ipsum
875 2273 1008 2334 testem
1021 2257 1060 2332 in
1071 2245 1257 2334 ¹umbilico
1272 2285 1384 2362 super
1401 2274 1532 2335 vestes.
1554 2259 1730 2364 Postque

302 2385 423 2464 dictus
433 2403 605 2494 receptor
620 2387 835 2494 precepitei
851 2386 956 2493 quod
972 2385 1174 2494 abnegaret
1186 2387 1343 2466 Jhesum
1362 2387 1573 2478 Christum,
1593 2406 1630 2466 et
1646 2391 1729 2495 ipso

301 2533 397 2594 teste
413 2517 668 2624 respondente
687 2517 848 2625 qualiter
861 2517 1066 2626 abnegaret·
1078 2517 1281 2595 dominum
1293 2516 1420 2596 Deum
1434 2537 1618 2610 nostrum,
1637 2519 1730 2597 dixit

303 2645 337 2722 ei
350 2647 466 2752 qnod,
478 2673 610 2755 exquo
623 2647 793 2758 alligatus
804 2663 884 2726 erat
892 2646 1029 2738 ordini,
1041 2647 1224 2752 oporteba
1232 2665 1339 2726 teum
1351 2649 1425 2724 hoo
1437 2641 1576 2740 lacere;
1592 2668 1730 2728 ettuno

301 2775 382 2879 ipse
393 2775 499 2854 testis
513 2775 709 2884 abnegavit
725 2805 806 2867 ore,
822 2804 899 2855 non
915 2778 1041 2854 corde.
1054 2777 1202 2855 Deinde
1217 2775 1328 2854 allata
1339 2779 1458 2857 nescit
1472 2807 1541 2885 per
1555 2806 1671 2887 quem
1685 2811 1729 2858 ex

302 2903 508 2984 astantibus
528 2908 691 3014 quadam
708 2935 817 2984 cruce
834 2907 1041 2998 metallina,
1057 2908 1098 2984 iu
1108 2935 1184 3013 qua
1194 2925 1273 2986 erat
1281 2937 1414 3016 ymago
1426 2908 1621 3000 Crucifixi,
1644 2940 1729 3017 pre-

302 3036 401 3141 cepit
420 3036 454 3112 ei
474 3036 580 3142 quod
594 3054 750 3142 spueret
763 3016 877 3142 super
893 3064 996 3129 eam,
1018 3054 1057 3114 et
1078 3038 1157 3143 ipse
1180 3038 1287 3116 testis
1306 3041 1410 3144 spuit
1427 3067 1505 3118 nou
1526 3070 1638 3147 supra
1661 3047 1729 3122 sed
1859 3071 1863 3076 ·

297 3164 413 3270 juxta.
434 3166 682 3244 Postmodum
703 3166 797 3244 dixit
815 3167 850 3244 ei
870 3167 976 3274 quod
994 3164 1172 3246 fratribus
1197 3169 1341 3246 ordinis
1358 3188 1506 3276 poterat
1532 3173 1730 3252 carnaliter

302 3297 553 3386 commisceri,
566 3313 605 3372 et
619 3295 688 3401 ipsi
706 3325 794 3374 cum
812 3325 876 3386 eor
889 3295 963 3374 hoc
978 3314 1106 3374 tamen
1122 3324 1200 3374 non
1212 3297 1316 3385 fecit,
1335 3327 1405 3377 nec
1417 3299 1493 3377 fuit
1503 3305 1724 3409 requisitus,

157 3529 165 3540 ἢ
301 3451 371 3500 nec
391 3423 510 3502 credit
521 3424 625 3532 quod
640 3425 680 3501 in
696 3425 829 3504 ordine
847 3426 967 3504 fieret
986 3429 1034 3504 Et
1048 3455 1116 3533 per
1133 3429 1297 3506 eundem
1316 3432 1473 3509 modum
1486 3435 1580 3511 vidit
1591 3439 1725 3543 recipi,

301 3555 341 3628 in
358 3552 521 3660 qrradam
540 3581 687 3632 camma
706 3555 845 3632 domus
864 3555 1015 3662 Templi
1041 3557 1089 3634 ds
1103 3559 1268 3639 lussiaco
1289 3559 1531 3642 bituricensis
1550 3565 1724 3652 diocesis,

301 3701 385 3759 sunt
414 3682 559 3760 circiter
584 3709 608 3761 x
635 3685 738 3774 anni,
769 3683 921 3762 bomem
947 3688 1099 3764 Petrum
1125 3689 1342 3795 Rergomtnn
1367 3689 1465 3768 dicte
1489 3694 1727 3776 bituricensis

303 3812 478 3902 diocesis,
512 3837 583 3920 per
615 3812 768 3892 fratrem
792 3814 1010 3895 Guidonam
1035 3817 1213 3926 Dalphini
1237 3818 1419 3910 militem,
1447 3839 1583 3901 testem
1615 3855 1724 3933 supra

302 3943 569 4036 examinatum,
586 3963 760 4051 presente
784 3945 898 4023 fratre
927 3947 1120 4053 Raynaldo
1144 3948 1192 4026 de
1214 3950 1358 4029 Bordes
1387 3971 1606 4059 preceptore
1634 3974 1727 4036 tuno

303 4073 400 4150 dicte
415 4075 569 4164 domus:
596 4076 663 4154 scd
682 4075 753 4155 ulia
773 4075 902 4155 illicita
919 4105 998 4156 non
1017 4078 1303 4158 intervenerunt
1320 4082 1360 4158 in
1376 4080 1485 4162 dictis
1497 4087 1727 4193 recepeioni·

301 4202 374 4281 bus
384 4231 455 4282 nec
470 4222 572 4311 post,
588 4205 694 4312 quod
709 4206 790 4312 ipse
802 4207 965 4298 sciverit,
979 4235 1049 4286 neo
1062 4209 1192 4316 plures
1205 4210 1442 4319 viditreoipi3
1459 4217 1580 4292 credit
1599 4235 1725 4297 tamen
1876 4271 1877 4276 =

301 4333 406 4440 quod
419 4335 673 4414 communiter
688 4352 728 4415 et
742 4337 885 4443 ubique
911 4339 1172 4444 reciperentur
1193 4341 1404 4420 secundum
1425 4345 1586 4423 modum
1600 4351 1727 4453 predi-

301 4476 405 4539 ctum
416 4461 666 4542 confessatum
686 4492 756 4571 per
773 4493 879 4544 eum.
901 4467 1009 4558 Item,
1031 4467 1125 4545 dixit
1141 4469 1245 4575 quod
1263 4471 1456 4576 ipse'bene
1469 4475 1647 4554 credebat
1666 4507 1727 4556 ec-

301 4591 511 4670 clesiasticis
523 4596 777 4684 sacramentis,
796 4596 953 4676 credens
966 4598 1074 4705 quod
1092 4597 1155 4675 alii
1170 4599 1306 4678 eodem
1324 4605 1441 4682 modo
1461 4607 1673 4698 crederent,
1689 4629 1727 4688 et

301 4723 404 4826 quod
425 4749 558 4800 eorum
576 4723 788 4804 sacerdotes
812 4726 941 4805 debite
963 4727 1208 4806 celebrarent.
1225 4729 1469 4812 Clandestine
1492 4733 1726 4843 recipieban-

301 4868 374 4940 tur,
406 4851 517 4932 nullis
547 4854 782 4960 presentibus
810 4855 883 4934 nisi
909 4854 1088 4936 fratribus
1111 4859 1270 4953 ordinis,
1299 4891 1342 4939 ex
1367 4891 1445 4969 quo
1478 4867 1597 4943 credit
1617 4871 1722 4974 quod
