4242 5890
1723 263 1742 298 Ι

715 521 913 615 ruoous
940 537 1034 612 uus
1059 537 1360 612 ruururnus.
1672 547 1742 618 ³11

247 774 253 789 ,
327 715 441 766 suum
457 685 659 794 requisitus
678 682 798 790 quod,
820 684 859 759 iu
885 681 1083 758 emissione
1102 681 1176 759 voti
1198 680 1389 772 castitatis,
1417 679 1488 760 fuit
1509 679 1581 758 sibi
1606 683 1747 760 dictum

325 818 430 926 quod
448 819 479 896 si
499 817 634 922 aliquis
652 813 751 892 calor
764 811 941 902 naturalis
956 828 1126 890 moveret
1137 839 1242 900 eum,
1258 811 1455 917 refrigeret
1469 837 1550 888 sese
1565 839 1651 890 cum
1668 812 1748 890 aliis

325 947 503 1026 fratribus
519 946 607 1036 suis,
630 963 668 1022 et
681 944 754 1024 hoc
770 960 961 1050 pateretur
980 941 1029 1019 de
1048 943 1139 1020 aliis.
1156 944 1409 1050 Interrogatus
1426 958 1553 1020 utrum
1563 944 1615 1034 vi,
1627 943 1685 1020 vel
1702 945 1749 1021 ti-

325 1107 431 1158 more
448 1093 733 1166 tormentorum,
749 1075 919 1164 carceris,
934 1074 1134 1180 totalique
1147 1073 1217 1150 alia
1233 1101 1357 1162 causa,
1374 1073 1415 1150 iu
1428 1101 1494 1150 sua
1507 1074 1747 1181 deposiciouc

328 1210 462 1287 dixerit
480 1206 694 1296 salsitatem,
711 1206 804 1285 dixit
817 1232 887 1312 per
899 1204 1156 1311 juramentum
1176 1231 1287 1282 suum
1303 1203 1406 1310 (prod
1426 1231 1521 1296 nour
1542 1205 1659 1284 immo
1679 1233 1750 1311 pu-

326 1367 405 1417 ram
426 1357 464 1416 et
481 1341 622 1416 meram
643 1337 737 1425 dixit
757 1335 959 1414 veritatem.

381 1603 473 1678 Item
493 1625 607 1688 anno,
630 1597 835 1686 indicione,
856 1623 1000 1686 meuse,
1021 1594 1257 1702 pontificatu,
1278 1625 1376 1674 anno
1396 1613 1434 1674 et
1452 1595 1536 1674 loco
1553 1597 1745 1700 predictis,

325 1729 496 1808 vicesima
515 1729 643 1836 quinta
664 1726 726 1804 dic
747 1725 926 1817 octobris,
955 1727 994 1802 in
1015 1727 1104 1803 dicti
1123 1725 1371 1832 inquisitoris,
1395 1743 1563 1804 nostrum
1582 1728 1747 1804 notario-

326 1887 409 1936 rum
438 1877 476 1936 et
504 1857 822 1963 infrascriptorum
848 1857 1001 1934 testium
1027 1855 1219 1963 presencia
1259 1855 1501 1962 personaliter
1526 1857 1749 1933 constitutus

326 1987 438 2066 frater
455 1987 642 2066 Jchanues
668 1986 716 2065 de
745 1988 897 2093 Crotoy‚
927 1985 1034 2064 etatis
1057 1985 1324 2092 quinquaginta
1351 2015 1414 2064 sex
1432 2013 1634 2075 annorum,
1666 2015 1751 2091 pre-

325 2136 454 2225 ceptor
472 2117 609 2196 domus
628 2117 677 2195 dc
698 2116 913 2195 Seuerieres
933 2115 1135 2194 Meldcusis
1162 2115 1336 2206 diocesis,
1356 2115 1489 2194 eodem
1504 2116 1620 2194 modo
1641 2116 1689 2194 de
1709 2145 1748 2194 se

326 2265 364 2325 et
383 2248 467 2326 aliis
486 2247 612 2324 dicero
635 2247 829 2324 veritatem
853 2246 892 2322 in
913 2271 1021 2323 causa
1040 2245 1149 2335 fidei3
1172 2262 1209 2322 et
1227 2245 1430 2350 requisitus
1453 2245 1500 2321 de
1523 2263 1693 2351 tempore
1714 2265 1751 2324 et

248 2435 252 2444 -
324 2378 440 2455 modo
459 2377 692 2483 recepciouis
711 2405 795 2464 sue,
826 2375 920 2454 dixit
938 2405 1007 2481 per
1019 2377 1276 2484 juramentum
1299 2401 1408 2452 suurn
1433 2375 1538 2482 quod
1561 2401 1642 2454 xxvr
1662 2379 1748 2452 anni

325 2525 412 2585 suut
429 2507 543 2612 elapsi
559 2506 662 2613 quod
673 2505 746 2584 fuit
761 2523 934 2612 receptus
951 2506 1051 2612 apud
1071 2507 1238 2584 Mentem
1258 2506 1584 2594 Suessiooeusem,
1600 2535 1668 2612 per
1679 2505 1752 2582 sra-

323 2657 418 2716 trem
444 2639 632 2715 Her-reum
656 2636 704 2712 de
731 2633 825 2714 Villa
844 2636 996 2714 Petrosa
1021 2634 1180 2714 militem
1212 2635 1301 2714 dicti
1327 2634 1487 2722 ordinis,
1515 2635 1751 2742 presentibus

324 2767 434 2845 fratre
452 2767 660 2846 Baldouiuo
680 2767 729 2844 de
744 2765 860 2844 Theri
885 2765 1006 2843 milite
1032 2765 1122 2842 dicti
1143 2765 1301 2856 ordinis,
1319 2781 1356 2843 et
1371 2763 1595 2872 quibusdam
1607 2765 1687 2843 aliis
1703 2767 1750 2842 de

326 2925 489 3004 quorum
508 2896 726 2974 nominibus
750 2923 828 2972 non
852 2893 996 2973 recolit.
1021 2895 1123 2973 Dixit
1142 2896 1260 2973 eciam
1282 2923 1351 3001 per
1364 2896 1620 3003 jurameutum
1640 2925 1750 2974 suum

324 3029 443 3134 quod,
465 3045 550 3134 post
564 3027 698 3105 multas
713 3027 979 3132 promissiones
994 3027 1041 3103 de
1057 3025 1296 3104 observandis
1319 3025 1463 3104 statutis
1484 3025 1573 3102 dicti
1590 3026 1748 3115 ordinis,

324 3157 386 3234 itte
403 3159 468 3264 qui
488 3158 630 3263 recepit
649 3185 736 3234 eum
754 3157 920 3235 ostendit
934 3155 1007 3234 sibi
1024 3157 1235 3263 ymaginem
1250 3157 1367 3234 Jhesu
1381 3154 1519 3234 Christi
1532 3155 1696 3234 crucifixi
1713 3159 1750 3232 in

324 3287 435 3377 libro,
451 3305 490 3364 et
499 3285 669 3393 peciitab
684 3313 730 3365 eo
745 3304 872 3364 utrum
887 3286 1059 3366 crederet
1074 3287 1114 3362 in
1128 3314 1217 3364 eum
1228 3287 1334 3393 cujus
1346 3284 1465 3394 figura
1483 3303 1561 3364 erat
1580 3288 1618 3362 in
1635 3286 1749 3376 libro;

323 3419 389 3522 qui
416 3417 611 3522 respoudit
633 3417 736 3522 quod
755 3416 820 3493 sic.
842 3417 888 3492 Et
908 3433 999 3492 tuuc
1018 3415 1111 3492 dixit
1129 3416 1200 3494 sibi
1220 3417 1403 3522 recipiens
1422 3415 1525 3521 quod
1549 3415 1651 3493 fatue
1675 3445 1752 3492 cre·

324 3547 452 3637 debat,
468 3563 507 3623 et
519 3545 608 3622 fecit
621 3573 710 3622 eum
722 3563 781 3622 ter
794 3545 979 3650 abnegare
993 3542 1150 3620 Jhesum
1164 3545 1358 3623 Christum
1374 3561 1410 3620 et
1423 3561 1482 3622 ter
1491 3573 1636 3651 spuere.
1652 3547 1752 3622 Dixit

324 3693 448 3754 tamen
466 3675 571 3782 quod
592 3674 742 3754 cavebat
760 3673 831 3751 sibi
851 3692 1033 3779 quantum
1052 3689 1264 3778 poteratne
1284 3693 1434 3779 spueret
1454 3701 1565 3779 supra
1584 3701 1748 3764 crucem3

325 3805 490 3914 fingebat
512 3823 638 3884 umen
662 3804 769 3912 quod
787 3821 940 3910 spueret
967 3831 1077 3909 supra
1110 3829 1271 3880 crucem.
1296 3804 1399 3880 Dixit
1421 3822 1546 3882 tamen
1565 3830 1634 3907 per
1647 3806 1751 3909 jura-

325 3953 494 4015 meutum
515 3963 625 4013 suum
639 3934 743 4041 quod
759 3933 929 4040 precepit
943 3931 1014 4010 sibi
1033 3933 1134 4010 idem
1148 3934 1331 4038 recipiens
1345 3933 1450 4039 quod
1467 3934 1623 4010 omuino
1638 3935 1751 4012 absti-

325 4083 431 4144 neret
457 4091 497 4142 se
517 4065 793 4152 amulieribus;
816 4063 990 4141 tamensi
1010 4063 1211 4140 necessitas
1234 4065 1355 4140 carnis
1371 4081 1521 4171 urgeret
1550 4092 1654 4152 cum,
1670 4093 1753 4169 pos·

325 4213 428 4274 sctsc
443 4195 638 4272 carnaliter
646 4223 733 4271 cum
746 4194 922 4272 fratribus
936 4193 1191 4271 commiscere.
1211 4192 1422 4300 Requisitus
1435 4193 1482 4270 de
1502 4193 1642 4284 osculo,
1661 4194 1753 4273 dixit

324 4353 391 4430 per
405 4327 666 4432 juramentum
682 4353 793 4403 suum
807 4325 911 4432 quod
932 4323 1119 4401 osculatus
1133 4321 1206 4400 fuit
1223 4325 1262 4400 iu
1281 4323 1461 4403 umbilico
1474 4341 1512 4403 et
1529 4325 1569 4402 in
1588 4353 1664 4403 ore.
1682 4325 1752 4403 Re·

325 4455 484 4560 quisitus
502 4472 630 4534 utrum
651 4455 703 4545 vi,
720 4455 778 4532 vel
797 4469 900 4532 metu
918 4470 1190 4532 tormentorum
1204 4453 1261 4530 vel
1277 4455 1449 4544 carceris,
1466 4472 1531 4533 aut
1545 4455 1667 4564 aliqua
1680 4456 1751 4533 alia

326 4613 448 4674 causa,
479 4587 519 4664 in
540 4615 607 4664 sua
628 4586 868 4691 deposiciouc
889 4583 1024 4661 dixerit
1042 4583 1258 4671 falsitatem,
1288 4585 1380 4662 dixit
1404 4613 1473 4691 per
1495 4587 1749 4693 juramentum

326 4743 435 4792 suum
456 4716 560 4822 quod
575 4743 667 4804 uon,
690 4715 808 4791 immo
822 4741 955 4820 puram
975 4732 1011 4790 et
1031 4741 1172 4790 meram
1195 4713 1329 4791 dixerit
1348 4716 1551 4793 veritatem.
