4320 5898
394 507 441 582 ao
729 495 732 502 ‘
780 487 977 611 esoces
1004 509 1100 581 nes
1127 509 1433 582 rennuens.

389 647 619 756 presbiter0,
641 647 794 725 Matheo
816 647 864 726 de
880 649 1033 728 Tilheio
1055 667 1093 726 et
1108 651 1220 728 Petro
1241 652 1288 729 de
1308 653 1478 758 Loyson,
1504 649 1571 755 qui
1592 647 1765 728 Matbeus
1788 666 1826 726 et

300 767 304 774 ’
388 781 522 858 Petrus
532 777 689 856 fuerunt
698 807 809 886 supra
821 781 1030 859 examinati.
1053 781 1085 858 A
1100 811 1175 890 quo
1187 800 1383 890 receptore
1397 811 1483 858 cunr
1499 779 1675 888 peciisset
1688 807 1826 886 panem

390 930 429 990 et
440 940 577 1018 aquam
592 927 630 988 et
644 911 862 988 societatem
880 912 1045 1010 ordinis,
1059 931 1097 990 et
1115 914 1285 1020 predicto
1301 915 1335 992 ei
1351 914 1455 1020 quod
1467 914 1566 991 bene
1583 911 1825 1004 deliberaret,

390 1045 481 1153 quia
496 1061 688 1150 oporteret
703 1073 792 1121 eum
811 1044 994 1124 voluntati
1015 1045 1150 1154 subjici
1171 1046 1313 1139 aliene,
1335 1064 1374 1124 et
1391 1045 1510 1124 multa
1532 1045 1627 1123 dura
1644 1061 1681 1122 et
1698 1073 1826 1153 aspera

390 1176 592 1268 sustinere,
622 1176 892 1269 concessisset,
907 1174 997 1253 lecit
1023 1207 1110 1255 eum
1131 1207 1265 1256 vovere
1287 1195 1325 1256 et
1340 1180 1468 1287 jurare
1488 1178 1710 1267 castitatem,
1737 1177 1827 1255 obe-

391 1308 598 1395 dienciam,
624 1307 745 1385 vivere
773 1308 853 1385 sine
879 1308 1051 1416 proprio;
1079 1327 1117 1387 et
1143 1311 1321 1418 imposito
1355 1311 1428 1388 sibi
1455 1309 1652 1398 mantello,
1682 1310 1761 1416 ipse
1790 1326 1828 1386 et

390 1439 523 1518 fratres
533 1457 696 1518 astantes
707 1440 864 1518 suerunt
877 1470 965 1518 eum
982 1442 1140 1520 osculati
1155 1443 1194 1524 in
1211 1473 1288 1522 ore.
1308 1445 1396 1538 Quo
1412 1444 1596 1521 instructo
1613 1457 1708 1549 quot
1718 1443 1830 1520 Pater

391 1562 506 1651 noster
522 1601 592 1680 pro
611 1573 717 1650 horis
741 1573 819 1650 suis
841 1572 984 1649 diceret
1004 1589 1042 1650 et
1068 1573 1232 1680 qualiter
1251 1576 1292 1652 in
1310 1575 1445 1652 ordine
1467 1603 1506 1652 se
1532 1590 1696 1683 regeret,
1723 1601 1827 1652 rece-

391 1704 571 1782 dentibus
597 1703 778 1811 predictis
803 1701 1005 1796 fratribus,
1035 1707 1205 1813 precepit
1233 1705 1358 1783 eidem
1380 1706 1490 1798 testi,
1519 1705 1724 1784 ostendens
1754 1703 1827 1782 sibi

391 1835 596 1943 quamdam
610 1864 761 1914 crucem
778 1834 942 1942 ligneam
954 1837 994 1912 in
1008 1866 1083 1943 qua
1098 1834 1201 1914 nulla
1216 1854 1295 1914 erat
1305 1867 1439 1946 ymago
1452 1837 1647 1924 Crucifixi,
1663 1836 1711 1913 de
1724 1853 1826 1913 retro

392 1967 507 2046 altare
526 1985 734 2076 acceptam,
757 1967 863 2078 quod
875 1969 1078 2075 abnegaret
1094 1971 1221 2047 Deum
1238 1987 1276 2046 et
1291 1986 1444 2077 spueret
1462 1997 1575 2076 super
1591 1968 1730 2047 dictam
1742 1999 1828 2046 cru-

393 2128 495 2194 cem,
518 2100 658 2208 etipse
678 2117 773 2178 teste
793 2101 1047 2208 respondente
1071 2102 1176 2208 quod
1195 2101 1304 2178 nullo
1325 2101 1441 2180 modo
1461 2101 1664 2210 abnegaret
1683 2117 1826 2181 creato-

392 2261 473 2310 rem
499 2261 630 2325 suum,
658 2232 752 2310 dixit
776 2233 810 2310 ei
836 2232 942 2342 quod
967 2233 1040 2310 hoc
1068 2232 1268 2339 oportebat
1288 2263 1377 2310 eum
1397 2232 1535 2326 lacere,
1558 2233 1647 2339 quia
1666 2233 1745 2338 ipse
1767 2261 1826 2308 re-

391 2381 521 2470 ceptor
540 2365 614 2442 hoc
637 2363 775 2442 fecerat
801 2364 840 2440 in
866 2364 1088 2472 recepcione
1114 2392 1198 2455 sua;
1225 2380 1263 2441 et
1285 2380 1377 2442 tunc
1402 2363 1481 2472 ipse
1501 2364 1608 2442 testis
1630 2361 1828 2472 abnegavit

391 2496 517 2575 Deum
538 2525 604 2574 ore
628 2525 706 2574 non
726 2496 857 2586 eorde,
880 2514 919 2575 et
936 2497 1039 2604 spuit
1057 2525 1135 2574 non
1156 2526 1268 2604 supra
1291 2494 1359 2574 sed
1373 2495 1480 2603 juxta
1503 2494 1641 2571 dictam
1661 2523 1824 2574 crucem.

392 2613 576 2734 Postque
603 2628 771 2735 precepit
794 2629 921 2705 eidem
944 2629 1030 2706 testi
1052 2628 1159 2737 quod
1184 2627 1417 2708 oscularetur
1440 2628 1565 2735 ipsum
1589 2645 1825 2735 receptorem

393 2759 433 2835 in
453 2785 525 2837 ano
541 2789 550 2836 ε
566 2757 639 2837 luit
659 2789 748 2836 eum
770 2760 959 2839 osculatus
977 2762 1072 2842 circa
1091 2791 1225 2840 zonam
1251 2791 1363 2868 supra
1383 2760 1585 2838 camisiam.
1615 2759 1696 2836 Alia
1714 2760 1826 2838 inho·

394 2907 499 2968 nesta
526 2917 605 2969 non
632 2891 918 2971 intervenerunt
938 2894 975 2970 in
998 2894 1095 2971 dicta
1115 2923 1183 2972 sua
1209 2893 1429 3001 recepcione
1450 2921 1520 2969 nec
1539 2907 1641 2999 post;
1664 2919 1734 2969 nec
1759 2892 1828 2970 scit

393 3022 502 3100 aliter
518 3023 549 3102 si
564 3024 837 3101 intervenirent
850 3025 890 3102 in
905 3026 1191 3133 recepcionibus
1204 3024 1383 3116 aliorum,
1401 3053 1471 3102 nec
1487 3024 1562 3100 hoc
1578 3023 1721 3100 audivit
1734 3023 1824 3114 dici,

392 3184 464 3235 nec
488 3155 556 3233 scit
582 3156 689 3263 quod
709 3186 822 3263 super
847 3157 921 3233 hoc
945 3157 1089 3247 credat,
1113 3158 1202 3264 quia
1222 3185 1357 3263 parum
1377 3153 1449 3232 luit
1473 3155 1513 3230 in
1541 3153 1687 3232 ordine.
1714 3154 1824 3244 Item,

319 3341 324 3352 ·
395 3287 489 3392 dixit
508 3315 547 3365 se
567 3289 667 3366 bene
692 3287 846 3366 credere
868 3287 1125 3367 ecclesiasticis
1146 3288 1403 3380 sacramentis,
1428 3304 1467 3364 et
1489 3287 1593 3394 quod
1614 3285 1676 3362 alii
1696 3283 1828 3363 [ratres

393 3419 609 3512 crederent,
632 3437 670 3497 et
685 3421 792 3528 quod
808 3449 941 3498 eorum
962 3423 1175 3499 sacerdotes
1191 3421 1318 3499 debite
1336 3409 1583 3500 celebrarent.
1606 3417 1740 3495 Statim
1758 3447 1826 3524 pro

392 3549 571 3657 professis
585 3550 835 3629 habebantur.
858 3551 1101 3631 Clandestine
1120 3550 1411 3659 recipiebantur,
1436 3579 1476 3626 ex
1496 3577 1573 3656 quo
1589 3547 1709 3624 credit
1723 3549 1827 3654 quod

393 3698 492 3760 esset
514 3683 677 3790 suspicio
703 3699 832 3760 contra
853 3710 929 3760 eos.
957 3683 1135 3762 Cordulis
1156 3684 1259 3762 unde
1279 3680 1456 3759 volebant
1482 3679 1683 3786 assumptis
1703 3679 1828 3789 cinge-

373 3903 376 3912 ,
391 3815 530 3894 bantur
545 3843 657 3923 supra
669 3814 838 3892 camisias
851 3843 939 3890 cum
952 3815 1093 3920 quibus
1104 3815 1293 3922 jacebant,
1315 3841 1385 3889 nec
1400 3812 1469 3890 scit
1484 3840 1553 3888 nec
1566 3810 1710 3889 audivit
1723 3812 1828 3918 quod

392 3962 590 4054 tangerent
609 3946 729 4051 capita
747 3945 966 4052 ydolorum.
988 3945 1194 4024 Dicebatur
1215 3945 1268 4024 eis
1289 3962 1328 4022 et
1347 3943 1637 4022 delleudebatur
1658 3970 1706 4019 ne
1725 3970 1828 4018 reve-

393 4075 517 4162 larent
531 4093 673 4154 secreta
688 4075 940 4182 capitulorum
958 4105 1028 4154 nec
1043 4077 1202 4155 modum
1221 4105 1287 4154 sue
1308 4074 1552 4182 recepcionis.
1575 4074 1615 4152 Si
1636 4074 1703 4181 qui
1724 4093 1830 4150 erant

393 4205 525 4284 fratres
541 4207 702 4286 scientes
722 4234 868 4286 errores
888 4209 928 4284 in
947 4209 1097 4298 ordine,
1119 4206 1276 4286 luerunt
1294 4206 1528 4314 negligentes
1548 4205 1729 4312 quianon
1750 4235 1830 4283 cor·
1906 4243 1910 4252 ·

282 4348 288 4361 “
394 4357 573 4417 rexerunt
600 4368 664 4418 eos
686 4368 757 4417 nec
777 4339 1099 4418 denunciaverunt
1118 4339 1294 4418 Ecclesie.
1317 4337 1560 4418 Elemosinas
1576 4353 1614 4414 et
1633 4336 1829 4443 hospitali·

393 4487 510 4548 tatem
530 4471 624 4549 vidit
645 4471 913 4551 convenienter
932 4471 1016 4550 lieri
1041 4488 1080 4550 et
1105 4473 1259 4564 servari,
1286 4489 1372 4548 ante
1401 4471 1482 4578 ejus
1506 4469 1769 4576 recepcionem
1794 4489 1831 4546 et

395 4617 494 4708 post,
510 4599 553 4678 in
568 4604 746 4682 domibus
759 4604 903 4681 ordinis
915 4605 955 4680 in
970 4605 1109 4713 quibus
1119 4605 1260 4684 exstitit
1270 4619 1535 4681 commoratus.
1549 4599 1830 4707 Precipiebatur

297 4727 303 4740 ’
395 4732 449 4811 eis
462 4734 567 4840 quod
578 4735 705 4812 debite
719 4725 957 4842 acquirerent
972 4738 1108 4816 ordini.
1126 4735 1279 4814 Audivit
1294 4735 1371 4814 dici
1381 4735 1486 4842 quod
1499 4731 1690 4841 capitolia,
1702 4733 1830 4841 januis

396 4864 550 4957 clausis,
564 4864 680 4945 nullis
696 4867 937 4973 presentibus
952 4868 1023 4947 nisi
1038 4867 1229 4956 fratribus,
1247 4865 1450 4974 aliquando
1464 4864 1703 4954 tenebantur,
1721 4865 1828 4943 valde
