4210 5882
382 548 454 620 aar
767 521 963 617 rnocns
990 539 1086 612 ons
1114 537 1412 612 rnurxrnas

380 687 577 790 prestitum
594 713 613 759 a
633 684 811 789 receptis,
834 682 938 789 quod
957 696 1139 789 perpetuo
1152 695 1294 757 secrete
1308 694 1462 756 teneant
1478 679 1604 754 omnia
1622 705 1697 783 que
1713 678 1803 756 fiant

379 817 418 891 in
440 814 612 921 capitulis
634 815 874 902 eorumdem3
897 811 1004 889 aliter
1023 825 1133 918 negat
1152 809 1363 916 predictum
1383 807 1595 886 articulum.

435 945 493 1022 Ad
504 945 564 1022 lxx
580 943 780 1023 articulum
796 941 1045 1049 respondens,
1063 939 1209 1046 negavit
1224 967 1312 1016 eum
1330 937 1561 1045 simpliciter,
1572 955 1687 1045 prout
1690 938 1802 1046 jacet.

435 1075 492 1151 Ad
505 1073 578 1151 lxxr
590 1073 791 1151 articulum
808 1071 1056 1178 respondeus,
1072 1069 1165 1146 dixit
1177 1069 1280 1175 quod
1296 1097 1382 1148 cum
1397 1069 1635 1173 recepciones
1648 1067 1803 1146 fratrum

380 1205 477 1283 fiunt
498 1206 537 1282 in
554 1203 722 1308 capitulis
738 1203 825 1280 dicti
843 1200 1010 1307 Templi,
1028 1198 1239 1308 injungitur
1253 1199 1307 1276 eis
1326 1199 1392 1307 qui
1413 1199 1551 1309 recepti
1572 1217 1662 1278 sunt
1676 1216 1719 1276 ut
1729 1227 1804 1278 om·

379 1337 440 1412 nia
456 1352 494 1412 et
513 1333 748 1441 singulaque
769 1333 807 1408 in
821 1331 993 1438 capitulis
1012 1347 1092 1406 acta
1106 1346 1195 1406 sunt
1214 1347 1252 1406 et
1270 1329 1415 1436 agenda
1432 1347 1574 1408 secreta
1591 1346 1755 1408 teneant.

435 1464 492 1542 Ad
513 1465 600 1541 lxxu
620 1462 822 1542 articulum
841 1461 1089 1566 respondens,
1112 1459 1204 1536 dixit
1225 1488 1355 1537 verum
1376 1487 1455 1536 esse
1475 1461 1581 1566 quod
1601 1461 1804 1566 precipitur

379 1594 553 1672 fratribus
574 1593 813 1699 presentibus
832 1593 871 1668 in
891 1591 980 1697 ipsis
999 1587 1168 1696 capitulis
1186 1591 1293 1695 quod
1314 1591 1391 1666 uon
1413 1590 1576 1668 audeant
1597 1590 1703 1696 loqui
1723 1591 1803 1668 aliis

378 1723 553 1802 fratribus
572 1722 742 1829 ejusdem
764 1721 926 1812 ordinis,
944 1721 1016 1798 nisi
1035 1738 1161 1799 tamen
1180 1719 1253 1798 illis
1272 1718 1450 1798 fratribus
1464 1719 1530 1825 qui
1546 1720 1585 1796 in
1605 1720 1696 1826 ipsis
1709 1721 1804 1826 capi·

377 1855 467 1931 tulis
484 1853 686 1930 alluerunt.
704 1855 784 1958 lpse
801 1871 926 1928 tamen
942 1848 1057 1928 frater
1070 1849 1359 1928 Bartholomeus
1371 1852 1438 1956 qui
1450 1850 1520 1930 bec
1534 1849 1703 1956 loquitur
1714 1879 1803 1928 nus·

377 2013 490 2090 quam
511 1982 597 2072 luit,
621 2002 663 2060 ut
682 1982 791 2070 dixit,
820 1983 859 2057 in
880 1981 1069 2087 aliquibus
1089 1980 1261 2085 capitulis
1280 1981 1351 2057 nisi
1373 1982 1411 2056 in
1433 1980 1532 2058 dicta
1549 1982 1665 2058 domo
1686 1981 1802 2059 Marsi

376 2115 447 2192 Dei
469 2114 629 2190 diocesis
651 2112 836 2201 Elneusis,
860 2129 898 2188 et
918 2110 1021 2188 idem
1043 2110 1162 2186 credit
1182 2108 1264 2186 fieri
1286 2127 1324 2186 et
1340 2112 1477 2188 servari
1496 2110 1535 2188 in
1555 2111 1688 2190 ceteris
1707 2113 1804 2218 capi-

377 2244 467 2320 tulis
483 2244 574 2320 dicti
594 2241 755 2350 Templi.
1722 2324 1724 2330 ,

434 2373 492 2450 Ad
501 2373 601 2450 lxxru
613 2373 811 2450 articulum
823 2372 1073 2477 respondens,
1093 2389 1202 2478 negat
1215 2373 1338 2478 ipsum
1352 2371 1568 2460 articulum,
1583 2373 1679 2450 sicut
1689 2375 1801 2480 jacet,

378 2504 542 2581 adiciens
560 2533 598 2580 se
619 2530 814 2609 nunquam
830 2502 965 2580 vidisse
982 2500 1056 2577 dici
1072 2500 1129 2577 vel
1150 2500 1231 2578 fieri
1252 2503 1484 2578 contentam
1505 2530 1562 2578 eo.
1669 2575 1672 2582 .

434 2634 491 2710 Ad
512 2633 626 2712 lxxuu
640 2633 840 2710 articulum
860 2630 1111 2738 respondens,
1134 2631 1251 2708 dixit.
1273 2691 1280 2706 .
1300 2691 1308 2708 .
1329 2691 1337 2706 .
1357 2662 1434 2722 ,re,
1457 2648 1495 2708 et
1510 2634 1562 2709 sic
1575 2651 1677 2710 retro
1691 2634 1802 2710 fixisse

378 2784 563 2842 servatum
583 2767 681 2842 inter
700 2763 830 2840 fratres
851 2762 941 2840 dicti
960 2761 1120 2851 ordinis,
1146 2762 1250 2869 quod
1275 2763 1618 2869 quocienscumque
1638 2763 1801 2870 aliquem

378 2895 435 2972 vel
448 2896 593 3002 aliquos
602 2895 756 2974 fratrum
770 2952 891 2970 .....
917 2891 1105 2998 contingat
1123 2891 1218 2970 velle
1231 2892 1400 2970 confiteri
1421 2911 1569 2998 peccata
1580 2921 1663 2981 sua,
1683 2895 1804 3002 injun-

378 3027 478 3130 gitur
499 3025 551 3102 eis
571 3043 614 3102 ut
633 3023 737 3102 fratri
759 3024 949 3129 capellano
974 3022 1142 3131 ejusdem
1164 3024 1308 3100 ordinis
1327 3053 1441 3129 quem
1463 3021 1524 3130 [in]
1545 3043 1724 3130 promptu
1745 3025 1803 3101 ba-

377 3153 467 3231 bere
488 3173 647 3261 possunt
664 3183 732 3232 sua
749 3153 995 3232 confiteantur
1013 3170 1180 3260 peccam
1203 3154 1355 3260 quando
1378 3182 1465 3232 vero
1486 3154 1576 3230 dicti
1601 3154 1724 3231 fratris
1746 3185 1804 3232 ca-

379 3283 514 3388 pellani
545 3313 613 3391 pro
645 3286 804 3391 peccatis
835 3284 999 3390 [ipsorum
1030 3281 1261 3390 conlfitendis
1291 3285 1523 3390 presenciam
1557 3285 1696 3362 babere
1729 3315 1803 3363 nou

377 3432 550 3519 possunt,
574 3416 684 3492 datur
707 3416 760 3492 eis
789 3413 943 3492 facultas
969 3413 1088 3490 libera
1111 3412 1274 3490 adeundi
1295 3412 1426 3491 fratres
1446 3415 1610 3492 Minores
1631 3415 1698 3521 [vel
1716 3417 1801 3492 Pre-

378 3543 589 3650 dicutlores,
608 3543 665 3621 vel
682 3545 718 3620 in
735 3573 867 3621 eorum
887 3543 1048 3620 deffectu
1062 3543 1313 3651 presbiterum
1328 3543 1533 3622 secularem
1553 3546 1722 3652 ejusdem
1735 3547 1798 3620 dio

379 3674 487 3761 cesis,
511 3674 570 3750 cui
588 3674 645 3749 vel
665 3673 803 3779 quibus
823 3702 889 3751 sua
909 3691 1057 3780 peccata
1072 3674 1217 3752 valeant
1239 3674 1449 3752 confiteri..
1470 3735 1477 3750 .
1498 3735 1505 3749 .
1526 3734 1534 3750 .
1560 3676 1802 3780 penitentiam
1860 3682 1863 3688 ’

380 3807 546 3910 recipere
564 3803 763 3881 salutarem
781 3821 818 3880 et
837 3804 1043 3910 injunctam
1061 3831 1216 3882 servare.

436 3932 495 4009 Ad
510 3934 593 4012 lxxv
608 3934 808 4011 articulum
824 3935 1070 4039 respondens,
1087 3935 1179 4012 dixit
1192 3963 1230 4012 se
1246 3935 1323 4041 [nou
1336 3933 1480 4041 eildisse
1497 3963 1564 4013 nec
1577 3937 1723 4012 scivisse
1735 3965 1802 4014 nec

379 4061 565 4140 audivisse
587 4061 738 4140 fratrem
758 4063 816 4138 vel
836 4062 966 4140 fratres
985 4064 1133 4170 Templi
1153 4064 1318 4171 aliquem
1336 4065 1393 4142 vel
1413 4063 1559 4173 aliquos
1585 4093 1732 4142 errores
1755 4068 1802 4143 de

380 4191 519 4296 quibus
538 4194 659 4299 agitur
677 4193 716 4268 in
731 4191 962 4297 preambulis
980 4193 1143 4272 articulis
1159 4196 1401 4274 commisisse.
1424 4197 1662 4301 Quapropter
1684 4193 1801 4302 negli-

381 4321 507 4426 gencia
529 4321 704 4426 imputari
721 4351 797 4399 non
816 4323 942 4429 potuit
961 4351 1030 4400 nec
1048 4323 1182 4402 debuit
1201 4326 1336 4432 cuique
1357 4325 1511 4402 fratrum
1531 4325 1620 4402 dicti
1642 4327 1799 4413 ordinis,

380 4453 410 4528 si
432 4453 537 4530 locus
555 4455 775 4533 correctioni
795 4453 963 4560 predicte
978 4479 1053 4532 nou
1073 4441 1157 4532 luit.

437 4582 495 4658 Ad
520 4585 617 4664 lxxvi
638 4584 836 4663 articulum
857 4587 1104 4693 respondens,
1134 4585 1225 4662 dixit
1244 4588 1349 4692 quod
1370 4587 1457 4666 ideo
1482 4617 1557 4665 non
1581 4589 1802 4666 nunciarunt

379 4715 542 4792 Ecclesie
560 4732 683 4794 sancte
704 4717 791 4803 Dei,
813 4717 918 4823 quod
934 4745 1002 4794 uec
1021 4718 1090 4794 scit
1111 4745 1180 4794 nec
1203 4717 1322 4794 credit
1346 4717 1493 4824 aliquos
1513 4747 1658 4797 errores
1678 4736 1801 4797 contra

379 4843 494 4930 fidem
512 4846 732 4924 catholicam
749 4845 863 4924 fuisse
879 4847 1099 4925 commissos
1114 4847 1212 4924 inter
1224 4847 1356 4924 fratres
1377 4848 1519 4926 ordinis
1536 4849 1624 4926 dicti
1640 4848 1799 4955 Templi.
