4202 5876
408 579 481 650 500
793 555 989 650 esoces
1015 576 1111 649 uss
1137 576 1440 650 reuertens.

405 733 553 824 rogatus
573 715 789 826 diligenter,
821 716 926 823 plura
952 745 1027 794 non
1050 717 1214 806 addidit,
1240 718 1328 824 quia
1353 747 1392 795 se
1418 718 1560 796 nescire
1584 746 1653 796 nee
1678 720 1827 797 credere

404 847 510 953 plura
530 847 631 924 dixit.

392 1083 398 1092 ι
462 1123 538 1187 vr1r⁰
551 1108 724 1186 kalendas
740 1107 918 1187 februarii
934 1135 1032 1186 anno
1048 1137 1125 1214 quo
1141 1136 1262 1215 supra.
1341 1091 1342 1094 Ἴ

461 1241 554 1316 ΧΧΙ.
585 1240 715 1316 Frater
734 1239 927 1317 Ferrarius
946 1241 1033 1316 Hoti
1055 1239 1198 1316 ordinis
1215 1241 1302 1317 dicti
1318 1241 1467 1349 Templi
1494 1260 1531 1320 et
1559 1243 1697 1321 domus
1714 1245 1828 1322 Mansi

404 1370 492 1456 Dei,
512 1369 616 1446 testis
631 1369 778 1476 juratus
796 1369 844 1446 ad
864 1387 986 1447 sancta
1008 1370 1079 1446 Dei
1109 1369 1303 1477 Evangelia
1331 1399 1445 1477 super
1467 1372 1644 1496 predictis
1668 1373 1830 1452 articulis

406 1516 592 1577 eteorum
612 1497 784 1605 quolibet
804 1499 874 1576 sibi
896 1499 1070 1606 expositis
1090 1501 1130 1576 in
1146 1500 1304 1608 urlgari,
1324 1518 1366 1578 ut
1381 1503 1594 1611 principalis
1614 1503 1662 1580 de
1682 1505 1828 1611 seipso,

406 1647 443 1708 et
462 1646 504 1707 ut
524 1630 628 1706 testis
649 1629 697 1706 de
713 1629 811 1719 aliis,
838 1629 1036 1738 diligenter
1052 1650 1090 1706 et
1106 1630 1292 1736 sigillatim
1312 1631 1577 1740 interrogatus.
1599 1635 1830 1738 respondens

405 1760 451 1836 ad
477 1761 659 1866 primum,
688 1787 853 1838 rr-xxrx
879 1760 1054 1838 articulos
1080 1759 1277 1850 inclusive,
1304 1763 1449 1869 negavit
1472 1763 1574 1870 ipsos
1599 1763 1773 1842 articulos
1796 1783 1830 1842 et

405 1891 532 1973 omnia
553 1909 590 1966 et
609 1888 754 1996 singula
769 1906 941 1967 contenta
955 1889 994 1965 in
1010 1891 1079 1979 eis;
1097 1890 1224 1968 dicens
1244 1919 1283 1968 se
1303 1919 1374 1968 nec
1388 1891 1481 1969 scire
1497 1921 1567 1969 nec
1584 1893 1738 1971 credere
1752 1923 1829 2000 pre·

406 2021 503 2097 dieta
523 2019 616 2097 facta
636 2018 749 2098 luisse
763 2048 833 2096 uec
847 2021 1042 2098 commissa
1058 2022 1096 2097 in
1117 2021 1247 2099 ordine
1263 2023 1473 2128 supradicto
1493 2023 1539 2101 ab
1554 2023 1678 2130 aliquo
1696 2025 1753 2101 vel
1765 2024 1828 2101 ali-

405 2149 542 2258 quibus
558 2149 700 2228 ordinis
719 2148 906 2257 prelibati;
928 2178 1015 2257 ymo
1030 2150 1097 2227 scit
1112 2168 1149 2227 et
1163 2151 1282 2229 credit
1297 2153 1402 2258 quod
1420 2170 1544 2230 sancte
1560 2154 1681 2232 erucis
1692 2152 1827 2232 Christi

405 2281 666 2361 adoracionem
688 2279 735 2358 de
754 2308 859 2358 more
880 2281 997 2387 ipsius
1018 2280 1159 2358 ordinis
1173 2280 1305 2360 fratres
1319 2282 1399 2389 ejus
1416 2283 1606 2360 annuatim
1620 2300 1678 2360 ter
1690 2283 1829 2361 faciunt

406 2431 442 2488 et
465 2413 636 2502 adorant,
664 2412 857 2490 dicendo:
880 2411 1116 2490 «Adoramus
1139 2429 1194 2502 te,
1219 2412 1384 2503 Christe,
1407 2432 1444 2491 et
1466 2414 1728 2492 benedicimus
1741 2414 1826 2502 tibi,

404 2545 491 2652 quia
513 2573 582 2652 per
599 2561 763 2622 sanctam
783 2572 930 2620 crucem
951 2561 1053 2620 tuam
1075 2543 1267 2620 redemisti
1288 2543 1487 2622 mundum.
1505 2583 1517 2614 s
1537 2543 1747 2623 Predictam
1767 2575 1829 2622 au·

404 2695 481 2754 tem
501 2675 762 2752 adoracionem
784 2673 924 2751 faciunt
941 2673 979 2750 in
993 2673 1056 2751 die
1072 2675 1228 2754 Veneris
1248 2693 1386 2765 sancta,
1403 2704 1480 2781 qua
1489 2675 1682 2753 Dominus
1693 2675 1828 2752 lhesus

404 2807 473 2885 Dei
495 2803 595 2883 filius
614 2833 745 2911 passus
758 2803 831 2882 fuit
850 2822 1009 2882 mortem
1031 2806 1070 2880 in
1086 2805 1184 2882 dicta
1196 2833 1306 2882 cruce
1327 2833 1395 2914 pro
1415 2805 1524 2883 nobis
1544 2823 1582 2882 et
1594 2807 1731 2882 nostris
1745 2835 1829 2912 pec·

406 2937 510 3024 catis,
535 2963 612 3012 non
631 2963 700 3041 pro
720 2935 811 3023 suis,
834 2935 922 3042 quia
948 2935 1028 3040 ipse
1058 2956 1245 3041 nusquam
1269 2937 1447 3041 peccarim
1470 2953 1508 3012 et
1534 2935 1671 3012 dictam
1689 2933 1829 3012 faciunt

406 3043 669 3145 adoracionem
686 3065 800 3144 nudis
819 3065 995 3170 pedibus,
1023 3063 1187 3142 cultellis
1210 3083 1247 3142 et
1267 3065 1358 3144 colis
1378 3066 1506 3172 capitis
1527 3065 1703 3158 dimissis,
1725 3066 1829 3178 geni-

405 3196 476 3274 bus
495 3195 615 3286 flexis,
638 3225 724 3272 omn
748 3223 892 3272 summa
912 3195 1110 3273 devotione
1135 3195 1280 3272 meliori
1305 3224 1377 3303 qua
1404 3212 1569 3302 possunt.
1595 3196 1828 3273 Sacramenta

404 3354 492 3404 vero
511 3326 675 3404 Ecclesie
694 3326 764 3404 Dei
785 3343 823 3403 et
841 3325 999 3404 credunt
1020 3326 1110 3403 etin
1130 3324 1205 3405 illis
1220 3326 1380 3404 salutem
1396 3355 1501 3404 suam
1522 3344 1559 3403 ct
1573 3354 1677 3431 spem
1697 3325 1830 3402 saluta-

403 3457 516 3534 tionis
535 3485 602 3534 sue
628 3485 708 3536 esse
728 3455 892 3536 fatentur
917 3474 954 3533 et
979 3457 1125 3545 dicunt,
1153 3473 1192 3532 et
1209 3472 1482 3533 sacramentum
1506 3457 1581 3534 sive
1606 3455 1827 3533 sacrificium

404 3589 515 3666 misse
536 3587 695 3664 credunt
721 3615 766 3664 eo
793 3613 899 3664 more
920 3583 1002 3662 lieri
1022 3587 1062 3662 in
1082 3586 1185 3663 altari
1212 3615 1279 3693 per
1303 3585 1514 3663 sacerdotes
1540 3585 1657 3692 ipsius
1685 3585 1828 3662 ordinis

404 3719 500 3796 sicut
518 3735 639 3796 sancta
656 3718 820 3797 Ecclesia
841 3719 950 3796 docet
970 3736 1008 3796 et
1026 3721 1155 3794 tenet(

460 3849 519 3926 Ad
540 3875 774 3928 xxx—mut
795 3847 971 3927 articulos
991 3846 1401 3954 inclusivesdiligenter
1414 3865 1451 3925 et
1464 3847 1654 3955 sigillatim
1674 3847 1828 3924 interro-

404 3996 525 4086 gatus,
549 3980 642 4057 dixit
655 3981 758 4088 quod
780 4009 865 4058 cum
878 3978 1035 4057 fratrum
1052 3979 1095 4056 fit
1109 3980 1279 4085 recepcio
1294 3979 1333 4054 in
1353 3980 1487 4058 ordine
1506 3977 1735 4086 supradicto,
1751 3995 1827 4054 tam

404 4110 588 4216 recipiens
607 4139 719 4218 quam
738 4111 879 4218 recepti
898 4139 979 4187 sese
999 4127 1131 4188 mutuo
1151 4109 1364 4188 osculantur
1383 4111 1422 4185 in
1443 4125 1690 4199 crematum,
1713 4108 1752 4184 in
1778 4108 1828 4183 si-

404 4269 521 4347 gnum
538 4239 699 4319 fraterne
712 4241 924 4319 dilectionis
941 4257 978 4316 et
993 4241 1165 4318 caritatis.
1182 4241 1336 4347 Reliqua
1350 4257 1475 4317 autem
1487 4241 1525 4316 in
1539 4239 1648 4317 dictis
1663 4237 1826 4314 articulis

405 4387 579 4450 contenta
595 4399 666 4450 nec
685 4371 828 4481 aliquid
849 4372 896 4450 de
918 4373 1059 4450 eisdem
1076 4373 1236 4450 credidit
1256 4399 1335 4450 esse
1355 4399 1451 4449 vera.

460 4501 520 4578 Ad
534 4527 832 4582 natur—xxxvu
851 4503 1027 4581 articulos
1042 4501 1237 4592 inclusive,
1249 4502 1447 4610 diligenter
1461 4519 1498 4578 et
1512 4500 1700 4608 sigillatim
1714 4501 1824 4577 inter·

403 4649 571 4740 rogatus,
592 4632 823 4739 respondens
844 4632 936 4710 dixit
957 4661 1042 4710 vera
1068 4661 1146 4710 esse
1173 4648 1345 4709 contenta
1365 4633 1403 4706 in
1424 4630 1515 4721 illis;
1537 4631 1704 4708 adiciens
1720 4629 1824 4738 quod

404 4778 540 4841 statuta
564 4763 681 4870 ipsius
707 4763 850 4843 ordinis
878 4765 951 4842 hcc
971 4763 1114 4842 habent
1132 4764 1172 4840 in
1191 4790 1230 4841 se
1254 4781 1298 4840 ut
1315 4761 1454 4870 recepti
1473 4761 1605 4839 fratres
1628 4761 1676 4836 ad
1701 4759 1825 4866 ipsum

405 4894 577 4972 ordinem
602 4896 819 5002 promittant
843 4897 1037 5002 recipienti
1059 4925 1106 4974 ne
1126 4924 1195 5003 pro
1213 4896 1344 5003 majori
1367 4893 1424 4972 vel
1443 4895 1578 4972 minori
1599 4893 1671 4971 alio
1692 4892 1824 4970 ordine

2054 2033 2067 2567 l
