4242 5890
365 513 439 583 272
751 495 950 588 enonas
981 499 1075 587 ons
1107 449 1408 588 reuellens

365 653 562 730 examinati
593 671 720 731 contra
749 656 924 733 ordinem
951 684 1027 733 non
1058 654 1231 746 fuertmt,
1256 657 1484 764 recepimus,
1511 670 1549 732 ct
1570 653 1787 759 juramento

246 875 257 900 ι
363 784 518 890 prestito
554 813 622 890 per
656 785 810 862 eosdem
846 815 957 893 supra
1002 785 1168 864 articulis
1205 787 1244 864 in
1280 785 1546 865 commissione
1578 784 1786 868 contentis,

292 971 297 978 ·
363 941 497 991 omnes
521 915 635 992 simul
662 917 814 1022 quando
839 918 969 995 adesse
993 917 1204 1022 potuimus,
1232 934 1270 995 et
1293 917 1445 1024 prefatis
1476 913 1671 993 nobilibus
1699 916 1789 994 Nar-

361 1045 521 1123 bonensi
542 1049 818 1154 archiepiscopo
844 1065 882 1125 et
905 1048 1098 1153 Bajocensi
1120 1047 1295 1154 episcopo
1324 1076 1394 1154 pro
1413 1045 1579 1154 negociis
1593 1044 1705 1152 regiis
1719 1044 1787 1122 ali·

363 1177 515 1282 qnando
546 1205 589 1251 ex
615 1177 833 1253 necessitate
864 1174 1100 1264 absentibus,
1132 1175 1300 1286 legitime
1332 1194 1461 1254 tamen
1490 1175 1687 1262 excusatis,
1716 1203 1786 1254 nos

250 1309 254 1320 ’
362 1306 592 1383 Mimatensis
627 1323 665 1382 et
699 1306 975 1384 Lemovicensis
1009 1307 1191 1413 episcopi,
1230 1308 1400 1385 notarius
1431 1323 1470 1384 et
1501 1305 1787 1384 archidiaconus

361 1436 608 1512 Tridentinus
629 1435 803 1539 predicti,
823 1435 1114 1511 examinavimus
1134 1435 1352 1542 diligenter,
1375 1435 1546 1542 quinque
1569 1434 1785 1512 tabellioni-

360 1564 432 1640 bus
449 1563 609 1670 publicis
630 1580 668 1640 et
691 1563 880 1641 interdum
905 1562 1080 1670 pluribus
1094 1563 1135 1640 in
1160 1565 1258 1642 dicta
1283 1565 1561 1644 examinacione
1583 1581 1621 1641 et
1640 1566 1680 1642 in
1703 1581 1784 1643 toto

306 1792 310 1802 1
359 1721 535 1800 processu
551 1677 805 1797 presentibus,
828 1721 896 1798 per
914 1721 1011 1800 quos
1036 1693 1181 1770 dictum
1200 1723 1416 1800 processum
1436 1696 1616 1803 grassari,
1644 1695 1685 1772 in
1707 1694 1784 1772 sor-

360 1853 460 1900 mam
475 1823 667 1930 publicam
688 1824 808 1932 redigi
837 1841 874 1900 et
904 1852 1036 1900 eorum
1055 1824 1171 1933 signis
1195 1825 1334 1932 signari
1359 1823 1529 1903 fecimus.
1550 1827 1675 1931 Ipsum
1692 1853 1785 1930 quo-

360 1977 435 2053 que
460 1981 675 2059 processum
701 1981 769 2058 per
791 1953 888 2030 duos
915 1982 958 2028 ex
993 1953 1103 2030 dictis
1129 1953 1414 2044 tabellionibus,
1438 1970 1477 2032 et
1499 1983 1567 2060 per
1594 1983 1715 2032 unum
1743 1954 1782 2030 in

359 2081 509 2185 papiro,
532 2083 603 2159 sub
622 2083 757 2160 eodem
777 2101 909 2161 tenore
930 2101 968 2159 et
995 2082 1199 2161 collacione
1219 2084 1391 2192 diligenti
1410 2082 1560 2171 habita,
1581 2084 1781 2189 scriptum,

359 2212 544 2288 sanctitati
570 2229 689 2289 vestre
718 2215 789 2290 sub
814 2214 951 2292 nostris
979 2213 1245 2291 interclussum
1271 2213 1426 2324 sigillis,
1465 2213 1588 2320 sigillo
1613 2214 1688 2290 mei
1711 2216 1782 2292 Ba-

353 2341 517 2445 jocensis
548 2341 714 2449 episcopi
746 2343 812 2449 qui
835 2342 957 2419 babeo
985 2343 1033 2420 ad
1058 2370 1182 2420 meam
1213 2343 1339 2420 redire
1376 2343 1577 2431 diocesim,
1610 2360 1778 2448 excepto,

359 2471 535 2551 duximus
556 2503 623 2580 per
649 2473 831 2552 discretos
855 2473 953 2550 viros
977 2474 1174 2580 magistros
1205 2473 1435 2552 Chatardum
1455 2473 1503 2551 de
1527 2475 1653 2550 Penne
1672 2473 1781 2551 Varia

358 2604 576 2680 canonicum
597 2605 721 2682 Sancti
732 2604 883 2686 luniani
901 2603 1061 2682 diocesis
1075 2604 1369 2692 Lemovicensis,
1382 2620 1421 2680 et
1433 2605 1588 2682 Petrum
1607 2601 1780 2680 dedare-

358 2731 452 2810 liaco
466 2734 682 2814 licenciatos
693 2737 731 2812 in
745 2735 903 2842 legibus,
913 2735 1050 2814 latores
1068 2735 1306 2840 presencium
1322 2732 1672 2818 transmittendum
1685 2747 1780 2808 etex

358 2863 674 2968 superabondauti
691 2865 856 2955 cautela,
879 2865 1022 2942 dictum
1040 2893 1273 2970 processum,
1297 2891 1502 2971 perunum
1524 2890 1568 2938 ex
1587 2861 1696 2940 dictis
1723 2877 1779 2938 ta-

356 2992 589 3072 bellionibus
608 2997 648 3072 in
663 2995 823 3073 formam
840 2994 1032 3102 publicam
1053 2994 1268 3083 redactum,
1286 2993 1533 3100 deposuimus
1555 2992 1594 3067 in
1609 2991 1780 3068 Thesau-

357 3123 454 3200 rario
488 3124 597 3201 beate
635 3126 749 3202 blarie
777 3125 1009 3210 Parisiensis,
1041 3123 1181 3226 absque
1210 3121 1457 3201 beatitudinis
1490 3136 1610 3198 vestre
1645 3119 1781 3196 litteris

356 3252 580 3358 specialibus
600 3253 742 3330 nemini
768 3251 1045 3342 exhibendum
1067 3266 1105 3327 et
1128 3248 1399 3326 nichilominus
1418 3273 1488 3322 nos
1503 3240 1777 3328 Narbonensis,

355 3382 601 3472 Mimatensis,
634 3383 922 3468 Lemovicensis,
954 3381 1122 3459 notarius
1150 3396 1188 3456 et
1217 3377 1500 3456 archidiaconus
1533 3371 1780 3450 Tridentinus

355 3513 549 3603 antedicti,
565 3513 816 3592 tabellionum
832 3528 1051 3588 nostrorum
1065 3538 1182 3616 penes
1196 3535 1266 3584 nos
1283 3505 1509 3585 retinuimus
1523 3500 1777 3610 prothocolla,

354 3670 431 3720 una
454 3672 541 3721 cum
565 3644 666 3721 dicto
686 3672 864 3750 processu
890 3641 1077 3748 deposito,
1100 3640 1274 3718 omnium
1293 3654 1510 3715 nostrorum
1533 3632 1656 3710 clausa
1675 3631 1779 3737 sigil-

355 3771 417 3863 lis,
440 3803 487 3850 ne
508 3790 683 3852 contenta
704 3775 743 3849 in
771 3773 872 3850 dicto
900 3800 1076 3878 processu
1104 3786 1189 3846 ante
1209 3768 1414 3845 sanctitatis
1432 3781 1553 3842 vestre
1571 3761 1781 3839 ordinacio-

354 3931 442 3980 nem
474 3904 619 3980 valeant
653 3901 847 4008 publicari.
880 3901 1085 3978 Conservet
1114 3899 1327 3976 Altissimus
1356 3895 1515 3974 feliciter
1550 3908 1588 3970 et
1621 3891 1778 3998 longeva

355 4033 518 4110 Ecclesie
539 4049 663 4109 sancte
694 4061 761 4108 sue
791 4030 1035 4108 clemenciam
1054 4047 1229 4117 vestram,
1246 4055 1320 4136 que
1349 4024 1521 4104 ecclesias
1540 4021 1651 4100 nobis
1677 4049 1780 4104 cotn-

359 4163 488 4240 missas
509 4180 546 4239 et
570 4192 640 4241 nos
663 4191 750 4240 suos
772 4163 812 4238 in
835 4161 916 4268 ejus
939 4160 1116 4268 dignetur
1138 4159 1277 4237 habere
1298 4157 1417 4264 gracia
1436 4153 1663 4262 propensius
1679 4179 1781 4230 com-

360 4294 568 4371 mendatos.
591 4294 736 4399 Scripta
760 4295 797 4371 in
819 4291 972 4369 abbacia
996 4291 1111 4398 regali
1139 4319 1255 4396 prope
1288 4287 1539 4365 Pontisseram
1563 4281 1780 4360 Parisiensis

361 4424 535 4514 diocesis,
563 4454 659 4502 anno
684 4424 838 4503 Domini
863 4422 1065 4500 millesimo
1088 4437 1168 4500 occ⁰
1184 4420 1408 4507 undecimo,
1432 4416 1638 4494 indictione
1657 4423 1777 4502 no'na,

363 4555 604 4660 pontificatus
617 4556 727 4634 vestri
746 4585 845 4634 anno
860 4571 980 4642 sexto,
1000 4553 1061 4630 die
1074 4553 1206 4660 quinta
1222 4550 1363 4628 mensis
1378 4549 1493 4627 lunii.
1602 4627 1607 4634 ,

416 4685 506 4763 Acta
536 4683 691 4762 luerunt
708 4686 787 4760 'hec
821 4685 880 4761 die
910 4699 950 4759 et
976 4683 1058 4760 loco
1090 4681 1284 4787 predictis,
1314 4677 1553 4784 presentibus
1587 4672 1706 4751 nobili
1738 4701 1782 4748 ac

358 4817 504 4924 potenti
524 4816 603 4893 viro
625 4816 782 4892 domino
800 4812 976 4894 Gnidone
1003 4810 1141 4890 comite
1161 4809 1285 4889 Sancti
1306 4807 1428 4900 Pauli,
1450 4836 1491 4884 ac
1503 4805 1660 4884 domino
1678 4803 1785 4882 Guil-
