<?xml version="1.0" encoding="UTF-8"?>
<!DOCTYPE html PUBLIC "-//W3C//DTD XHTML 1.0 Transitional//EN"
    "http://www.w3.org/TR/xhtml1/DTD/xhtml1-transitional.dtd">
<html xmlns="http://www.w3.org/1999/xhtml" xml:lang="en" lang="en">
 <head>
  <title>
</title>
<meta http-equiv="Content-Type" content="text/html;charset=utf-8" />
  <meta name='ocr-system' content='tesseract 3.04.00' />
  <meta name='ocr-capabilities' content='ocr_page ocr_carea ocr_par ocr_line ocrx_word'/>
</head>
<body>
  <div class='ocr_page' id='page_1' title='image "./procsdestemplie03defegoog_0347.png"; bbox 0 0 4242 5890; ppageno 0'>
   <div class='ocr_carea' id='block_1_1' title="bbox 688 499 1719 626">
    <p class='ocr_par' dir='ltr' id='par_1_1' title="bbox 688 499 1719 626">
     <span class='ocr_line' id='line_1_1' title="bbox 688 499 1719 626; baseline -0.001 -3"><span class='ocrx_word' id='word_1_1' title='bbox 688 499 1005 626; x_wconf 84' lang='lat' dir='ltr'><strong>raccasnas</strong></span> <span class='ocrx_word' id='word_1_2' title='bbox 1031 551 1335 626; x_wconf 78' lang='lat' dir='ltr'><strong>raurcraas.</strong></span> <span class='ocrx_word' id='word_1_3' title='bbox 1650 553 1719 624; x_wconf 79' lang='lat' dir='ltr'><strong>aar</strong></span> 
     </span>
    </p>
   </div>
   <div class='ocr_carea' id='block_1_2' title="bbox 296 688 1732 4823">
    <p class='ocr_par' dir='ltr' id='par_1_2' title="bbox 301 688 1728 1577">
     <span class='ocr_line' id='line_1_2' title="bbox 302 688 1727 797; baseline -0.002 -27"><span class='ocrx_word' id='word_1_4' title='bbox 302 719 410 770; x_wconf 88' lang='lat' dir='ltr'><strong>cruce</strong></span> <span class='ocrx_word' id='word_1_5' title='bbox 435 717 519 768; x_wconf 93' lang='lat' dir='ltr'><strong>cum</strong></span> <span class='ocrx_word' id='word_1_6' title='bbox 545 688 666 796; x_wconf 87' lang='lat' dir='ltr'><strong>effigie</strong></span> <span class='ocrx_word' id='word_1_7' title='bbox 693 690 809 769; x_wconf 90' lang='lat' dir='ltr'><strong>Jbesu</strong></span> <span class='ocrx_word' id='word_1_8' title='bbox 838 691 994 780; x_wconf 82' lang='lat' dir='ltr'><strong>Christi,</strong></span> <span class='ocrx_word' id='word_1_9' title='bbox 1022 691 1209 797; x_wconf 90' lang='lat' dir='ltr'><strong>recipiens</strong></span> <span class='ocrx_word' id='word_1_10' title='bbox 1232 691 1345 797; x_wconf 90' lang='lat' dir='ltr'><strong>peciit</strong></span> <span class='ocrx_word' id='word_1_11' title='bbox 1363 689 1411 767; x_wconf 94' lang='lat' dir='ltr'><strong>ab</strong></span> <span class='ocrx_word' id='word_1_12' title='bbox 1433 717 1478 768; x_wconf 88' lang='lat' dir='ltr'><strong>eo</strong></span> <span class='ocrx_word' id='word_1_13' title='bbox 1499 691 1530 766; x_wconf 91' lang='lat' dir='ltr'><strong>si</strong></span> <span class='ocrx_word' id='word_1_14' title='bbox 1551 690 1727 767; x_wconf 88' lang='lat' dir='ltr'><strong>credebat</strong></span> 
     </span>
     <span class='ocr_line' id='line_1_3' title="bbox 301 819 1726 928; baseline -0.004 -28"><span class='ocrx_word' id='word_1_15' title='bbox 301 822 405 928; x_wconf 87' lang='lat' dir='ltr'><strong>quod</strong></span> <span class='ocrx_word' id='word_1_16' title='bbox 417 837 514 898; x_wconf 84' lang='lat' dir='ltr'><strong>esset</strong></span> <span class='ocrx_word' id='word_1_17' title='bbox 524 819 834 900; x_wconf 87' lang='lat' dir='ltr'><strong>lbesustristns</strong></span> <span class='ocrx_word' id='word_1_18' title='bbox 845 821 1088 928; x_wconf 87' lang='lat' dir='ltr'><strong>cujusymago</strong></span> <span class='ocrx_word' id='word_1_19' title='bbox 1102 820 1155 898; x_wconf 92' lang='lat' dir='ltr'><strong>ibi</strong></span> <span class='ocrx_word' id='word_1_20' title='bbox 1169 839 1262 911; x_wconf 88' lang='lat' dir='ltr'><strong>erat,</strong></span> <span class='ocrx_word' id='word_1_21' title='bbox 1276 838 1314 898; x_wconf 92' lang='lat' dir='ltr'><strong>et</strong></span> <span class='ocrx_word' id='word_1_22' title='bbox 1324 821 1404 926; x_wconf 87' lang='lat' dir='ltr'><strong>ipse</strong></span> <span class='ocrx_word' id='word_1_23' title='bbox 1417 820 1666 926; x_wconf 90' lang='lat' dir='ltr'><strong>responditqu</strong></span> <span class='ocrx_word' id='word_1_24' title='bbox 1675 819 1726 896; x_wconf 94' lang='lat' dir='ltr'><strong>od</strong></span> 
     </span>
     <span class='ocr_line' id='line_1_4' title="bbox 301 949 1726 1057; baseline -0.002 -29"><span class='ocrx_word' id='word_1_25' title='bbox 301 952 371 1039; x_wconf 90' lang='lat' dir='ltr'><strong>sic,</strong></span> <span class='ocrx_word' id='word_1_26' title='bbox 398 968 436 1028; x_wconf 91' lang='lat' dir='ltr'><strong>et</strong></span> <span class='ocrx_word' id='word_1_27' title='bbox 457 968 547 1029; x_wconf 89' lang='lat' dir='ltr'><strong>tunc</strong></span> <span class='ocrx_word' id='word_1_28' title='bbox 570 949 672 1028; x_wconf 92' lang='lat' dir='ltr'><strong>idem</strong></span> <span class='ocrx_word' id='word_1_29' title='bbox 693 951 878 1057; x_wconf 89' lang='lat' dir='ltr'><strong>recipiens</strong></span> <span class='ocrx_word' id='word_1_30' title='bbox 902 951 1069 1057; x_wconf 83' lang='lat' dir='ltr'>precepit</span> <span class='ocrx_word' id='word_1_31' title='bbox 1093 951 1128 1027; x_wconf 88' lang='lat' dir='ltr'><strong>ei</strong></span> <span class='ocrx_word' id='word_1_32' title='bbox 1155 968 1192 1028; x_wconf 90' lang='lat' dir='ltr'><strong>et</strong></span> <span class='ocrx_word' id='word_1_33' title='bbox 1215 949 1389 1057; x_wconf 88' lang='lat' dir='ltr'><strong>injunxit,</strong></span> <span class='ocrx_word' id='word_1_34' title='bbox 1413 950 1451 1026; x_wconf 90' lang='lat' dir='ltr'><strong>in</strong></span> <span class='ocrx_word' id='word_1_35' title='bbox 1477 951 1612 1026; x_wconf 89' lang='lat' dir='ltr'><strong>virtute</strong></span> <span class='ocrx_word' id='word_1_36' title='bbox 1633 951 1726 1029; x_wconf 92' lang='lat' dir='ltr'><strong>obe·</strong></span> 
     </span>
     <span class='ocr_line' id='line_1_5' title="bbox 303 1065 1728 1188; baseline -0.001 -30"><span class='ocrx_word' id='word_1_37' title='bbox 303 1081 464 1169; x_wconf 72' lang='lat' dir='ltr'><strong>diende,</strong></span> <span class='ocrx_word' id='word_1_38' title='bbox 477 1079 583 1186; x_wconf 89' lang='lat' dir='ltr'><strong>quod</strong></span> <span class='ocrx_word' id='word_1_39' title='bbox 596 1079 795 1187; x_wconf 78' lang='lat' dir='ltr'><strong>abnegaret</strong></span> <span class='ocrx_word' id='word_1_40' title='bbox 807 1099 867 1159; x_wconf 90' lang='lat' dir='ltr'><strong>ter</strong></span> <span class='ocrx_word' id='word_1_41' title='bbox 879 1080 985 1158; x_wconf 91' lang='lat' dir='ltr'><strong>illum</strong></span> <span class='ocrx_word' id='word_1_42' title='bbox 1001 1065 1108 1188; x_wconf 84' lang='lat' dir='ltr'><strong>cujus</strong></span> <span class='ocrx_word' id='word_1_43' title='bbox 1121 1109 1255 1188; x_wconf 81' lang='lat' dir='ltr'><strong>ymago</strong></span> <span class='ocrx_word' id='word_1_44' title='bbox 1271 1099 1349 1159; x_wconf 90' lang='lat' dir='ltr'><strong>erat</strong></span> <span class='ocrx_word' id='word_1_45' title='bbox 1364 1081 1433 1169; x_wconf 89' lang='lat' dir='ltr'><strong>ibi,</strong></span> <span class='ocrx_word' id='word_1_46' title='bbox 1453 1097 1490 1158; x_wconf 88' lang='lat' dir='ltr'><strong>et</strong></span> <span class='ocrx_word' id='word_1_47' title='bbox 1503 1097 1561 1158; x_wconf 93' lang='lat' dir='ltr'><strong>ter</strong></span> <span class='ocrx_word' id='word_1_48' title='bbox 1575 1081 1728 1187; x_wconf 85' lang='lat' dir='ltr'><strong>spueret</strong></span> 
     </span>
     <span class='ocr_line' id='line_1_6' title="bbox 301 1208 1726 1318; baseline 0 -32"><span class='ocrx_word' id='word_1_49' title='bbox 301 1238 414 1316; x_wconf 90' lang='lat' dir='ltr'><strong>snpra</strong></span> <span class='ocrx_word' id='word_1_50' title='bbox 429 1237 527 1298; x_wconf 89' lang='lat' dir='ltr'><strong>eam,</strong></span> <span class='ocrx_word' id='word_1_51' title='bbox 550 1227 705 1316; x_wconf 91' lang='lat' dir='ltr'><strong>propter</strong></span> <span class='ocrx_word' id='word_1_52' title='bbox 724 1211 828 1316; x_wconf 87' lang='lat' dir='ltr'><strong>quod</strong></span> <span class='ocrx_word' id='word_1_53' title='bbox 848 1211 928 1318; x_wconf 88' lang='lat' dir='ltr'><strong>ipse</strong></span> <span class='ocrx_word' id='word_1_54' title='bbox 948 1209 1020 1288; x_wconf 82' lang='lat' dir='ltr'><strong>fuit</strong></span> <span class='ocrx_word' id='word_1_55' title='bbox 1039 1210 1201 1290; x_wconf 92' lang='lat' dir='ltr'><strong>multum</strong></span> <span class='ocrx_word' id='word_1_56' title='bbox 1220 1212 1390 1296; x_wconf 86' lang='lat' dir='ltr'><strong>territus,</strong></span> <span class='ocrx_word' id='word_1_57' title='bbox 1413 1227 1451 1286; x_wconf 90' lang='lat' dir='ltr'><strong>et</strong></span> <span class='ocrx_word' id='word_1_58' title='bbox 1468 1208 1629 1288; x_wconf 86' lang='lat' dir='ltr'><strong>finaliter</strong></span> <span class='ocrx_word' id='word_1_59' title='bbox 1648 1210 1726 1316; x_wconf 87' lang='lat' dir='ltr'><strong>ipsc</strong></span> 
     </span>
     <span class='ocr_line' id='line_1_7' title="bbox 302 1339 1728 1448; baseline -0.001 -31"><span class='ocrx_word' id='word_1_60' title='bbox 302 1368 382 1432; x_wconf 90' lang='lat' dir='ltr'><strong>cre,</strong></span> <span class='ocrx_word' id='word_1_61' title='bbox 406 1339 473 1418; x_wconf 93' lang='lat' dir='ltr'><strong>sed</strong></span> <span class='ocrx_word' id='word_1_62' title='bbox 498 1367 573 1417; x_wconf 92' lang='lat' dir='ltr'><strong>non</strong></span> <span class='ocrx_word' id='word_1_63' title='bbox 594 1340 723 1429; x_wconf 88' lang='lat' dir='ltr'><strong>corde,</strong></span> <span class='ocrx_word' id='word_1_64' title='bbox 745 1357 789 1418; x_wconf 90' lang='lat' dir='ltr'><strong>nt</strong></span> <span class='ocrx_word' id='word_1_65' title='bbox 809 1341 915 1430; x_wconf 88' lang='lat' dir='ltr'><strong>dicit,</strong></span> <span class='ocrx_word' id='word_1_66' title='bbox 936 1340 1129 1448; x_wconf 80' lang='lat' dir='ltr'><strong>abnegavit</strong></span> <span class='ocrx_word' id='word_1_67' title='bbox 1146 1357 1205 1418; x_wconf 89' lang='lat' dir='ltr'><strong>ter</strong></span> <span class='ocrx_word' id='word_1_68' title='bbox 1223 1341 1348 1447; x_wconf 88' lang='lat' dir='ltr'><strong>ipsum</strong></span> <span class='ocrx_word' id='word_1_69' title='bbox 1369 1341 1475 1446; x_wconf 87' lang='lat' dir='ltr'><strong>cujus</strong></span> <span class='ocrx_word' id='word_1_70' title='bbox 1495 1367 1628 1446; x_wconf 84' lang='lat' dir='ltr'><strong>ymago</strong></span> <span class='ocrx_word' id='word_1_71' title='bbox 1651 1358 1728 1418; x_wconf 88' lang='lat' dir='ltr'><strong>erat</strong></span> 
     </span>
     <span class='ocr_line' id='line_1_8' title="bbox 301 1469 1406 1577; baseline 0.001 -33"><span class='ocrx_word' id='word_1_72' title='bbox 301 1470 371 1557; x_wconf 91' lang='lat' dir='ltr'><strong>ibi,</strong></span> <span class='ocrx_word' id='word_1_73' title='bbox 395 1485 433 1546; x_wconf 88' lang='lat' dir='ltr'><strong>et</strong></span> <span class='ocrx_word' id='word_1_74' title='bbox 451 1487 509 1546; x_wconf 90' lang='lat' dir='ltr'><strong>ter</strong></span> <span class='ocrx_word' id='word_1_75' title='bbox 520 1469 621 1575; x_wconf 83' lang='lat' dir='ltr'><strong>spuit</strong></span> <span class='ocrx_word' id='word_1_76' title='bbox 635 1497 746 1574; x_wconf 89' lang='lat' dir='ltr'><strong>supra</strong></span> <span class='ocrx_word' id='word_1_77' title='bbox 763 1499 910 1548; x_wconf 89' lang='lat' dir='ltr'><strong>crucem</strong></span> <span class='ocrx_word' id='word_1_78' title='bbox 933 1488 970 1547; x_wconf 87' lang='lat' dir='ltr'><strong>et</strong></span> <span class='ocrx_word' id='word_1_79' title='bbox 983 1471 1193 1577; x_wconf 81' lang='lat' dir='ltr'><strong>ymaginem</strong></span> <span class='ocrx_word' id='word_1_80' title='bbox 1209 1469 1406 1576; x_wconf 88' lang='lat' dir='ltr'><strong>predictas.</strong></span> 
     </span>
    </p>

    <p class='ocr_par' dir='ltr' id='par_1_3' title="bbox 301 1598 1727 1837">
     <span class='ocr_line' id='line_1_9' title="bbox 357 1598 1727 1706; baseline 0 -32"><span class='ocrx_word' id='word_1_81' title='bbox 357 1601 450 1676; x_wconf 88' lang='lat' dir='ltr'><strong>ltem</strong></span> <span class='ocrx_word' id='word_1_82' title='bbox 465 1599 559 1676; x_wconf 83' lang='lat' dir='ltr'><strong>dixit</strong></span> <span class='ocrx_word' id='word_1_83' title='bbox 569 1627 638 1704; x_wconf 92' lang='lat' dir='ltr'><strong>per</strong></span> <span class='ocrx_word' id='word_1_84' title='bbox 650 1600 907 1705; x_wconf 87' lang='lat' dir='ltr'><strong>juramentum</strong></span> <span class='ocrx_word' id='word_1_85' title='bbox 927 1598 1032 1706; x_wconf 89' lang='lat' dir='ltr'><strong>quod</strong></span> <span class='ocrx_word' id='word_1_86' title='bbox 1050 1598 1239 1678; x_wconf 87' lang='lat' dir='ltr'><strong>osculatus</strong></span> <span class='ocrx_word' id='word_1_87' title='bbox 1258 1598 1329 1676; x_wconf 85' lang='lat' dir='ltr'><strong>fuit</strong></span> <span class='ocrx_word' id='word_1_88' title='bbox 1347 1599 1526 1676; x_wconf 90' lang='lat' dir='ltr'><strong>eumdem</strong></span> <span class='ocrx_word' id='word_1_89' title='bbox 1543 1598 1727 1704; x_wconf 89' lang='lat' dir='ltr'><strong>recipien-</strong></span> 
     </span>
     <span class='ocr_line' id='line_1_10' title="bbox 301 1729 1133 1837; baseline -0.001 -31"><span class='ocrx_word' id='word_1_90' title='bbox 301 1746 393 1816; x_wconf 88' lang='lat' dir='ltr'><strong>tem,</strong></span> <span class='ocrx_word' id='word_1_91' title='bbox 411 1729 459 1806; x_wconf 91' lang='lat' dir='ltr'><strong>de</strong></span> <span class='ocrx_word' id='word_1_92' title='bbox 476 1746 653 1834; x_wconf 93' lang='lat' dir='ltr'><strong>precepto</strong></span> <span class='ocrx_word' id='word_1_93' title='bbox 669 1730 860 1837; x_wconf 89' lang='lat' dir='ltr'><strong>ejusdem,</strong></span> <span class='ocrx_word' id='word_1_94' title='bbox 878 1731 917 1807; x_wconf 93' lang='lat' dir='ltr'><strong>in</strong></span> <span class='ocrx_word' id='word_1_95' title='bbox 941 1729 1133 1809; x_wconf 77' lang='lat' dir='ltr'><strong>umbilico</strong></span> 
     </span>
    </p>

    <p class='ocr_par' dir='ltr' id='par_1_4' title="bbox 301 1845 1729 2737">
     <span class='ocr_line' id='line_1_11' title="bbox 356 1845 1728 1966; baseline -0.001 -30"><span class='ocrx_word' id='word_1_96' title='bbox 356 1861 451 1936; x_wconf 87' lang='lat' dir='ltr'><strong>ltem</strong></span> <span class='ocrx_word' id='word_1_97' title='bbox 468 1858 561 1935; x_wconf 88' lang='lat' dir='ltr'><strong>dixit</strong></span> <span class='ocrx_word' id='word_1_98' title='bbox 569 1887 637 1965; x_wconf 92' lang='lat' dir='ltr'><strong>pcr</strong></span> <span class='ocrx_word' id='word_1_99' title='bbox 647 1861 904 1966; x_wconf 85' lang='lat' dir='ltr'><strong>juramentum</strong></span> <span class='ocrx_word' id='word_1_100' title='bbox 919 1887 1029 1938; x_wconf 91' lang='lat' dir='ltr'><strong>suum</strong></span> <span class='ocrx_word' id='word_1_101' title='bbox 1043 1859 1150 1965; x_wconf 93' lang='lat' dir='ltr'><strong>quod</strong></span> <span class='ocrx_word' id='word_1_102' title='bbox 1161 1861 1345 1965; x_wconf 89' lang='lat' dir='ltr'><strong>recipiens</strong></span> <span class='ocrx_word' id='word_1_103' title='bbox 1356 1859 1524 1965; x_wconf 82' lang='lat' dir='ltr'><strong>precepit</strong></span> <span class='ocrx_word' id='word_1_104' title='bbox 1536 1845 1607 1937; x_wconf 85' lang='lat' dir='ltr'><strong>sibi</strong></span> <span class='ocrx_word' id='word_1_105' title='bbox 1623 1859 1728 1964; x_wconf 91' lang='lat' dir='ltr'><strong>quod</strong></span> 
     </span>
     <span class='ocr_line' id='line_1_12' title="bbox 301 1988 1726 2100; baseline 0 -34"><span class='ocrx_word' id='word_1_106' title='bbox 301 1988 504 2066; x_wconf 75' lang='lat' dir='ltr'><strong>abstineret</strong></span> <span class='ocrx_word' id='word_1_107' title='bbox 531 2017 552 2063; x_wconf 90' lang='lat' dir='ltr'><strong>a</strong></span> <span class='ocrx_word' id='word_1_108' title='bbox 575 1988 813 2077; x_wconf 87' lang='lat' dir='ltr'><strong>mulieribus,</strong></span> <span class='ocrx_word' id='word_1_109' title='bbox 841 2005 880 2066; x_wconf 89' lang='lat' dir='ltr'><strong>et</strong></span> <span class='ocrx_word' id='word_1_110' title='bbox 908 1989 1069 2100; x_wconf 79' lang='lat' dir='ltr'><strong>quodsi</strong></span> <span class='ocrx_word' id='word_1_111' title='bbox 1097 1988 1197 2066; x_wconf 88' lang='lat' dir='ltr'><strong>calor</strong></span> <span class='ocrx_word' id='word_1_112' title='bbox 1222 1989 1399 2067; x_wconf 90' lang='lat' dir='ltr'><strong>naturalis</strong></span> <span class='ocrx_word' id='word_1_113' title='bbox 1424 2007 1591 2068; x_wconf 88' lang='lat' dir='ltr'><strong>moveret</strong></span> <span class='ocrx_word' id='word_1_114' title='bbox 1618 2016 1726 2076; x_wconf 89' lang='lat' dir='ltr'><strong>eum,</strong></span> 
     </span>
     <span class='ocr_line' id='line_1_13' title="bbox 301 2117 1729 2225; baseline -0.001 -29"><span class='ocrx_word' id='word_1_115' title='bbox 301 2118 404 2225; x_wconf 83' lang='lat' dir='ltr'><strong>quod</strong></span> <span class='ocrx_word' id='word_1_116' title='bbox 427 2117 582 2196; x_wconf 89' lang='lat' dir='ltr'><strong>baberet</strong></span> <span class='ocrx_word' id='word_1_117' title='bbox 605 2147 687 2198; x_wconf 90' lang='lat' dir='ltr'><strong>rem</strong></span> <span class='ocrx_word' id='word_1_118' title='bbox 709 2119 905 2196; x_wconf 83' lang='lat' dir='ltr'><strong>carnaliter</strong></span> <span class='ocrx_word' id='word_1_119' title='bbox 931 2145 1018 2196; x_wconf 90' lang='lat' dir='ltr'><strong>cum</strong></span> <span class='ocrx_word' id='word_1_120' title='bbox 1037 2117 1214 2196; x_wconf 81' lang='lat' dir='ltr'><strong>fratribus</strong></span> <span class='ocrx_word' id='word_1_121' title='bbox 1228 2119 1323 2207; x_wconf 86' lang='lat' dir='ltr'><strong>suis,</strong></span> <span class='ocrx_word' id='word_1_122' title='bbox 1345 2136 1383 2196; x_wconf 90' lang='lat' dir='ltr'><strong>et</strong></span> <span class='ocrx_word' id='word_1_123' title='bbox 1402 2117 1574 2196; x_wconf 87' lang='lat' dir='ltr'><strong>similiter</strong></span> <span class='ocrx_word' id='word_1_124' title='bbox 1597 2146 1661 2196; x_wconf 90' lang='lat' dir='ltr'><strong>eos</strong></span> <span class='ocrx_word' id='word_1_125' title='bbox 1681 2119 1729 2194; x_wconf 89' lang='lat' dir='ltr'><strong>ad</strong></span> 
     </span>
     <span class='ocr_line' id='line_1_14' title="bbox 302 2245 1729 2354; baseline -0.001 -28"><span class='ocrx_word' id='word_1_126' title='bbox 302 2245 540 2326; x_wconf 79' lang='lat' dir='ltr'><strong>concubitum</strong></span> <span class='ocrx_word' id='word_1_127' title='bbox 561 2247 787 2326; x_wconf 88' lang='lat' dir='ltr'><strong>admitteret.</strong></span> <span class='ocrx_word' id='word_1_128' title='bbox 810 2247 887 2326; x_wconf 88' lang='lat' dir='ltr'><strong>Sed</strong></span> <span class='ocrx_word' id='word_1_129' title='bbox 905 2248 985 2354; x_wconf 87' lang='lat' dir='ltr'><strong>ipse</strong></span> <span class='ocrx_word' id='word_1_130' title='bbox 1001 2275 1192 2354; x_wconf 89' lang='lat' dir='ltr'><strong>nunquam</strong></span> <span class='ocrx_word' id='word_1_131' title='bbox 1207 2246 1312 2335; x_wconf 87' lang='lat' dir='ltr'><strong>lecit,</strong></span> <span class='ocrx_word' id='word_1_132' title='bbox 1334 2264 1377 2327; x_wconf 93' lang='lat' dir='ltr'><strong>ut</strong></span> <span class='ocrx_word' id='word_1_133' title='bbox 1396 2249 1505 2336; x_wconf 92' lang='lat' dir='ltr'><strong>dicit,</strong></span> <span class='ocrx_word' id='word_1_134' title='bbox 1527 2277 1597 2324; x_wconf 91' lang='lat' dir='ltr'><strong>nec</strong></span> <span class='ocrx_word' id='word_1_135' title='bbox 1616 2277 1729 2354; x_wconf 90' lang='lat' dir='ltr'><strong>super</strong></span> 
     </span>
     <span class='ocr_line' id='line_1_15' title="bbox 302 2375 1729 2483; baseline 0.003 -33"><span class='ocrx_word' id='word_1_136' title='bbox 302 2377 375 2454; x_wconf 94' lang='lat' dir='ltr'><strong>boc</strong></span> <span class='ocrx_word' id='word_1_137' title='bbox 395 2376 514 2452; x_wconf 89' lang='lat' dir='ltr'><strong>extitit</strong></span> <span class='ocrx_word' id='word_1_138' title='bbox 530 2377 744 2480; x_wconf 89' lang='lat' dir='ltr'><strong>requisitus.</strong></span> <span class='ocrx_word' id='word_1_139' title='bbox 761 2377 898 2453; x_wconf 89' lang='lat' dir='ltr'><strong>Dicens</strong></span> <span class='ocrx_word' id='word_1_140' title='bbox 918 2376 1021 2483; x_wconf 92' lang='lat' dir='ltr'><strong>quod</strong></span> <span class='ocrx_word' id='word_1_141' title='bbox 1041 2375 1263 2454; x_wconf 85' lang='lat' dir='ltr'><strong>multociens</strong></span> <span class='ocrx_word' id='word_1_142' title='bbox 1283 2375 1353 2453; x_wconf 84' lang='lat' dir='ltr'><strong>fuit</strong></span> <span class='ocrx_word' id='word_1_143' title='bbox 1368 2376 1438 2454; x_wconf 91' lang='lat' dir='ltr'><strong>sibi</strong></span> <span class='ocrx_word' id='word_1_144' title='bbox 1454 2393 1675 2482; x_wconf 88' lang='lat' dir='ltr'><strong>preceptum</strong></span> <span class='ocrx_word' id='word_1_145' title='bbox 1692 2394 1729 2454; x_wconf 88' lang='lat' dir='ltr'><strong>et</strong></span> 
     </span>
     <span class='ocr_line' id='line_1_16' title="bbox 301 2503 1729 2612; baseline 0.004 -34"><span class='ocrx_word' id='word_1_146' title='bbox 301 2503 507 2582; x_wconf 88' lang='lat' dir='ltr'><strong>inhibitum</strong></span> <span class='ocrx_word' id='word_1_147' title='bbox 526 2504 573 2582; x_wconf 84' lang='lat' dir='ltr'><strong>ab</strong></span> <span class='ocrx_word' id='word_1_148' title='bbox 592 2503 659 2582; x_wconf 91' lang='lat' dir='ltr'><strong>illo</strong></span> <span class='ocrx_word' id='word_1_149' title='bbox 678 2505 743 2610; x_wconf 91' lang='lat' dir='ltr'><strong>qui</strong></span> <span class='ocrx_word' id='word_1_150' title='bbox 762 2504 915 2582; x_wconf 88' lang='lat' dir='ltr'><strong>tenebat</strong></span> <span class='ocrx_word' id='word_1_151' title='bbox 934 2504 1138 2612; x_wconf 88' lang='lat' dir='ltr'><strong>capitulum</strong></span> <span class='ocrx_word' id='word_1_152' title='bbox 1160 2506 1265 2612; x_wconf 88' lang='lat' dir='ltr'><strong>quod</strong></span> <span class='ocrx_word' id='word_1_153' title='bbox 1286 2505 1391 2584; x_wconf 89' lang='lat' dir='ltr'><strong>nullo</strong></span> <span class='ocrx_word' id='word_1_154' title='bbox 1411 2507 1528 2585; x_wconf 90' lang='lat' dir='ltr'><strong>modo</strong></span> <span class='ocrx_word' id='word_1_155' title='bbox 1548 2507 1729 2584; x_wconf 86' lang='lat' dir='ltr'><strong>revelaret</strong></span> 
     </span>
     <span class='ocr_line' id='line_1_17' title="bbox 301 2633 792 2737; baseline 0.002 -28"><span class='ocrx_word' id='word_1_156' title='bbox 301 2633 467 2737; x_wconf 90' lang='lat' dir='ltr'><strong>predicta</strong></span> <span class='ocrx_word' id='word_1_157' title='bbox 482 2649 622 2710; x_wconf 90' lang='lat' dir='ltr'><strong>secreta</strong></span> <span class='ocrx_word' id='word_1_158' title='bbox 636 2633 792 2710; x_wconf 85' lang='lat' dir='ltr'><strong>ordinis.</strong></span> 
     </span>
    </p>

    <p class='ocr_par' dir='ltr' id='par_1_5' title="bbox 296 2762 1731 3262">
     <span class='ocr_line' id='line_1_18' title="bbox 357 2762 1728 2870; baseline 0.003 -30"><span class='ocrx_word' id='word_1_159' title='bbox 357 2765 453 2840; x_wconf 90' lang='lat' dir='ltr'><strong>ltem</strong></span> <span class='ocrx_word' id='word_1_160' title='bbox 478 2762 570 2840; x_wconf 81' lang='lat' dir='ltr'><strong>dixit</strong></span> <span class='ocrx_word' id='word_1_161' title='bbox 593 2791 662 2868; x_wconf 92' lang='lat' dir='ltr'><strong>per</strong></span> <span class='ocrx_word' id='word_1_162' title='bbox 687 2765 945 2870; x_wconf 89' lang='lat' dir='ltr'><strong>juramentum</strong></span> <span class='ocrx_word' id='word_1_163' title='bbox 962 2791 1075 2841; x_wconf 89' lang='lat' dir='ltr'><strong>snum</strong></span> <span class='ocrx_word' id='word_1_164' title='bbox 1094 2763 1200 2868; x_wconf 89' lang='lat' dir='ltr'><strong>quod</strong></span> <span class='ocrx_word' id='word_1_165' title='bbox 1217 2763 1310 2854; x_wconf 81' lang='lat' dir='ltr'><strong>vidit</strong></span> <span class='ocrx_word' id='word_1_166' title='bbox 1331 2766 1446 2870; x_wconf 90' lang='lat' dir='ltr'><strong>recipi</strong></span> <span class='ocrx_word' id='word_1_167' title='bbox 1475 2766 1587 2842; x_wconf 86' lang='lat' dir='ltr'><strong>simili</strong></span> <span class='ocrx_word' id='word_1_168' title='bbox 1613 2768 1728 2844; x_wconf 91' lang='lat' dir='ltr'><strong>modo</strong></span> 
     </span>
     <span class='ocr_line' id='line_1_19' title="bbox 302 2892 1728 3004; baseline 0.002 -35"><span class='ocrx_word' id='word_1_169' title='bbox 302 2892 455 2970; x_wconf 86' lang='lat' dir='ltr'><strong>fratrem</strong></span> <span class='ocrx_word' id='word_1_170' title='bbox 466 2893 635 2984; x_wconf 86' lang='lat' dir='ltr'><strong>Petrum,</strong></span> <span class='ocrx_word' id='word_1_171' title='bbox 646 2911 775 2970; x_wconf 89' lang='lat' dir='ltr'><strong>natum</strong></span> <span class='ocrx_word' id='word_1_172' title='bbox 789 2921 907 3000; x_wconf 93' lang='lat' dir='ltr'><strong>prope</strong></span> <span class='ocrx_word' id='word_1_173' title='bbox 920 2895 1133 2982; x_wconf 87' lang='lat' dir='ltr'><strong>Yvriacum,</strong></span> <span class='ocrx_word' id='word_1_174' title='bbox 1148 2895 1348 3001; x_wconf 88' lang='lat' dir='ltr'><strong>agricolam</strong></span> <span class='ocrx_word' id='word_1_175' title='bbox 1365 2895 1500 2974; x_wconf 91' lang='lat' dir='ltr'><strong>domus</strong></span> <span class='ocrx_word' id='word_1_176' title='bbox 1511 2896 1558 2973; x_wconf 93' lang='lat' dir='ltr'><strong>de</strong></span> <span class='ocrx_word' id='word_1_177' title='bbox 1571 2896 1728 3004; x_wconf 89' lang='lat' dir='ltr'><strong>Orengi,</strong></span> 
     </span>
     <span class='ocr_line' id='line_1_20' title="bbox 302 3023 1731 3132; baseline 0.003 -32"><span class='ocrx_word' id='word_1_178' title='bbox 302 3040 340 3100; x_wconf 88' lang='lat' dir='ltr'><strong>et</strong></span> <span class='ocrx_word' id='word_1_179' title='bbox 361 3023 513 3101; x_wconf 81' lang='lat' dir='ltr'><strong>fratrem</strong></span> <span class='ocrx_word' id='word_1_180' title='bbox 537 3024 746 3104; x_wconf 86' lang='lat' dir='ltr'><strong>lohannem</strong></span> <span class='ocrx_word' id='word_1_181' title='bbox 769 3024 850 3132; x_wconf 89' lang='lat' dir='ltr'><strong>ejus</strong></span> <span class='ocrx_word' id='word_1_182' title='bbox 872 3023 1026 3104; x_wconf 84' lang='lat' dir='ltr'><strong>fratrem</strong></span> <span class='ocrx_word' id='word_1_183' title='bbox 1052 3041 1262 3103; x_wconf 89' lang='lat' dir='ltr'><strong>morantem</strong></span> <span class='ocrx_word' id='word_1_184' title='bbox 1286 3025 1326 3102; x_wconf 89' lang='lat' dir='ltr'><strong>in</strong></span> <span class='ocrx_word' id='word_1_185' title='bbox 1352 3026 1468 3104; x_wconf 91' lang='lat' dir='ltr'><strong>domo</strong></span> <span class='ocrx_word' id='word_1_186' title='bbox 1494 3028 1541 3104; x_wconf 91' lang='lat' dir='ltr'><strong>de</strong></span> <span class='ocrx_word' id='word_1_187' title='bbox 1566 3026 1731 3105; x_wconf 87' lang='lat' dir='ltr'><strong>Puteolis</strong></span> 
     </span>
     <span class='ocr_line' id='line_1_21' title="bbox 296 3153 1322 3262; baseline 0.002 -31"><span class='ocrx_word' id='word_1_188' title='bbox 296 3155 401 3260; x_wconf 85' lang='lat' dir='ltr'><strong>juxta</strong></span> <span class='ocrx_word' id='word_1_189' title='bbox 420 3157 597 3260; x_wconf 88' lang='lat' dir='ltr'><strong>Luparas,</strong></span> <span class='ocrx_word' id='word_1_190' title='bbox 622 3172 660 3231; x_wconf 92' lang='lat' dir='ltr'><strong>et</strong></span> <span class='ocrx_word' id='word_1_191' title='bbox 675 3153 859 3260; x_wconf 87' lang='lat' dir='ltr'><strong>abnegare</strong></span> <span class='ocrx_word' id='word_1_192' title='bbox 880 3172 918 3234; x_wconf 93' lang='lat' dir='ltr'><strong>et</strong></span> <span class='ocrx_word' id='word_1_193' title='bbox 933 3183 1070 3262; x_wconf 88' lang='lat' dir='ltr'><strong>spuere</strong></span> <span class='ocrx_word' id='word_1_194' title='bbox 1086 3155 1183 3232; x_wconf 86' lang='lat' dir='ltr'><strong>sicut</strong></span> <span class='ocrx_word' id='word_1_195' title='bbox 1200 3165 1322 3262; x_wconf 84' lang='lat' dir='ltr'><strong>supra.</strong></span> 
     </span>
    </p>

    <p class='ocr_par' dir='ltr' id='par_1_6' title="bbox 301 3285 1732 4823">
     <span class='ocr_line' id='line_1_22' title="bbox 357 3285 1732 3395; baseline 0.001 -34"><span class='ocrx_word' id='word_1_196' title='bbox 357 3288 450 3364; x_wconf 87' lang='lat' dir='ltr'><strong>ltcm</strong></span> <span class='ocrx_word' id='word_1_197' title='bbox 468 3285 575 3375; x_wconf 84' lang='lat' dir='ltr'><strong>dixit,</strong></span> <span class='ocrx_word' id='word_1_198' title='bbox 597 3312 666 3391; x_wconf 91' lang='lat' dir='ltr'><strong>per</strong></span> <span class='ocrx_word' id='word_1_199' title='bbox 678 3285 937 3390; x_wconf 86' lang='lat' dir='ltr'><strong>juramentum</strong></span> <span class='ocrx_word' id='word_1_200' title='bbox 957 3313 1070 3362; x_wconf 85' lang='lat' dir='ltr'><strong>suum</strong></span> <span class='ocrx_word' id='word_1_201' title='bbox 1091 3285 1137 3362; x_wconf 88' lang='lat' dir='ltr'><strong>ab</strong></span> <span class='ocrx_word' id='word_1_202' title='bbox 1158 3313 1204 3363; x_wconf 92' lang='lat' dir='ltr'><strong>eo</strong></span> <span class='ocrx_word' id='word_1_203' title='bbox 1222 3313 1335 3391; x_wconf 87' lang='lat' dir='ltr'><strong>super</strong></span> <span class='ocrx_word' id='word_1_204' title='bbox 1356 3286 1428 3364; x_wconf 92' lang='lat' dir='ltr'><strong>boc</strong></span> <span class='ocrx_word' id='word_1_205' title='bbox 1442 3287 1579 3364; x_wconf 88' lang='lat' dir='ltr'><strong>iterum</strong></span> <span class='ocrx_word' id='word_1_206' title='bbox 1600 3289 1732 3395; x_wconf 88' lang='lat' dir='ltr'><strong>presti-</strong></span> 
     </span>
     <span class='ocr_line' id='line_1_23' title="bbox 301 3407 1732 3522; baseline 0.002 -30"><span class='ocrx_word' id='word_1_207' title='bbox 301 3432 399 3507; x_wconf 88' lang='lat' dir='ltr'><strong>tum,</strong></span> <span class='ocrx_word' id='word_1_208' title='bbox 412 3415 516 3522; x_wconf 85' lang='lat' dir='ltr'><strong>quod</strong></span> <span class='ocrx_word' id='word_1_209' title='bbox 530 3416 584 3503; x_wconf 85' lang='lat' dir='ltr'><strong>vi,</strong></span> <span class='ocrx_word' id='word_1_210' title='bbox 601 3413 659 3492; x_wconf 89' lang='lat' dir='ltr'><strong>vel</strong></span> <span class='ocrx_word' id='word_1_211' title='bbox 672 3431 778 3492; x_wconf 89' lang='lat' dir='ltr'><strong>metu</strong></span> <span class='ocrx_word' id='word_1_212' title='bbox 794 3413 951 3492; x_wconf 87' lang='lat' dir='ltr'><strong>carceris</strong></span> <span class='ocrx_word' id='word_1_213' title='bbox 965 3431 1030 3493; x_wconf 91' lang='lat' dir='ltr'><strong>aut</strong></span> <span class='ocrx_word' id='word_1_214' title='bbox 1044 3407 1240 3505; x_wconf 85' lang='lat' dir='ltr'><strong>tormenti,</strong></span> <span class='ocrx_word' id='word_1_215' title='bbox 1255 3443 1324 3492; x_wconf 93' lang='lat' dir='ltr'><strong>seu</strong></span> <span class='ocrx_word' id='word_1_216' title='bbox 1333 3415 1537 3508; x_wconf 76' lang='lat' dir='ltr'><strong>diocense,</strong></span> <span class='ocrx_word' id='word_1_217' title='bbox 1552 3444 1628 3494; x_wconf 90' lang='lat' dir='ltr'><strong>non</strong></span> <span class='ocrx_word' id='word_1_218' title='bbox 1640 3418 1732 3496; x_wconf 82' lang='lat' dir='ltr'><strong>dixit</strong></span> 
     </span>
     <span class='ocr_line' id='line_1_24' title="bbox 302 3543 1727 3652; baseline 0.003 -32"><span class='ocrx_word' id='word_1_219' title='bbox 302 3543 404 3622; x_wconf 90' lang='lat' dir='ltr'><strong>aliud</strong></span> <span class='ocrx_word' id='word_1_220' title='bbox 430 3572 542 3650; x_wconf 90' lang='lat' dir='ltr'><strong>quam</strong></span> <span class='ocrx_word' id='word_1_221' title='bbox 563 3544 771 3632; x_wconf 88' lang='lat' dir='ltr'><strong>veritatem,</strong></span> <span class='ocrx_word' id='word_1_222' title='bbox 794 3571 865 3622; x_wconf 90' lang='lat' dir='ltr'><strong>nec</strong></span> <span class='ocrx_word' id='word_1_223' title='bbox 888 3543 1078 3650; x_wconf 89' lang='lat' dir='ltr'><strong>premissis</strong></span> <span class='ocrx_word' id='word_1_224' title='bbox 1103 3543 1306 3622; x_wconf 89' lang='lat' dir='ltr'><strong>immiscuit</strong></span> <span class='ocrx_word' id='word_1_225' title='bbox 1328 3545 1489 3652; x_wconf 87' lang='lat' dir='ltr'><strong>aliquam</strong></span> <span class='ocrx_word' id='word_1_226' title='bbox 1514 3545 1727 3636; x_wconf 81' lang='lat' dir='ltr'><strong>falsitatem,</strong></span> 
     </span>
     <span class='ocr_line' id='line_1_25' title="bbox 302 3675 1730 3782; baseline 0.001 -30"><span class='ocrx_word' id='word_1_227' title='bbox 302 3693 339 3753; x_wconf 89' lang='lat' dir='ltr'><strong>et</strong></span> <span class='ocrx_word' id='word_1_228' title='bbox 363 3675 468 3781; x_wconf 91' lang='lat' dir='ltr'><strong>quod</strong></span> <span class='ocrx_word' id='word_1_229' title='bbox 495 3703 628 3782; x_wconf 89' lang='lat' dir='ltr'><strong>puram</strong></span> <span class='ocrx_word' id='word_1_230' title='bbox 649 3675 843 3754; x_wconf 87' lang='lat' dir='ltr'><strong>veritatem</strong></span> <span class='ocrx_word' id='word_1_231' title='bbox 869 3675 962 3755; x_wconf 83' lang='lat' dir='ltr'><strong>dixit</strong></span> <span class='ocrx_word' id='word_1_232' title='bbox 984 3703 1054 3782; x_wconf 93' lang='lat' dir='ltr'><strong>pro</strong></span> <span class='ocrx_word' id='word_1_233' title='bbox 1075 3675 1192 3754; x_wconf 89' lang='lat' dir='ltr'><strong>salute</strong></span> <span class='ocrx_word' id='word_1_234' title='bbox 1217 3675 1339 3754; x_wconf 90' lang='lat' dir='ltr'><strong>anime</strong></span> <span class='ocrx_word' id='word_1_235' title='bbox 1363 3705 1443 3755; x_wconf 88' lang='lat' dir='ltr'><strong>sue.</strong></span> <span class='ocrx_word' id='word_1_236' title='bbox 1469 3679 1579 3754; x_wconf 89' lang='lat' dir='ltr'><strong>Facte</strong></span> <span class='ocrx_word' id='word_1_237' title='bbox 1604 3694 1730 3754; x_wconf 89' lang='lat' dir='ltr'><strong>autem</strong></span> 
     </span>
     <span class='ocr_line' id='line_1_26' title="bbox 301 3805 1730 3914; baseline 0 -30"><span class='ocrx_word' id='word_1_238' title='bbox 301 3805 453 3884; x_wconf 85' lang='lat' dir='ltr'><strong>fuerunt</strong></span> <span class='ocrx_word' id='word_1_239' title='bbox 477 3805 729 3884; x_wconf 76' lang='lat' dir='ltr'><strong>confessiones</strong></span> <span class='ocrx_word' id='word_1_240' title='bbox 755 3823 792 3884; x_wconf 93' lang='lat' dir='ltr'><strong>et</strong></span> <span class='ocrx_word' id='word_1_241' title='bbox 817 3805 1077 3912; x_wconf 89' lang='lat' dir='ltr'><strong>deposiciones</strong></span> <span class='ocrx_word' id='word_1_242' title='bbox 1091 3805 1171 3905; x_wconf 18' lang='lat' dir='ltr'><strong>,bec</strong></span> <span class='ocrx_word' id='word_1_243' title='bbox 1194 3835 1215 3882; x_wconf 91' lang='lat' dir='ltr'><strong>a</strong></span> <span class='ocrx_word' id='word_1_244' title='bbox 1236 3806 1345 3884; x_wconf 89' lang='lat' dir='ltr'><strong>dictis</strong></span> <span class='ocrx_word' id='word_1_245' title='bbox 1364 3807 1531 3914; x_wconf 81' lang='lat' dir='ltr'><strong>‹prinque</strong></span> <span class='ocrx_word' id='word_1_246' title='bbox 1555 3807 1730 3885; x_wconf 79' lang='lat' dir='ltr'><strong>fratribus</strong></span> 
     </span>
     <span class='ocr_line' id='line_1_27' title="bbox 301 3936 1729 4046; baseline 0.001 -34"><span class='ocrx_word' id='word_1_247' title='bbox 301 3936 518 4014; x_wconf 87' lang='lat' dir='ltr'><strong>immediate</strong></span> <span class='ocrx_word' id='word_1_248' title='bbox 541 3936 830 4042; x_wconf 86' lang='lat' dir='ltr'><strong>precedentibus</strong></span> <span class='ocrx_word' id='word_1_249' title='bbox 849 3937 1101 4044; x_wconf 87' lang='lat' dir='ltr'><strong>singulariter,</strong></span> <span class='ocrx_word' id='word_1_250' title='bbox 1122 3954 1165 4014; x_wconf 90' lang='lat' dir='ltr'><strong>ut</strong></span> <span class='ocrx_word' id='word_1_251' title='bbox 1181 3937 1422 4042; x_wconf 88' lang='lat' dir='ltr'><strong>premittitur,</strong></span> <span class='ocrx_word' id='word_1_252' title='bbox 1440 3938 1665 4046; x_wconf 86' lang='lat' dir='ltr'><strong>juramentis</strong></span> <span class='ocrx_word' id='word_1_253' title='bbox 1683 3937 1729 4013; x_wconf 90' lang='lat' dir='ltr'><strong>ab</strong></span> 
     </span>
     <span class='ocr_line' id='line_1_28' title="bbox 302 4067 1727 4174; baseline 0.001 -31"><span class='ocrx_word' id='word_1_254' title='bbox 302 4067 468 4172; x_wconf 88' lang='lat' dir='ltr'><strong>ipsorum</strong></span> <span class='ocrx_word' id='word_1_255' title='bbox 480 4067 650 4173; x_wconf 91' lang='lat' dir='ltr'><strong>quolibet</strong></span> <span class='ocrx_word' id='word_1_256' title='bbox 663 4085 706 4144; x_wconf 92' lang='lat' dir='ltr'><strong>ut</strong></span> <span class='ocrx_word' id='word_1_257' title='bbox 720 4095 831 4174; x_wconf 89' lang='lat' dir='ltr'><strong>supra</strong></span> <span class='ocrx_word' id='word_1_258' title='bbox 844 4067 982 4146; x_wconf 91' lang='lat' dir='ltr'><strong>dicitur</strong></span> <span class='ocrx_word' id='word_1_259' title='bbox 992 4067 1173 4174; x_wconf 88' lang='lat' dir='ltr'><strong>prestitis,</strong></span> <span class='ocrx_word' id='word_1_260' title='bbox 1188 4067 1227 4144; x_wconf 93' lang='lat' dir='ltr'><strong>in</strong></span> <span class='ocrx_word' id='word_1_261' title='bbox 1242 4071 1432 4173; x_wconf 89' lang='lat' dir='ltr'><strong>presencia</strong></span> <span class='ocrx_word' id='word_1_262' title='bbox 1447 4069 1536 4146; x_wconf 87' lang='lat' dir='ltr'><strong>dicti</strong></span> <span class='ocrx_word' id='word_1_263' title='bbox 1548 4068 1670 4146; x_wconf 80' lang='lat' dir='ltr'><strong>fratris</strong></span> <span class='ocrx_word' id='word_1_264' title='bbox 1684 4071 1727 4146; x_wconf 93' lang='lat' dir='ltr'><strong>N.</strong></span> 
     </span>
     <span class='ocr_line' id='line_1_29' title="bbox 302 4196 1730 4304; baseline 0.001 -32"><span class='ocrx_word' id='word_1_265' title='bbox 302 4197 542 4274; x_wconf 87' lang='lat' dir='ltr'><strong>commissarii</strong></span> <span class='ocrx_word' id='word_1_266' title='bbox 566 4197 725 4304; x_wconf 87' lang='lat' dir='ltr'><strong>predicti</strong></span> <span class='ocrx_word' id='word_1_267' title='bbox 753 4197 897 4276; x_wconf 90' lang='lat' dir='ltr'><strong>domini</strong></span> <span class='ocrx_word' id='word_1_268' title='bbox 927 4197 1160 4304; x_wconf 90' lang='lat' dir='ltr'><strong>inquisitoris</strong></span> <span class='ocrx_word' id='word_1_269' title='bbox 1184 4196 1333 4303; x_wconf 83' lang='lat' dir='ltr'><strong>prefati,</strong></span> <span class='ocrx_word' id='word_1_270' title='bbox 1359 4197 1459 4286; x_wconf 89' lang='lat' dir='ltr'><strong>loco,</strong></span> <span class='ocrx_word' id='word_1_271' title='bbox 1488 4226 1604 4288; x_wconf 89' lang='lat' dir='ltr'><strong>anno,</strong></span> <span class='ocrx_word' id='word_1_272' title='bbox 1631 4199 1730 4274; x_wconf 91' lang='lat' dir='ltr'><strong>indi·</strong></span> 
     </span>
     <span class='ocr_line' id='line_1_30' title="bbox 302 4325 1730 4436; baseline 0.002 -35"><span class='ocrx_word' id='word_1_273' title='bbox 302 4325 427 4416; x_wconf 88' lang='lat' dir='ltr'><strong>cione,</strong></span> <span class='ocrx_word' id='word_1_274' title='bbox 449 4325 686 4432; x_wconf 88' lang='lat' dir='ltr'><strong>pontificatu,</strong></span> <span class='ocrx_word' id='word_1_275' title='bbox 711 4355 808 4405; x_wconf 91' lang='lat' dir='ltr'><strong>anno</strong></span> <span class='ocrx_word' id='word_1_276' title='bbox 829 4345 868 4405; x_wconf 87' lang='lat' dir='ltr'><strong>et</strong></span> <span class='ocrx_word' id='word_1_277' title='bbox 893 4327 956 4404; x_wconf 90' lang='lat' dir='ltr'><strong>die</strong></span> <span class='ocrx_word' id='word_1_278' title='bbox 976 4327 1170 4433; x_wconf 89' lang='lat' dir='ltr'><strong>predictis,</strong></span> <span class='ocrx_word' id='word_1_279' title='bbox 1198 4327 1435 4434; x_wconf 90' lang='lat' dir='ltr'><strong>presentibus</strong></span> <span class='ocrx_word' id='word_1_280' title='bbox 1449 4327 1631 4436; x_wconf 85' lang='lat' dir='ltr'><strong>religiosis</strong></span> <span class='ocrx_word' id='word_1_281' title='bbox 1642 4328 1730 4404; x_wconf 86' lang='lat' dir='ltr'><strong>viris</strong></span> 
     </span>
     <span class='ocr_line' id='line_1_31' title="bbox 301 4453 1731 4564; baseline 0.002 -32"><span class='ocrx_word' id='word_1_282' title='bbox 301 4453 478 4535; x_wconf 87' lang='lat' dir='ltr'><strong>fratribus</strong></span> <span class='ocrx_word' id='word_1_283' title='bbox 494 4457 717 4564; x_wconf 84' lang='lat' dir='ltr'><strong>Raymundo</strong></span> <span class='ocrx_word' id='word_1_284' title='bbox 737 4458 785 4534; x_wconf 89' lang='lat' dir='ltr'><strong>de</strong></span> <span class='ocrx_word' id='word_1_285' title='bbox 805 4457 973 4535; x_wconf 88' lang='lat' dir='ltr'><strong>Tholoaa</strong></span> <span class='ocrx_word' id='word_1_286' title='bbox 993 4471 1031 4534; x_wconf 88' lang='lat' dir='ltr'><strong>ct</strong></span> <span class='ocrx_word' id='word_1_287' title='bbox 1050 4457 1211 4563; x_wconf 85' lang='lat' dir='ltr'><strong>Rogerio</strong></span> <span class='ocrx_word' id='word_1_288' title='bbox 1230 4456 1277 4534; x_wconf 94' lang='lat' dir='ltr'><strong>de</strong></span> <span class='ocrx_word' id='word_1_289' title='bbox 1297 4457 1432 4563; x_wconf 90' lang='lat' dir='ltr'><strong>Apulia</strong></span> <span class='ocrx_word' id='word_1_290' title='bbox 1460 4458 1603 4536; x_wconf 88' lang='lat' dir='ltr'><strong>ordinis</strong></span> <span class='ocrx_word' id='word_1_291' title='bbox 1620 4459 1731 4535; x_wconf 88' lang='lat' dir='ltr'><strong>Herc·</strong></span> 
     </span>
     <span class='ocr_line' id='line_1_32' title="bbox 302 4587 1731 4696; baseline 0.001 -34"><span class='ocrx_word' id='word_1_292' title='bbox 302 4587 479 4666; x_wconf 73' lang='lat' dir='ltr'><strong>micarum</strong></span> <span class='ocrx_word' id='word_1_293' title='bbox 506 4589 630 4668; x_wconf 90' lang='lat' dir='ltr'><strong>Sancti</strong></span> <span class='ocrx_word' id='word_1_294' title='bbox 658 4587 876 4696; x_wconf 79' lang='lat' dir='ltr'><strong>Augustini,</strong></span> <span class='ocrx_word' id='word_1_295' title='bbox 904 4605 943 4664; x_wconf 90' lang='lat' dir='ltr'><strong>ct</strong></span> <span class='ocrx_word' id='word_1_296' title='bbox 967 4587 1124 4666; x_wconf 91' lang='lat' dir='ltr'><strong>domino</strong></span> <span class='ocrx_word' id='word_1_297' title='bbox 1144 4587 1336 4665; x_wconf 87' lang='lat' dir='ltr'><strong>Clemente</strong></span> <span class='ocrx_word' id='word_1_298' title='bbox 1362 4588 1409 4666; x_wconf 92' lang='lat' dir='ltr'><strong>de</strong></span> <span class='ocrx_word' id='word_1_299' title='bbox 1429 4588 1653 4666; x_wconf 88' lang='lat' dir='ltr'><strong>Castellione</strong></span> <span class='ocrx_word' id='word_1_300' title='bbox 1674 4617 1731 4664; x_wconf 89' lang='lat' dir='ltr'><strong>ca-</strong></span> 
     </span>
     <span class='ocr_line' id='line_1_33' title="bbox 301 4717 1388 4823; baseline 0.001 -30"><span class='ocrx_word' id='word_1_301' title='bbox 301 4718 437 4796; x_wconf 90' lang='lat' dir='ltr'><strong>nonico</strong></span> <span class='ocrx_word' id='word_1_302' title='bbox 455 4719 687 4808; x_wconf 87' lang='lat' dir='ltr'><strong>Nivernensi,</strong></span> <span class='ocrx_word' id='word_1_303' title='bbox 704 4717 864 4796; x_wconf 87' lang='lat' dir='ltr'><strong>testibus</strong></span> <span class='ocrx_word' id='word_1_304' title='bbox 879 4719 927 4798; x_wconf 90' lang='lat' dir='ltr'><strong>ad</strong></span> <span class='ocrx_word' id='word_1_305' title='bbox 947 4718 1019 4795; x_wconf 87' lang='lat' dir='ltr'><strong>boc</strong></span> <span class='ocrx_word' id='word_1_306' title='bbox 1036 4717 1174 4795; x_wconf 85' lang='lat' dir='ltr'><strong>vocatis</strong></span> <span class='ocrx_word' id='word_1_307' title='bbox 1188 4735 1225 4794; x_wconf 86' lang='lat' dir='ltr'><strong>ct</strong></span> <span class='ocrx_word' id='word_1_308' title='bbox 1239 4718 1388 4823; x_wconf 86' lang='lat' dir='ltr'><strong>rogatis.</strong></span> 
     </span>
    </p>
   </div>
   <div class='ocr_carea' id='block_1_3' title="bbox 0 0 2128 5890">
    <p class='ocr_par' dir='ltr' id='par_1_7' title="bbox 0 0 2128 5890">
     <span class='ocr_line' id='line_1_34' title="bbox 0 0 2128 5890; baseline 0 0"><span class='ocrx_word' id='word_1_309' title='bbox 0 0 2128 5890; x_wconf 95' lang='lat' dir='ltr'><strong> </strong></span> 
     </span>
    </p>
   </div>
  </div>
 </body>
</html>
