4202 5876
402 555 474 630 iss
789 532 986 626 exuens
1012 551 1108 623 oiis
1134 549 1434 622 rnuriisas.

399 697 603 782 astantibus
631 695 896 774 Bartholomeo
924 695 970 772 de
998 694 1108 772 Turri
1141 691 1348 799 capellano,
1376 688 1540 770 Amaldo
1571 688 1697 767 Rocha
1730 717 1828 766 cam-

398 829 541 920 brerio,
563 827 701 905 Jacobo
718 827 765 905 de
781 827 919 905 Oleriis
933 825 1110 904 fratribus
1130 825 1218 902 dicti
1236 823 1396 910 ordinis,
1418 839 1456 899 et
1474 820 1648 928 pluribus
1665 820 1748 898 aliis
1761 819 1828 898 fra·

398 961 518 1036 tribus
540 961 629 1037 dicti
645 959 799 1036 ordinis.
1733 951 1736 956 ⁵

454 1093 510 1168 De
532 1092 647 1168 modo
669 1108 794 1167 autem
809 1119 874 1166 sue
897 1107 934 1165 et
952 1087 1074 1166 lratris
1090 1087 1244 1167 alterius
1259 1115 1344 1164 cum
1366 1113 1412 1164 eo
1432 1086 1573 1192 recepti
1594 1084 1824 1192 receptione,

358 1247 362 1254 ’
399 1223 490 1298 dixit
510 1224 548 1297 in
571 1221 707 1299 ellectu
728 1223 825 1298 sicut
845 1220 959 1296 frater
978 1219 1265 1297 Bartholomeus
1292 1217 1339 1294 de
1364 1219 1502 1306 Turre,
1532 1218 1677 1322 primus
1696 1217 1824 1300 testis,

398 1383 508 1460 supra
530 1353 705 1460 deposuit
720 1380 843 1429 coram
865 1351 976 1460 nobis
991 1349 1277 1457 inquisitoribus
1296 1347 1501 1455 prelibatis.

455 1485 511 1560 ild
535 1485 683 1572 lxxxvii,
710 1483 856 1561 lxxxviii
882 1499 919 1557 et
944 1481 1122 1558 ultimum
1149 1478 1325 1556 articulos
1352 1478 1553 1586 diligenter
1578 1495 1614 1555 et
1638 1477 1825 1585 sigillatim

398 1617 663 1722 interrogatus,
681 1615 913 1720 respondens
924 1612 1086 1720 negavit,
1106 1629 1144 1688 et
1156 1610 1249 1688 dixit
1263 1639 1302 1686 se
1315 1639 1384 1686 nec
1398 1610 1492 1688 scire
1506 1639 1575 1686 uec
1587 1610 1741 1688 eredere
1759 1639 1827 1688 nec

398 1746 583 1822 audivisse
593 1744 716 1851 aliqua
725 1759 805 1822 toto
816 1743 1068 1848 temporevite
1079 1743 1190 1818 suein
1203 1741 1302 1818 dicto
1314 1740 1447 1818 ordine
1457 1741 1504 1818 de
1518 1742 1702 1818 contentis
1713 1742 1750 1817 in
1761 1742 1823 1818 eis.

454 1879 577 1983 Super
590 1874 671 1952 aliis
684 1903 772 1952 vero
788 1872 1079 1951 circonstanciis
1099 1889 1137 1950 et
1155 1871 1424 1952 coherentibus
1441 1871 1617 1950 articulis
1630 1873 1826 1978 preambu-

397 2007 444 2085 lis
464 2007 668 2114 requisitus
695 2023 732 2082 et
758 2005 957 2114 diligenter
981 2005 1245 2111 interrogatus,
1269 2018 1372 2078 etan
1394 2001 1518 2108 eliqua
1542 2030 1617 2110 que
1639 2003 1828 2110 negaverit

398 2139 568 2216 confiteri
589 2136 677 2214 velit
698 2154 735 2213 et
754 2135 858 2212 eliud
878 2135 1002 2212 dicere
1026 2134 1129 2242 quod
1154 2133 1327 2239 superius
1349 2133 1397 2210 sit
1418 2132 1651 2220 testificatus,
1673 2131 1766 2210 dixit
1788 2161 1825 2208 se

397 2269 490 2347 velle
512 2269 708 2376 persistere
729 2267 769 2344 in
789 2265 1025 2373 interrogatis
1045 2283 1082 2344 et
1101 2295 1122 2342 a
1138 2292 1181 2342 se
1198 2263 1403 2370 responsis,
1427 2291 1549 2371 neque
1570 2261 1664 2342 velle
1685 2263 1824 2344 addere

397 2399 455 2477 vel
476 2397 673 2477 detrahere
694 2397 930 2505 supradictis.

454 2530 554 2608 Dixit
577 2529 693 2607 eciam
720 2558 759 2605 se
785 2528 923 2606 habere
950 2526 1117 2604 officium
1139 2527 1179 2602 iii
1200 2525 1298 2603 dicta
1325 2525 1442 2604 domo
1462 2526 1582 2606 Mensi
1609 2523 1679 2604 Dei
1705 2541 1825 2604 ruste
1851 2547 1857 2558 ·

398 2661 525 2738 diendi
554 2660 721 2767 pecudes
751 2677 788 2736 et
812 2687 946 2765 pecora
974 2675 1012 2735 et
1032 2658 1205 2763 jumenta
1230 2655 1457 2762 pertinencia
1488 2656 1537 2732 ad
1561 2656 1719 2734 domum
1745 2684 1825 2761 pre-

398 2793 547 2870 dictam.

455 3056 560 3132 Anno
582 3071 619 3132 et
638 3053 700 3130 die
721 3051 860 3160 quibus
879 3081 1003 3160 supra.

454 3185 549 3265 XVI.
570 3185 700 3261 Frater
724 3182 967 3292 Raymundus
994 3182 1194 3259 Descarme
1226 3181 1370 3261 ordinis
1397 3179 1487 3256 dicti
1515 3180 1663 3286 Templi
1693 3181 1824 3260 domus

398 3317 516 3394 Mansi
532 3316 619 3406 Dei,
636 3316 741 3393 testis
754 3315 903 3422 juratus
919 3313 966 3392 ed
982 3330 1107 3390 sancta
1125 3313 1197 3392 Dei
1214 3311 1409 3419 Evangelia
1426 3340 1540 3418 super
1553 3310 1729 3418 predictis
1747 3313 1826 3390 arti·

398 3449 492 3526 culis
512 3465 550 3526 et
565 3475 698 3526 eorum
714 3445 887 3555 quolibet
906 3445 978 3523 sibi
995 3444 1171 3552 expositis
1189 3444 1228 3520 in
1246 3441 1406 3550 vulgari,
1428 3460 1471 3519 ut
1486 3442 1703 3551 principalis
1717 3443 1768 3520 de
1786 3472 1824 3521 se

272 3569 274 3574 ’
397 3581 495 3686 ipsu,
514 3596 552 3655 et
565 3594 609 3657 ut
622 3578 727 3656 testis
747 3577 793 3654 de
810 3577 909 3668 aliis,
928 3577 1127 3683 diligenter
1138 3592 1175 3652 et
1188 3573 1377 3682 sigillatim
1391 3573 1658 3681 interrogatus,
1673 3602 1825 3680 respon-

398 3712 491 3789 dens
512 3712 561 3788 ad
580 3712 761 3818 primum,
785 3735 971 3786 ii—xxxix
996 3707 1172 3785 articulos
1186 3706 1380 3796 inclusive,
1400 3705 1546 3812 negavit
1563 3723 1683 3786 euset
1700 3707 1823 3784 omnia

397 3860 435 3918 et
449 3842 593 3952 singula
610 3858 783 3920 contenta
801 3840 840 3916 iii
857 3841 927 3931 eis3
944 3839 1043 3919 salvo
1064 3838 1168 3946 quod
1188 3839 1267 3945 ipse
1287 3837 1353 3945 qui
1373 3837 1542 3943 loquitur
1560 3854 1598 3914 et
1620 3837 1733 3914 ceteri
1755 3835 1824 3912 fra·

371 3975 472 4050 'tres
489 3974 577 4052 dicti
595 3972 740 4051 ordinis
755 3999 850 4078 quos
870 3971 1070 4048 lamiliaros
1089 3969 1240 4060 hebuit,
1262 3969 1422 4048 ebidem
1443 3967 1561 4045 credit
1580 3968 1628 4045 de
1648 3968 1824 4042 omnihus

396 4104 479 4182 aliis
505 4103 682 4181 fratribus
707 4100 879 4208 ejusdem
904 4099 1063 4187 ordinis,
1087 4123 1207 4174 unuin
1232 4096 1355 4172 Deum
1380 4111 1418 4170 et
1439 4092 1645 4170 Dominum
1670 4091 1823 4168 lhesum

398 4233 587 4312 Christum
614 4232 773 4308 credunt
799 4228 912 4308 luisse
936 4255 1085 4335 passum
1106 4255 1174 4334 pro
1194 4225 1461 4331 redempcione
1483 4223 1637 4300 humani
1660 4222 1821 4329 generis,

398 4393 474 4440 non
487 4392 558 4470 pro
572 4363 649 4440 suis
666 4359 885 4448 sceleribus,
903 4387 979 4466 que
1000 4387 1191 4465 nunquam
1212 4356 1346 4435 habuit
1362 4384 1432 4432 nec
1450 4353 1614 4443 comisit;
1632 4381 1702 4458 pro
1721 4353 1824 4459 cujus

398 4497 543 4574 honore
564 4493 634 4599 ipsi
653 4469 787 4570 fratres
801 4519 950 4570 crucem
972 4491 1127 4568 adorant
1145 4487 1302 4596 singulis
1318 4487 1425 4564 annis
1443 4503 1513 4564 ter.

452 4625 582 4705 Credit
602 4625 718 4702 eciam
738 4639 963 4702 sacramenta
983 4621 1105 4698 alteris
1116 4649 1246 4698 verum
1267 4647 1362 4710 esse,
1379 4634 1416 4695 et
1430 4619 1531 4695 idern
1548 4616 1669 4694 credit
1684 4615 1734 4692 de
1745 4612 1824 4690 aliis

397 4758 557 4836 Ecclesie
578 4757 833 4844 sacramentis,
852 4773 889 4833 et
904 4755 944 4831 in
963 4739 1016 4831 eis
1032 4753 1188 4830 salutem
1206 4751 1360 4828 humani
1381 4749 1527 4857 generis
1543 4745 1739 4825 contineri.

453 4891 554 4968 Dixit
568 4890 684 4967 eciam
700 4917 740 4966 se
756 4889 908 4966 credere
923 4885 1027 4994 quod
1043 4914 1111 4963 nec
1130 4914 1286 4994 magnus
1302 4883 1477 4990 Magister
1492 4909 1561 4958 nec
1575 4877 1694 4986 quivis
1710 4875 1821 4961 alius,
