4202 5876
697 527 1347 632 anocn'sonsrenamans.
1422 501 1425 510 ’
1663 555 1736 632 aso

305 703 454 812 porales
475 701 653 780 fratribus
673 698 997 810 delinquentibus,
1009 697 1114 805 juxta
1140 713 1274 776 statuta
1296 716 1332 778 et
1358 698 1528 776 ordinata
1548 698 1587 775 in
1603 699 1735 777 ordine

306 835 532 944 supradicto.
549 832 781 910 Peuitencias
805 859 892 910 vero
919 827 1131 937 spirituales
1159 829 1285 908 nullus
1312 828 1468 908 fratrum
1489 829 1578 908 dicti
1595 830 1739 909 ordinis

305 983 430 1075 potest
445 967 640 1077 injungere
661 991 731 1042 nec
749 963 913 1071 aliquem
928 959 1120 1040 absolvere
1139 990 1160 1038 a
1176 961 1352 1067 peccatis,
1369 961 1439 1039 nisi
1455 961 1526 1040 soli
1540 962 1738 1070 presbiteri

306 1098 484 1206 capellani
513 1093 655 1175 ordinis
680 1096 768 1174 dicti
793 1092 941 1200 Templi
965 1093 1022 1172 vel
1048 1090 1213 1202 religiosi
1235 1091 1297 1170 alii
1321 1092 1520 1199 presbiteri
1539 1093 1737 1184 seculares,

306 1230 448 1337 quibus
467 1228 555 1307 dicti
576 1227 707 1306 fratres
726 1244 874 1333 peccata
894 1253 960 1304 sua
974 1225 1165 1304 verissime
1185 1240 1272 1302 sunt
1286 1223 1457 1302 confessi.
1569 1215 1573 1228 ’
1664 1197 1675 1214 .

362 1360 421 1439 Ad
445 1389 528 1439 xxxx
551 1359 751 1438 articulum
774 1357 1021 1465 respondens,
1052 1354 1143 1434 dixit
1166 1385 1206 1433 se
1233 1383 1311 1433 nou
1331 1355 1487 1434 medere
1508 1373 1680 1434 contenta
1700 1358 1738 1432 in
1835 1433 1840 1442 ,

308 1493 388 1598 ipso
409 1494 583 1581 articulo,
606 1509 644 1569 et
663 1493 693 1569 si
715 1491 836 1569 dictus
851 1490 1027 1598 Magister
1045 1486 1238 1566 consessus
1261 1505 1317 1566 est
1335 1488 1381 1565 de
1402 1515 1442 1564 se
1463 1487 1544 1596 ipso
1565 1506 1678 1595 prout
1699 1489 1738 1565 in

307 1625 409 1702 dicto
431 1625 587 1702 articulo
612 1624 841 1710 continetur,
874 1621 969 1700 dixit
988 1621 1067 1726 ipse
1094 1620 1159 1727 qni
1181 1619 1349 1726 loquitur
1368 1647 1408 1696 se
1429 1619 1581 1698 eredere
1610 1621 1736 1727 ipsum

306 1757 525 1864 Magistrum
545 1756 657 1834 luisse
675 1755 876 1832 mentitum
902 1754 940 1828 in
962 1768 1072 1858 caput
1091 1781 1219 1840 suum,
1242 1768 1280 1826 et
1303 1777 1379 1828 non
1406 1767 1461 1828 est
1480 1751 1673 1830 consessus
1698 1752 1737 1826 in

307 1889 431 1996 aliquo
450 1889 657 1966 veritatem.

365 2021 421 2098 Ad
441 2045 685 2098 xxx-xxxin
719 2016 895 2095 articulos
915 2015 1107 2104 inclusive,
1131 2015 1332 2122 diligenter
1355 2031 1393 2091 et
1413 2013 1603 2121 sigillatim
1623 2015 1741 2094 inter-

307 2171 475 2262 rogatus,
498 2151 730 2259 respondens
749 2150 895 2258 negavit
911 2149 1012 2255 ipsos
1033 2147 1209 2225 articulos
1230 2163 1267 2224 et
1286 2147 1412 2224 omnia
1432 2161 1469 2222 et
1488 2145 1632 2254 singula
1653 2175 1741 2226 con-

306 2301 408 2363 tenta
423 2285 461 2360 in
477 2284 549 2372 eis,
571 2283 669 2362 salvo
689 2282 796 2390 qnod
815 2280 1006 2360 confessus
1026 2297 1082 2358 est
1095 2279 1200 2386 quod
1214 2277 1278 2355 ille
1297 2277 1363 2384 qui
1383 2276 1536 2354 fratrem
1551 2279 1684 2385 recipit
1702 2279 1741 2354 in

308 2417 408 2494 dicto
433 2415 566 2494 ordine
594 2431 681 2521 post
699 2413 954 2521 receptionem
976 2440 1082 2492 suam
1102 2409 1347 2490 incontinenti
1375 2407 1564 2487 occidatur
1588 2438 1674 2488 eum
1699 2411 1740 2486 in

308 2576 373 2625 ore
394 2564 552 2624 tantum.
574 2545 621 2624 Et
639 2546 720 2653 ipsc
739 2561 912 2651 receptus
927 2543 1118 2622 osculatur
1137 2543 1177 2619 in
1198 2569 1263 2620 ore
1283 2558 1429 2618 tantum
1449 2540 1595 2646 aliquos
1618 2541 1666 2618 de
1688 2541 1741 2616 di-

308 2679 374 2755 ctis
390 2678 565 2756 fratribus
582 2676 911 2756 circumstantibus
930 2676 1057 2753 eidem
1077 2675 1116 2752 in
1130 2675 1279 2782 signum
1291 2671 1452 2750 fraterne
1473 2672 1645 2750 caritatis.

362 2808 423 2886 Ad
443 2835 566 2888 xxxrtn
583 2827 621 2887 et
635 2835 727 2889 xxxv
747 2809 923 2888 articulos
938 2807 1132 2896 inclusive,
1148 2805 1348 2913 diligenter
1366 2821 1403 2880 et
1416 2802 1606 2911 sigillatim
1626 2804 1741 2913 inter-

307 2959 472 3050 rogatus,
498 2941 590 3020 dixit
610 2959 648 3019 et
673 2940 866 3022 confessus
891 2959 947 3020 est
970 2939 1077 3048 quod
1096 2940 1194 3016 inter
1219 2936 1288 3014 alia
1309 2964 1384 3043 que
1399 2935 1527 3043 jurant
1550 2919 1680 3012 fratres
1700 2936 1739 3011 in

308 3103 373 3150 sua
393 3075 631 3180 recepcione,
644 3075 775 3181 jurant
795 3092 832 3152 et
846 3073 1072 3180 promittunt
1090 3100 1192 3176 pera
1213 3099 1252 3148 se
1272 3067 1471 3176 prestitum
1481 3066 1740 3173 juramentum

283 3195 384 3311 'nou
404 3206 615 3314 relinquere
635 3235 704 3284 nec
720 3205 819 3282 exire
836 3205 1010 3282 ordinem
1031 3203 1120 3279 dicti
1136 3199 1284 3306 Templi
1302 3227 1372 3306 pro
1389 3195 1535 3277 fortiori
1558 3197 1616 3276 vel
1640 3199 1742 3278 debi-

284 3317 389 3414 liori
411 3338 560 3426 ordine,
583 3338 653 3416 nisi
675 3338 722 3416 de
747 3337 900 3416 licencia
921 3335 1124 3441 superioris
1144 3334 1209 3440 qui
1230 3333 1278 3409 de
1303 3332 1403 3408 dicto
1424 3331 1525 3408 exitu
1547 3330 1740 3408 licenciam

305 3469 423 3574 possit
455 3469 561 3556 dare,
587 3469 730 3546 ratione
763 3469 870 3576 cujus
897 3465 1152 3572 promissionis
1174 3465 1316 3572 jurate,
1345 3462 1471 3539 statim
1491 3461 1579 3538 dicti
1599 3463 1738 3568 recepti

305 3599 435 3677 fratres
452 3628 521 3706 pro
541 3599 718 3706 professis
732 3599 922 3678 habentur
935 3599 975 3675 in
995 3597 1127 3676 ordine
1144 3593 1370 3702 supradicto.

363 3731 421 3807 Ad
440 3758 730 3812 xxxvi-xxxix
750 3731 926 3810 articulos
945 3729 1136 3817 inclusive,
1155 3727 1353 3834 diligenter
1366 3743 1403 3802 et
1422 3724 1614 3834 sigillatim
1623 3726 1740 3830 ‚inter-

306 3879 472 3970 rogatus,
491 3864 724 3970 respondens
743 3863 835 3940 dixit
859 3863 962 3970 quod
984 3890 1069 3940 cum
1090 3860 1222 3937 fratres
1242 3858 1422 3965 contingit
1439 3857 1553 3964 recipi
1576 3859 1624 3934 de
1640 3885 1739 3935 novo

307 3993 355 4069 ad
366 3995 540 4072 ordinem
552 3996 818 4101 supradictum,
828 3994 1060 4100 recipiuntur
1075 3994 1113 4070 in
1128 3991 1291 4098 capitulo
1307 3989 1397 4068 dicti
1413 3989 1569 4076 ordinis,
1585 4006 1622 4065 et
1636 3990 1741 4096 quod

307 4125 423 4203 moris
448 4144 504 4204 est
527 4145 569 4204 ut
596 4128 634 4204 in
663 4128 762 4206 dicto
784 4126 945 4235 capitulo
968 4126 1092 4234 aliqua
1113 4125 1287 4202 dicantur
1308 4151 1376 4229 per
1400 4120 1510 4198 illum
1531 4121 1595 4228 qui
1617 4121 1739 4198 dictos
1785 4205 1787 4212 ,

306 4257 437 4335 fratres
456 4258 589 4364 recipit
609 4276 647 4336 et
665 4257 877 4366 specialiter
891 4259 1144 4365 exprimantur
1157 4255 1301 4334 eisdem
1316 4253 1486 4358 receptis,
1509 4253 1557 4330 ad
1576 4281 1743 4360 quornm

308 4389 585 4468 observanciam
610 4421 678 4497 per
697 4393 954 4500 juramentum
981 4390 1121 4468 habent
1148 4406 1185 4466 et
1211 4388 1350 4466 debent
1375 4385 1528 4492 astringi
1557 4415 1644 4464 cum
1670 4387 1744 4463 sint

309 4538 410 4630 grata
431 4525 594 4603 Domino
620 4542 658 4601 et
682 4505 841 4630 accepta.
858 4522 946 4600 ldeo
968 4519 1333 4600 dictorumfratrum
1355 4517 1525 4622 recepcio
1551 4515 1594 4594 srt
1620 4518 1661 4593 in
1687 4545 1745 4594 se-

310 4671 411 4731 creto
433 4655 613 4762 capitulo,
637 4657 684 4734 ad
704 4657 810 4764 quod
835 4653 930 4732 nulli
953 4653 1016 4732 alii
1032 4652 1283 4731 admittuntur
1298 4649 1368 4728 nisi
1390 4647 1521 4727 fratres
1543 4648 1740 4739 duntaxat,

311 4787 397 4892 quia
422 4801 498 4864 non
525 4788 676 4894 expedit
698 4807 740 4866 ut
763 4817 831 4894 per
852 4787 972 4894 laycos
998 4783 1057 4862 vel
1084 4782 1266 4862 seculares
1295 4781 1449 4859 clericos
1473 4781 1636 4859 sciantur
1658 4781 1740 4857 nni-

311 4945 414 4994 versa
430 4934 467 4996 et
481 4919 622 5028 singula
638 4949 711 5028 qne
728 4921 861 5026 eisqui
883 4917 1116 5024 recipiuntur
1128 4914 1216 4994 solis
1235 4914 1374 4992 babent
1387 4912 1472 5003 dici,
1489 4911 1741 5016 publicentur,

622 5059 623 5062 ¹
1546 5057 1595 5120 58.
