4210 5882
689 520 886 614 esoces
911 543 1008 615 uss
1034 543 1330 620 rsurtrsss.
1653 550 1726 626 cos

278 677 403 770 ‚Dixit
422 679 539 756 eciam
552 707 619 785 per
631 681 895 802 juramentum¹
905 711 1017 760 suum
1030 685 1153 764 dictus
1167 706 1339 792 receptus
1354 689 1473 796 quod,
1491 708 1577 795 post
1590 692 1727 770 multas

299 808 569 914 promissiones
587 811 633 887 ab
654 839 699 888 eo
719 811 830 890 factes
846 813 893 890 de
914 816 1058 896 statutis
1079 835 1116 894 et
1134 819 1285 896 secretis
1304 819 1448 898 ordinis
1468 821 1725 910 observandis,

301 957 338 1016 ct
356 940 532 1018 mantello
553 942 623 1020 sibi
636 944 685 1019 ed
699 943 838 1022 collum
853 947 994 1052 posito,
1017 947 1140 1025 dictus
1154 951 1340 1055 recipiens
1361 951 1467 1028 duxit
1482 979 1570 1030 eum
1585 956 1633 1030 ed
1648 983 1728 1058 per·

299 1089 393 1162 tem,
421 1091 458 1151 et
477 1073 663 1151 sublevata
683 1093 782 1152 veste
804 1105 884 1166 sua,
911 1079 1079 1184 precepit
1098 1078 1169 1156 sibi
1195 1081 1300 1185 quod
1329 1081 1558 1160 oscularetur
1577 1113 1666 1161 eum
1691 1086 1727 1160 in

300 1204 494 1294 umbilic03
518 1221 555 1280 et
571 1205 660 1311 quia
677 1206 779 1282 idem
798 1208 983 1312 recipiens
1001 1228 1080 1302 erat
1097 1210 1288 1288 scabiosus
1302 1213 1342 1287 in
1362 1229 1507 1300 ventre,
1532 1213 1653 1290 dictus
1676 1243 1729 1290 re-

301 1353 430 1440 ceptus
446 1335 550 1413 finxit
564 1364 604 1412 se
618 1335 778 1414 oseulari
794 1366 881 1415 eum
895 1338 963 1427 ibi,
986 1341 1053 1418 sed
1067 1369 1264 1447 nunquam
1278 1343 1403 1448 tetigit
1417 1343 1489 1420 nisi
1506 1344 1553 1420 de
1567 1371 1668 1420 naso.

355 1466 448 1542 Item
475 1465 567 1542 dixit
594 1493 661 1572 per
674 1467 931 1573 juramentum
952 1499 1063 1546 suum
1088 1473 1191 1577 quod
1214 1471 1335 1550 dictus
1359 1473 1544 1578 recipiens
1565 1475 1728 1550 ostendit

299 1593 370 1672 sibi
390 1595 592 1701 quamdam
620 1626 768 1674 crucem
786 1599 922 1676 eoloris
941 1600 1084 1690 viridis,
1109 1618 1151 1678 ut
1170 1601 1369 1680 videbatur
1388 1603 1477 1690 sibi,
1500 1619 1537 1679 et
1563 1606 1728 1709 precepit

299 1724 369 1802 sibi
390 1726 665 1832 quodspuerct
682 1757 793 1834 supra
814 1757 912 1818 earn,
931 1731 1118 1836 quietalis
1139 1749 1217 1808 eret
1239 1734 1377 1810 modus
1396 1732 1556 1821 ordinis,
1581 1750 1618 1810 et
1637 1753 1727 1810 tunc
1846 1795 1858 1816 .

299 1855 378 1960 ipse
394 1856 501 1933 finxit
517 1886 556 1933 ee
574 1853 708 1963 spuere
725 1887 837 1964 supra
848 1888 950 1948 eam,
972 1861 1040 1937 sed
1054 1862 1156 1967 spuit
1170 1863 1217 1938 ad
1231 1878 1383 1939 terram.
1405 1863 1507 1940 Dixit
1525 1865 1640 1940 eciam
1661 1893 1728 1968 per

294 1986 551 2091 juramentum
564 2017 675 2066 sunm
689 1990 941 2094 «quod’dictus
963 1990 1148 2096 recipiens
1167 1994 1336 2099 precepit
1354 1992 1425 2069 sibi
1447 1994 1550 2097 qnod
1571 1995 1727 2071 omnino

299 2117 501 2196 abstineret
523 2119 803 2209 mulieribus,
827 2137 864 2197 et
881 2122 986 2227 quod
1005 2121 1124 2199 iectus
1143 2150 1234 2198 suus
1255 2139 1351 2200 esset
1368 2125 1581 2200 communis
1604 2125 1726 2201 fratri-

298 2249 388 2338 bus;
405 2249 473 2326 sed
488 2252 695 2356 nescitque
711 2251 928 2328 intencione
937 2252 1100 2330 dicebat.

355 2382 607 2485 Interrogatus
627 2410 694 2486 per
709 2381 967 2488 juramentum
984 2400 1113 2460 utrum
1134 2384 1214 2489 ipse
1229 2384 1280 2472 vi,
1294 2383 1352 2460 vel
1366 2401 1471 2462 metu
1487 2386 1643 2460 carceris
1658 2415 1725 2462 seu

298 2527 592 2600 tormentorum,
609 2528 672 2588 aut
692 2512 797 2598 alias,
817 2513 854 2586 in
873 2512 1065 2617 premissis
1084 2514 1331 2604 immiscuerit
1339 2513 1397 2590 vel
1412 2514 1546 2590 dixerit
1560 2515 1723 2618 aliquem

298 2639 513 2728 salsitatem,
541 2658 605 2720 aut
630 2642 852 2719 subticuerit
880 2643 1087 2732 veritatem,
1116 2644 1209 2720 dixit
1235 2673 1305 2750 per
1328 2645 1584 2750 juramentum
1614 2675 1723 2722 suum

298 2773 403 2876 quod
422 2799 518 2860 non,
535 2789 578 2848 et
597 2773 703 2878 quod
722 2801 853 2878 puram
873 2774 1069 2850 veritatem
1090 2774 1182 2851 dixit
1200 2791 1238 2851 et
1257 2803 1411 2852 meram.

355 3035 447 3110 Item
467 3061 584 3122 enno,
608 3033 814 3124 indicione,
836 3034 1053 3139 pontificatu
1076 3051 1115 3111 et
1135 3035 1196 3112 die
1216 3063 1276 3112 xrx
1295 3037 1509 3114 novembris
1528 3038 1723 3142 predictis,

298 3162 336 3236 in
353 3161 442 3238 dicti
455 3162 576 3238 fratris
591 3163 787 3240 Laurencii
803 3164 851 3240 de
866 3165 1044 3240 Nannetis
1063 3166 1307 3244 commissarii
1329 3165 1473 3244 domini
1494 3167 1726 3272 inquisitoris

296 3290 445 3396 prefati,
466 3310 636 3368 nostrum
654 3292 887 3370 notariorum
904 3293 1147 3400 publicorum
1163 3311 1200 3371 et
1216 3296 1371 3372 testium
1390 3296 1723 3399 infrascriptomm‚

295 3423 542 3525 personaliter
560 3424 784 3500 constitutus
802 3423 917 3500 frater
931 3423 1103 3500 Nicolaos
1123 3425 1171 3502 de
1192 3425 1379 3503 Mesnillio
1402 3426 1536 3502 subtus
1556 3428 1723 3503 Mentem

295 3551 500 3643 Desiderii‚
519 3553 623 3630 etatis
637 3553 909 3660 quinquaginta
924 3573 1088 3660 quatuor
1101 3554 1160 3631 vei
1174 3555 1286 3642 circa,
1300 3555 1449 3660 juratus
1465 3572 1504 3630 et
1523 3557 1725 3660 requisitus

298 3681 432 3758 eodem
451 3682 586 3774 modo,
605 3683 697 3761 dixit
715 3713 782 3791 per
795 3685 1054 3791 juramentum
1077 3713 1188 3762 suum
1215 3686 1320 3790 quod
1345 3711 1419 3762 xxti
1441 3686 1528 3760 anni
1555 3685 1612 3762 vel
1628 3687 1725 3761 circa

297 3830 408 3890 erunt
420 3815 459 3890 in
472 3813 568 3892 festo
579 3816 845 3894 Penthecostes
858 3817 1028 3922 proximo
1044 3815 1184 3904 futuro,
1201 3817 1305 3921 quod
1320 3816 1399 3920 ipse
1414 3814 1484 3891 suit
1496 3832 1669 3920 receptus
1683 3816 1723 3892 in

297 3943 410 4022 domo
424 3945 471 4022 de
488 3947 657 4024 Puisians
670 3945 803 4024 subtus
822 3947 1065 4036 bondenum,
1088 3975 1155 4053 per
1167 3946 1321 4024 fratrem
1333 3949 1485 4024 Petrum
1496 3947 1723 4024 Normennie

296 4075 469 4164 militem,
492 4094 751 4184 preoeptorem
770 4078 917 4155 ballivis
933 4079 1209 4168 Laudunensis,
1231 4076 1471 4183 presentibus
1486 4075 1597 4152 fratre
1616 4076 1727 4154 Guil-

295 4204 408 4284 lebno
440 4207 488 4283 de
515 4210 630 4314 Breye
661 4225 919 4315 preceptorem
950 4209 999 4284 de
1026 4208 1221 4296 Moisieco,
1248 4225 1286 4284 et
1314 4208 1543 4314 quibusdam
1570 4207 1651 4282 aliis
1677 4207 1724 4282 de

294 4365 456 4444 querum
478 4338 695 4416 nominibus
715 4368 792 4416 non
808 4338 961 4427 recolit3
980 4355 1018 4415 et
1037 4339 1130 4416 dixit
1150 4338 1254 4445 quod
1281 4339 1403 4416 dictus
1432 4334 1617 4444 recipieris
1637 4337 1725 4414 iecit

293 4467 364 4544 sibi
374 4468 502 4574 jurare
511 4469 615 4576 quod
631 4470 710 4574 ipse
726 4485 888 4546 servaret
908 4485 1044 4546 statuta
1061 4469 1205 4545 ordinis
1225 4486 1263 4545 et
1280 4483 1438 4555 secreta,
1455 4485 1495 4544 et
1507 4485 1638 4574 postca
1654 4465 1725 4543 suit

293 4599 364 4676 sibi
386 4600 606 4678 mantellum
625 4600 673 4677 ad
699 4599 839 4677 collum
859 4599 1042 4706 positum,
1064 4616 1102 4676 et
1122 4589 1309 4677 osculatus
1331 4597 1405 4676 tuit
1422 4598 1666 4704 recipientem
1687 4615 1724 4672 et

294 4730 386 4808 alios
405 4731 538 4810 fratres
552 4734 592 4808 in
614 4761 695 4822 ore,
713 4751 751 4809 et
769 4750 863 4808 tunc
877 4731 1002 4810 dictus
1013 4731 1199 4838 recipiens
1209 4728 1380 4836 precepit
1392 4727 1498 4806 fratri
1519 4727 1723 4808 Guilielmo

294 4861 339 4938 de
364 4863 479 4970 Breye
500 4863 605 4974 quod
625 4863 696 4939 alia
718 4891 792 4974 qne
810 4879 962 4972 oportet
989 4859 1073 4944 beri
1096 4863 1134 4940 in
1157 4860 1288 4938 ordine
1307 4860 1380 4939 sibi
1403 4858 1543 4937 feceret
1561 4857 1664 4944 fieri,
1688 4873 1725 4932 et

1503 5007 1552 5068 51.
