<?xml version="1.0" encoding="UTF-8"?>
<!DOCTYPE html PUBLIC "-//W3C//DTD XHTML 1.0 Transitional//EN"
    "http://www.w3.org/TR/xhtml1/DTD/xhtml1-transitional.dtd">
<html xmlns="http://www.w3.org/1999/xhtml" xml:lang="en" lang="en">
 <head>
  <title>
</title>
<meta http-equiv="Content-Type" content="text/html;charset=utf-8" />
  <meta name='ocr-system' content='tesseract 3.04.00' />
  <meta name='ocr-capabilities' content='ocr_page ocr_carea ocr_par ocr_line ocrx_word'/>
</head>
<body>
  <div class='ocr_page' id='page_1' title='image "./procsdestemplie03defegoog/procsdestemplie03defegoog_0113.png"; bbox 0 0 4486 5890; ppageno 0'>
   <div class='ocr_carea' id='block_1_1' title="bbox 753 510 1785 604">
    <p class='ocr_par' dir='ltr' id='par_1_1' title="bbox 753 510 1785 604">
     <span class='ocr_line' id='line_1_1' title="bbox 753 510 1785 604; baseline -0.006 -2"><span class='ocrx_word' id='word_1_1' title='bbox 753 510 950 604; x_wconf 82' lang='lat' dir='ltr'><strong>rnocts</strong></span> <span class='ocrx_word' id='word_1_2' title='bbox 979 527 1074 600; x_wconf 81' lang='lat' dir='ltr'><strong>nas</strong></span> <span class='ocrx_word' id='word_1_3' title='bbox 1100 525 1401 598; x_wconf 77' lang='lat' dir='ltr'><strong>TEMPLIEtts.</strong></span> <span class='ocrx_word' id='word_1_4' title='bbox 1720 527 1785 598; x_wconf 88' lang='lat'><strong>101</strong></span> 
     </span>
    </p>
   </div>
   <div class='ocr_carea' id='block_1_2' title="bbox 366 665 1795 1667">
    <p class='ocr_par' dir='ltr' id='par_1_2' title="bbox 366 665 1795 1667">
     <span class='ocr_line' id='line_1_2' title="bbox 366 665 1791 778; baseline -0.007 -26"><span class='ocrx_word' id='word_1_5' title='bbox 366 688 550 752; x_wconf 83' lang='lat' dir='ltr'><strong>servatum</strong></span> <span class='ocrx_word' id='word_1_6' title='bbox 572 668 704 748; x_wconf 85' lang='lat' dir='ltr'><strong>luisset</strong></span> <span class='ocrx_word' id='word_1_7' title='bbox 729 671 834 778; x_wconf 91' lang='lat' dir='ltr'><strong>quod</strong></span> <span class='ocrx_word' id='word_1_8' title='bbox 863 697 1020 776; x_wconf 89' lang='lat' dir='ltr'><strong>magnus</strong></span> <span class='ocrx_word' id='word_1_9' title='bbox 1044 668 1220 776; x_wconf 75' lang='lat' dir='ltr'><strong>Magister</strong></span> <span class='ocrx_word' id='word_1_10' title='bbox 1242 696 1327 744; x_wconf 90' lang='lat' dir='ltr'><strong>curn</strong></span> <span class='ocrx_word' id='word_1_11' title='bbox 1355 684 1541 744; x_wconf 89' lang='lat' dir='ltr'><strong>conventu</strong></span> <span class='ocrx_word' id='word_1_12' title='bbox 1569 665 1791 744; x_wconf 76' lang='lat' dir='ltr'><strong>ordinasset·</strong></span> 
     </span>
     <span class='ocr_line' id='line_1_3' title="bbox 366 797 1791 909; baseline -0.008 -26"><span class='ocrx_word' id='word_1_13' title='bbox 366 803 497 884; x_wconf 85' lang='lat' dir='ltr'>Credit</span> <span class='ocrx_word' id='word_1_14' title='bbox 514 801 620 909; x_wconf 90' lang='lat' dir='ltr'><strong>quod</strong></span> <span class='ocrx_word' id='word_1_15' title='bbox 640 829 786 878; x_wconf 89' lang='lat' dir='ltr'><strong>errores</strong></span> <span class='ocrx_word' id='word_1_16' title='bbox 808 799 1035 878; x_wconf 82' lang='lat' dir='ltr'><strong>confessatos</strong></span> <span class='ocrx_word' id='word_1_17' title='bbox 1057 827 1128 904; x_wconf 91' lang='lat' dir='ltr'><strong>per</strong></span> <span class='ocrx_word' id='word_1_18' title='bbox 1148 827 1235 876; x_wconf 90' lang='lat' dir='ltr'><strong>eum</strong></span> <span class='ocrx_word' id='word_1_19' title='bbox 1256 798 1370 904; x_wconf 89' lang='lat' dir='ltr'><strong>longo</strong></span> <span class='ocrx_word' id='word_1_20' title='bbox 1395 814 1583 902; x_wconf 90' lang='lat' dir='ltr'><strong>tempore,</strong></span> <span class='ocrx_word' id='word_1_21' title='bbox 1600 797 1719 873; x_wconf 89' lang='lat' dir='ltr'><strong>nescit</strong></span> <span class='ocrx_word' id='word_1_22' title='bbox 1736 813 1791 872; x_wconf 91' lang='lat' dir='ltr'><strong>ta-</strong></span> 
     </span>
     <span class='ocr_line' id='line_1_4' title="bbox 368 925 1790 1040; baseline -0.007 -28"><span class='ocrx_word' id='word_1_23' title='bbox 368 963 457 1012; x_wconf 90' lang='lat' dir='ltr'><strong>men</strong></span> <span class='ocrx_word' id='word_1_24' title='bbox 476 949 631 1040; x_wconf 84' lang='lat' dir='ltr'><strong>quanto,</strong></span> <span class='ocrx_word' id='word_1_25' title='bbox 644 933 683 1008; x_wconf 93' lang='lat' dir='ltr'><strong>in</strong></span> <span class='ocrx_word' id='word_1_26' title='bbox 697 933 830 1010; x_wconf 84' lang='lat' dir='ltr'><strong>ordine</strong></span> <span class='ocrx_word' id='word_1_27' title='bbox 846 932 1010 1019; x_wconf 82' lang='lat' dir='ltr'><strong>durasse,</strong></span> <span class='ocrx_word' id='word_1_28' title='bbox 1030 946 1067 1006; x_wconf 88' lang='lat' dir='ltr'><strong>et</strong></span> <span class='ocrx_word' id='word_1_29' title='bbox 1079 927 1257 1006; x_wconf 82' lang='lat' dir='ltr'><strong>fratribus</strong></span> <span class='ocrx_word' id='word_1_30' title='bbox 1273 925 1649 1006; x_wconf 86' lang='lat' dir='ltr'><strong>ordinismanilestos</strong></span> <span class='ocrx_word' id='word_1_31' title='bbox 1660 925 1790 1017; x_wconf 87' lang='lat' dir='ltr'><strong>luisse,</strong></span> 
     </span>
     <span class='ocr_line' id='line_1_5' title="bbox 369 1056 1794 1170; baseline -0.006 -28"><span class='ocrx_word' id='word_1_32' title='bbox 369 1082 408 1142; x_wconf 95' lang='lat' dir='ltr'><strong>et</strong></span> <span class='ocrx_word' id='word_1_33' title='bbox 425 1062 531 1170; x_wconf 92' lang='lat' dir='ltr'><strong>quod</strong></span> <span class='ocrx_word' id='word_1_34' title='bbox 562 1089 647 1139; x_wconf 90' lang='lat' dir='ltr'><strong>vera</strong></span> <span class='ocrx_word' id='word_1_35' title='bbox 682 1080 864 1168; x_wconf 85' lang='lat' dir='ltr'><strong>suntque</strong></span> <span class='ocrx_word' id='word_1_36' title='bbox 885 1088 1042 1168; x_wconf 92' lang='lat' dir='ltr'><strong>magnus</strong></span> <span class='ocrx_word' id='word_1_37' title='bbox 1065 1059 1239 1165; x_wconf 84' lang='lat' dir='ltr'><strong>Magister</strong></span> <span class='ocrx_word' id='word_1_38' title='bbox 1268 1074 1306 1134; x_wconf 86' lang='lat' dir='ltr'><strong>et</strong></span> <span class='ocrx_word' id='word_1_39' title='bbox 1332 1056 1393 1133; x_wconf 91' lang='lat' dir='ltr'><strong>alii</strong></span> <span class='ocrx_word' id='word_1_40' title='bbox 1422 1057 1461 1132; x_wconf 91' lang='lat' dir='ltr'><strong>in</strong></span> <span class='ocrx_word' id='word_1_41' title='bbox 1488 1056 1627 1133; x_wconf 88' lang='lat' dir='ltr'><strong>licteris</strong></span> <span class='ocrx_word' id='word_1_42' title='bbox 1647 1073 1794 1163; x_wconf 90' lang='lat' dir='ltr'><strong>aposto-</strong></span> 
     </span>
     <span class='ocr_line' id='line_1_6' title="bbox 368 1187 1791 1293; baseline -0.006 -21"><span class='ocrx_word' id='word_1_43' title='bbox 368 1195 449 1272; x_wconf 87' lang='lat' dir='ltr'><strong>licis</strong></span> <span class='ocrx_word' id='word_1_44' title='bbox 469 1193 653 1272; x_wconf 84' lang='lat' dir='ltr'><strong>nominati</strong></span> <span class='ocrx_word' id='word_1_45' title='bbox 695 1193 874 1271; x_wconf 87' lang='lat' dir='ltr'><strong>dicuntur</strong></span> <span class='ocrx_word' id='word_1_46' title='bbox 909 1190 1024 1268; x_wconf 87' lang='lat' dir='ltr'><strong>luisse</strong></span> <span class='ocrx_word' id='word_1_47' title='bbox 1059 1189 1217 1268; x_wconf 82' lang='lat' dir='ltr'><strong>confessi</strong></span> <span class='ocrx_word' id='word_1_48' title='bbox 1254 1188 1301 1265; x_wconf 88' lang='lat' dir='ltr'><strong>de</strong></span> <span class='ocrx_word' id='word_1_49' title='bbox 1334 1188 1525 1265; x_wconf 92' lang='lat' dir='ltr'><strong>erroribus</strong></span> <span class='ocrx_word' id='word_1_50' title='bbox 1557 1187 1791 1293; x_wconf 86' lang='lat' dir='ltr'><strong>supradictis.</strong></span> 
     </span>
     <span class='ocr_line' id='line_1_7' title="bbox 370 1315 1795 1427; baseline -0.006 -26"><span class='ocrx_word' id='word_1_51' title='bbox 370 1326 482 1414; x_wconf 88' lang='lat' dir='ltr'><strong>ltem,</strong></span> <span class='ocrx_word' id='word_1_52' title='bbox 503 1323 598 1400; x_wconf 80' lang='lat' dir='ltr'><strong>dixit</strong></span> <span class='ocrx_word' id='word_1_53' title='bbox 611 1351 651 1400; x_wconf 91' lang='lat' dir='ltr'><strong>se</strong></span> <span class='ocrx_word' id='word_1_54' title='bbox 670 1322 783 1401; x_wconf 85' lang='lat' dir='ltr'><strong>luisse</strong></span> <span class='ocrx_word' id='word_1_55' title='bbox 799 1319 1013 1400; x_wconf 84' lang='lat' dir='ltr'><strong>confessum</strong></span> <span class='ocrx_word' id='word_1_56' title='bbox 1029 1320 1077 1397; x_wconf 90' lang='lat' dir='ltr'><strong>de</strong></span> <span class='ocrx_word' id='word_1_57' title='bbox 1092 1319 1270 1427; x_wconf 83' lang='lat' dir='ltr'><strong>predictis</strong></span> <span class='ocrx_word' id='word_1_58' title='bbox 1285 1317 1478 1396; x_wconf 89' lang='lat' dir='ltr'><strong>erroribus</strong></span> <span class='ocrx_word' id='word_1_59' title='bbox 1496 1315 1712 1396; x_wconf 85' lang='lat' dir='ltr'><strong>confessatis</strong></span> <span class='ocrx_word' id='word_1_60' title='bbox 1726 1346 1795 1423; x_wconf 89' lang='lat' dir='ltr'><strong>per</strong></span> 
     </span>
     <span class='ocr_line' id='line_1_8' title="bbox 370 1448 1794 1554; baseline -0.006 -23"><span class='ocrx_word' id='word_1_61' title='bbox 370 1481 459 1531; x_wconf 87' lang='lat' dir='ltr'><strong>eum</strong></span> <span class='ocrx_word' id='word_1_62' title='bbox 480 1454 584 1530; x_wconf 85' lang='lat' dir='ltr'><strong>lratri</strong></span> <span class='ocrx_word' id='word_1_63' title='bbox 613 1452 849 1532; x_wconf 87' lang='lat' dir='ltr'><strong>Guiscbardo</strong></span> <span class='ocrx_word' id='word_1_64' title='bbox 876 1453 923 1528; x_wconf 93' lang='lat' dir='ltr'><strong>de</strong></span> <span class='ocrx_word' id='word_1_65' title='bbox 945 1453 1080 1530; x_wconf 88' lang='lat' dir='ltr'><strong>Sancto</strong></span> <span class='ocrx_word' id='word_1_66' title='bbox 1102 1450 1323 1538; x_wconf 85' lang='lat' dir='ltr'><strong>Saturnino,</strong></span> <span class='ocrx_word' id='word_1_67' title='bbox 1345 1448 1538 1554; x_wconf 90' lang='lat' dir='ltr'><strong>quondam</strong></span> <span class='ocrx_word' id='word_1_68' title='bbox 1559 1448 1704 1526; x_wconf 87' lang='lat' dir='ltr'><strong>ordinis</strong></span> <span class='ocrx_word' id='word_1_69' title='bbox 1722 1448 1794 1526; x_wconf 91' lang='lat' dir='ltr'><strong>Mi-</strong></span> 
     </span>
     <span class='ocr_line' id='line_1_9' title="bbox 370 1577 1793 1667; baseline -0.006 -5"><span class='ocrx_word' id='word_1_70' title='bbox 370 1611 506 1662; x_wconf 92' lang='lat' dir='ltr'><strong>norum</strong></span> <span class='ocrx_word' id='word_1_71' title='bbox 538 1582 774 1661; x_wconf 83' lang='lat' dir='ltr'><strong>conventuali</strong></span> <span class='ocrx_word' id='word_1_72' title='bbox 804 1601 897 1660; x_wconf 91' lang='lat' dir='ltr'><strong>tunc</strong></span> <span class='ocrx_word' id='word_1_73' title='bbox 922 1581 969 1658; x_wconf 91' lang='lat' dir='ltr'><strong>de</strong></span> <span class='ocrx_word' id='word_1_74' title='bbox 994 1581 1090 1660; x_wconf 88' lang='lat' dir='ltr'><strong>Caro</strong></span> <span class='ocrx_word' id='word_1_75' title='bbox 1115 1582 1208 1658; x_wconf 91' lang='lat' dir='ltr'><strong>Leto</strong></span> <span class='ocrx_word' id='word_1_76' title='bbox 1235 1577 1525 1657; x_wconf 87' lang='lat' dir='ltr'><strong>Matisconeusis</strong></span> <span class='ocrx_word' id='word_1_77' title='bbox 1548 1577 1723 1667; x_wconf 89' lang='lat' dir='ltr'><strong>diocesis,</strong></span> <span class='ocrx_word' id='word_1_78' title='bbox 1754 1579 1793 1654; x_wconf 95' lang='lat' dir='ltr'><strong>in</strong></span> 
     </span>
    </p>
   </div>
   <div class='ocr_carea' id='block_1_3' title="bbox 371 1707 1911 1814">
    <p class='ocr_par' dir='ltr' id='par_1_3' title="bbox 371 1707 1911 1814">
     <span class='ocr_line' id='line_1_10' title="bbox 371 1707 1911 1814; baseline -0.005 -24"><span class='ocrx_word' id='word_1_79' title='bbox 371 1713 524 1791; x_wconf 89' lang='lat' dir='ltr'><strong>ecclesia</strong></span> <span class='ocrx_word' id='word_1_80' title='bbox 542 1729 666 1790; x_wconf 88' lang='lat' dir='ltr'><strong>sancte</strong></span> <span class='ocrx_word' id='word_1_81' title='bbox 686 1712 792 1790; x_wconf 89' lang='lat' dir='ltr'><strong>Fidis</strong></span> <span class='ocrx_word' id='word_1_82' title='bbox 810 1712 1000 1790; x_wconf 89' lang='lat' dir='ltr'><strong>Eduensis</strong></span> <span class='ocrx_word' id='word_1_83' title='bbox 1020 1710 1195 1800; x_wconf 89' lang='lat' dir='ltr'><strong>diocesis,</strong></span> <span class='ocrx_word' id='word_1_84' title='bbox 1216 1707 1310 1786; x_wconf 80' lang='lat' dir='ltr'><strong>infra</strong></span> <span class='ocrx_word' id='word_1_85' title='bbox 1334 1709 1431 1786; x_wconf 89' lang='lat' dir='ltr'><strong>duos</strong></span> <span class='ocrx_word' id='word_1_86' title='bbox 1455 1737 1604 1786; x_wconf 91' lang='lat' dir='ltr'><strong>menses</strong></span> <span class='ocrx_word' id='word_1_87' title='bbox 1625 1725 1710 1814; x_wconf 85' lang='lat' dir='ltr'><strong>post</strong></span> <span class='ocrx_word' id='word_1_88' title='bbox 1730 1707 1795 1784; x_wconf 81' lang='lat' dir='ltr'><strong>ab·</strong></span> <span class='ocrx_word' id='word_1_89' title='bbox 1899 1743 1911 1768; x_wconf 55' lang='grc' dir='ltr'>κ</span> 
     </span>
    </p>
   </div>
   <div class='ocr_carea' id='block_1_4' title="bbox 371 1837 1791 1950">
    <p class='ocr_par' dir='ltr' id='par_1_4' title="bbox 371 1837 1791 1950">
     <span class='ocr_line' id='line_1_11' title="bbox 371 1837 1791 1950; baseline -0.001 -32"><span class='ocrx_word' id='word_1_90' title='bbox 371 1844 615 1950; x_wconf 87' lang='lat' dir='ltr'><strong>negacionem</strong></span> <span class='ocrx_word' id='word_1_91' title='bbox 636 1857 674 1918; x_wconf 85' lang='lat' dir='ltr'><strong>et</strong></span> <span class='ocrx_word' id='word_1_92' title='bbox 693 1841 926 1947; x_wconf 89' lang='lat' dir='ltr'><strong>spuieionem</strong></span> <span class='ocrx_word' id='word_1_93' title='bbox 948 1868 1016 1945; x_wconf 93' lang='lat' dir='ltr'><strong>per</strong></span> <span class='ocrx_word' id='word_1_94' title='bbox 1036 1869 1123 1917; x_wconf 89' lang='lat' dir='ltr'><strong>eum</strong></span> <span class='ocrx_word' id='word_1_95' title='bbox 1145 1839 1274 1927; x_wconf 65' lang='lat' dir='ltr'><strong>saetam</strong></span> <span class='ocrx_word' id='word_1_96' title='bbox 1291 1868 1308 1915; x_wconf 91' lang='lat' dir='ltr'><strong>a</strong></span> <span class='ocrx_word' id='word_1_97' title='bbox 1325 1867 1402 1944; x_wconf 90' lang='lat' dir='ltr'><strong>quo</strong></span> <span class='ocrx_word' id='word_1_98' title='bbox 1424 1837 1620 1915; x_wconf 86' lang='lat' dir='ltr'><strong>absolutus</strong></span> <span class='ocrx_word' id='word_1_99' title='bbox 1638 1839 1791 1929; x_wconf 84' lang='lat' dir='ltr'><strong>exstitit,</strong></span> 
     </span>
    </p>
   </div>
   <div class='ocr_carea' id='block_1_5' title="bbox 371 1970 1798 2725">
    <p class='ocr_par' dir='ltr' id='par_1_5' title="bbox 372 1970 1502 2081">
     <span class='ocr_line' id='line_1_12' title="bbox 372 1970 1502 2081; baseline -0.005 -31"><span class='ocrx_word' id='word_1_100' title='bbox 372 1988 408 2050; x_wconf 84' lang='lat' dir='ltr'><strong>et</strong></span> <span class='ocrx_word' id='word_1_101' title='bbox 422 1973 607 2081; x_wconf 85' lang='lat' dir='ltr'><strong>jejunavit</strong></span> <span class='ocrx_word' id='word_1_102' title='bbox 621 1989 739 2051; x_wconf 85' lang='lat' dir='ltr'><strong>sextas</strong></span> <span class='ocrx_word' id='word_1_103' title='bbox 758 1972 867 2048; x_wconf 87' lang='lat' dir='ltr'><strong>lorias</strong></span> <span class='ocrx_word' id='word_1_104' title='bbox 884 1999 951 2076; x_wconf 88' lang='lat' dir='ltr'><strong>per</strong></span> <span class='ocrx_word' id='word_1_105' title='bbox 966 1997 1124 2057; x_wconf 89' lang='lat' dir='ltr'><strong>annum,</strong></span> <span class='ocrx_word' id='word_1_106' title='bbox 1141 1970 1236 2046; x_wconf 91' lang='lat' dir='ltr'><strong>sicut</strong></span> <span class='ocrx_word' id='word_1_107' title='bbox 1255 1970 1436 2075; x_wconf 89' lang='lat' dir='ltr'><strong>imposuit</strong></span> <span class='ocrx_word' id='word_1_108' title='bbox 1457 1970 1502 2046; x_wconf 90' lang='lat' dir='ltr'><strong>ei.</strong></span> 
     </span>
    </p>

    <p class='ocr_par' dir='ltr' id='par_1_6' title="bbox 371 2100 1798 2725">
     <span class='ocr_line' id='line_1_13' title="bbox 427 2100 1793 2209; baseline -0.002 -29"><span class='ocrx_word' id='word_1_109' title='bbox 427 2102 644 2209; x_wconf 85' lang='lat' dir='ltr'><strong>Requisitus</strong></span> <span class='ocrx_word' id='word_1_110' title='bbox 661 2103 692 2180; x_wconf 92' lang='lat' dir='ltr'><strong>si</strong></span> <span class='ocrx_word' id='word_1_111' title='bbox 716 2102 767 2180; x_wconf 88' lang='lat' dir='ltr'><strong>sic</strong></span> <span class='ocrx_word' id='word_1_112' title='bbox 792 2101 968 2208; x_wconf 86' lang='lat' dir='ltr'><strong>deposuit</strong></span> <span class='ocrx_word' id='word_1_113' title='bbox 988 2127 1114 2206; x_wconf 86' lang='lat' dir='ltr'><strong>prece,</strong></span> <span class='ocrx_word' id='word_1_114' title='bbox 1131 2116 1325 2206; x_wconf 89' lang='lat' dir='ltr'><strong>precepto,</strong></span> <span class='ocrx_word' id='word_1_115' title='bbox 1342 2100 1496 2192; x_wconf 90' lang='lat' dir='ltr'><strong>timore,</strong></span> <span class='ocrx_word' id='word_1_116' title='bbox 1521 2127 1666 2187; x_wconf 89' lang='lat' dir='ltr'><strong>amore,</strong></span> <span class='ocrx_word' id='word_1_117' title='bbox 1687 2100 1793 2191; x_wconf 91' lang='lat' dir='ltr'><strong>odio,</strong></span> 
     </span>
     <span class='ocr_line' id='line_1_14' title="bbox 371 2227 1793 2336; baseline -0.001 -28"><span class='ocrx_word' id='word_1_118' title='bbox 371 2231 429 2308; x_wconf 93' lang='lat' dir='ltr'><strong>vel</strong></span> <span class='ocrx_word' id='word_1_119' title='bbox 453 2231 652 2336; x_wconf 85' lang='lat' dir='ltr'><strong>temporali</strong></span> <span class='ocrx_word' id='word_1_120' title='bbox 686 2232 848 2307; x_wconf 89' lang='lat' dir='ltr'><strong>comodo</strong></span> <span class='ocrx_word' id='word_1_121' title='bbox 881 2228 1010 2306; x_wconf 90' lang='lat' dir='ltr'><strong>habito</strong></span> <span class='ocrx_word' id='word_1_122' title='bbox 1037 2227 1096 2304; x_wconf 95' lang='lat' dir='ltr'><strong>vel</strong></span> <span class='ocrx_word' id='word_1_123' title='bbox 1126 2227 1319 2320; x_wconf 89' lang='lat' dir='ltr'><strong>habendo,</strong></span> <span class='ocrx_word' id='word_1_124' title='bbox 1346 2229 1542 2334; x_wconf 87' lang='lat' dir='ltr'><strong>respondit</strong></span> <span class='ocrx_word' id='word_1_125' title='bbox 1571 2230 1676 2335; x_wconf 88' lang='lat' dir='ltr'><strong>quod</strong></span> <span class='ocrx_word' id='word_1_126' title='bbox 1700 2259 1793 2318; x_wconf 93' lang='lat' dir='ltr'><strong>non,</strong></span> 
     </span>
     <span class='ocr_line' id='line_1_15' title="bbox 371 2356 1797 2466; baseline 0 -30"><span class='ocrx_word' id='word_1_127' title='bbox 371 2360 438 2437; x_wconf 80' lang='lat' dir='ltr'><strong>sed</strong></span> <span class='ocrx_word' id='word_1_128' title='bbox 465 2388 536 2466; x_wconf 91' lang='lat' dir='ltr'><strong>pro</strong></span> <span class='ocrx_word' id='word_1_129' title='bbox 559 2359 715 2438; x_wconf 88' lang='lat' dir='ltr'><strong>veritate</strong></span> <span class='ocrx_word' id='word_1_130' title='bbox 744 2357 920 2448; x_wconf 77' lang='lat' dir='ltr'><strong>dicenda3</strong></span> <span class='ocrx_word' id='word_1_131' title='bbox 946 2375 984 2434; x_wconf 89' lang='lat' dir='ltr'><strong>et</strong></span> <span class='ocrx_word' id='word_1_132' title='bbox 1005 2385 1083 2434; x_wconf 92' lang='lat' dir='ltr'><strong>non</strong></span> <span class='ocrx_word' id='word_1_133' title='bbox 1101 2356 1291 2434; x_wconf 89' lang='lat' dir='ltr'><strong>obtulerat</strong></span> <span class='ocrx_word' id='word_1_134' title='bbox 1312 2385 1351 2434; x_wconf 89' lang='lat' dir='ltr'><strong>se</strong></span> <span class='ocrx_word' id='word_1_135' title='bbox 1371 2357 1419 2434; x_wconf 90' lang='lat' dir='ltr'><strong>ad</strong></span> <span class='ocrx_word' id='word_1_136' title='bbox 1439 2358 1714 2436; x_wconf 81' lang='lat' dir='ltr'><strong>deffensionem</strong></span> <span class='ocrx_word' id='word_1_137' title='bbox 1736 2387 1797 2436; x_wconf 92' lang='lat' dir='ltr'><strong>or·</strong></span> 
     </span>
     <span class='ocr_line' id='line_1_16' title="bbox 373 2486 1795 2595; baseline -0.003 -27"><span class='ocrx_word' id='word_1_138' title='bbox 373 2491 487 2579; x_wconf 91' lang='lat' dir='ltr'><strong>dinis,</strong></span> <span class='ocrx_word' id='word_1_139' title='bbox 509 2506 548 2567; x_wconf 87' lang='lat' dir='ltr'><strong>et</strong></span> <span class='ocrx_word' id='word_1_140' title='bbox 565 2489 637 2567; x_wconf 85' lang='lat' dir='ltr'><strong>luit</strong></span> <span class='ocrx_word' id='word_1_141' title='bbox 659 2505 888 2594; x_wconf 88' lang='lat' dir='ltr'><strong>protestatus</strong></span> <span class='ocrx_word' id='word_1_142' title='bbox 908 2505 995 2565; x_wconf 89' lang='lat' dir='ltr'><strong>ante</strong></span> <span class='ocrx_word' id='word_1_143' title='bbox 1016 2486 1296 2594; x_wconf 89' lang='lat' dir='ltr'><strong>deposicionem</strong></span> <span class='ocrx_word' id='word_1_144' title='bbox 1318 2515 1423 2565; x_wconf 88' lang='lat' dir='ltr'><strong>suam</strong></span> <span class='ocrx_word' id='word_1_145' title='bbox 1446 2489 1551 2595; x_wconf 88' lang='lat' dir='ltr'><strong>qnod</strong></span> <span class='ocrx_word' id='word_1_146' title='bbox 1572 2515 1649 2565; x_wconf 95' lang='lat' dir='ltr'><strong>non</strong></span> <span class='ocrx_word' id='word_1_147' title='bbox 1672 2489 1795 2564; x_wconf 89' lang='lat' dir='ltr'><strong>inten-</strong></span> 
     </span>
     <span class='ocr_line' id='line_1_17' title="bbox 375 2616 1798 2725; baseline -0.001 -28"><span class='ocrx_word' id='word_1_148' title='bbox 375 2619 488 2698; x_wconf 87' lang='lat' dir='ltr'><strong>debat</strong></span> <span class='ocrx_word' id='word_1_149' title='bbox 502 2621 680 2698; x_wconf 87' lang='lat' dir='ltr'><strong>recedere</strong></span> <span class='ocrx_word' id='word_1_150' title='bbox 701 2619 977 2725; x_wconf 87' lang='lat' dir='ltr'><strong>adeposicione</strong></span> <span class='ocrx_word' id='word_1_151' title='bbox 996 2646 1064 2724; x_wconf 89' lang='lat' dir='ltr'><strong>per</strong></span> <span class='ocrx_word' id='word_1_152' title='bbox 1084 2647 1176 2694; x_wconf 89' lang='lat' dir='ltr'><strong>eum</strong></span> <span class='ocrx_word' id='word_1_153' title='bbox 1191 2616 1282 2695; x_wconf 88' lang='lat' dir='ltr'><strong>sacta</strong></span> <span class='ocrx_word' id='word_1_154' title='bbox 1304 2645 1427 2695; x_wconf 90' lang='lat' dir='ltr'><strong>coram</strong></span> <span class='ocrx_word' id='word_1_155' title='bbox 1450 2618 1552 2696; x_wconf 86' lang='lat' dir='ltr'><strong>dicto</strong></span> <span class='ocrx_word' id='word_1_156' title='bbox 1573 2617 1798 2695; x_wconf 88' lang='lat' dir='ltr'><strong>dominoar·</strong></span> 
     </span>
    </p>
   </div>
   <div class='ocr_carea' id='block_1_6' title="bbox 374 2878 1795 2988">
    <p class='ocr_par' dir='ltr' id='par_1_7' title="bbox 374 2878 1795 2988">
     <span class='ocr_line' id='line_1_18' title="bbox 374 2878 1795 2988; baseline 0 -32"><span class='ocrx_word' id='word_1_157' title='bbox 374 2881 469 2958; x_wconf 87' lang='lat' dir='ltr'><strong>banc</strong></span> <span class='ocrx_word' id='word_1_158' title='bbox 489 2905 599 2958; x_wconf 86' lang='lat' dir='ltr'><strong>suam</strong></span> <span class='ocrx_word' id='word_1_159' title='bbox 618 2878 916 2987; x_wconf 90' lang='lat' dir='ltr'><strong>deposicionem,</strong></span> <span class='ocrx_word' id='word_1_160' title='bbox 938 2906 1138 2988; x_wconf 85' lang='lat' dir='ltr'><strong>quousque</strong></span> <span class='ocrx_word' id='word_1_161' title='bbox 1158 2879 1416 2956; x_wconf 87' lang='lat' dir='ltr'><strong>attestaciones</strong></span> <span class='ocrx_word' id='word_1_162' title='bbox 1435 2878 1577 2956; x_wconf 85' lang='lat' dir='ltr'><strong>fuerint</strong></span> <span class='ocrx_word' id='word_1_163' title='bbox 1593 2879 1795 2986; x_wconf 80' lang='lat' dir='ltr'><strong>publicato.</strong></span> 
     </span>
    </p>
   </div>
   <div class='ocr_carea' id='block_1_7' title="bbox 296 3140 1803 4943">
    <p class='ocr_par' dir='ltr' id='par_1_8' title="bbox 296 3140 1803 4943">
     <span class='ocr_line' id='line_1_19' title="bbox 429 3140 1797 3251; baseline 0.001 -35"><span class='ocrx_word' id='word_1_164' title='bbox 429 3143 561 3218; x_wconf 85' lang='lat' dir='ltr'><strong>Frater</strong></span> <span class='ocrx_word' id='word_1_165' title='bbox 577 3140 874 3223; x_wconf 84' lang='lat' dir='ltr'><strong>Bartholomaeus</strong></span> <span class='ocrx_word' id='word_1_166' title='bbox 895 3141 942 3218; x_wconf 87' lang='lat' dir='ltr'><strong>dc</strong></span> <span class='ocrx_word' id='word_1_167' title='bbox 961 3141 1241 3218; x_wconf 81' lang='lat' dir='ltr'><strong>Pedio-Revelli</strong></span> <span class='ocrx_word' id='word_1_168' title='bbox 1275 3142 1438 3220; x_wconf 89' lang='lat' dir='ltr'><strong>serviens</strong></span> <span class='ocrx_word' id='word_1_169' title='bbox 1467 3144 1715 3251; x_wconf 82' lang='lat' dir='ltr'><strong>corrugarius,</strong></span> <span class='ocrx_word' id='word_1_170' title='bbox 1738 3144 1797 3219; x_wconf 92' lang='lat' dir='ltr'><strong>Pi-</strong></span> 
     </span>
     <span class='ocr_line' id='line_1_20' title="bbox 375 3267 1796 3380; baseline 0.001 -32"><span class='ocrx_word' id='word_1_171' title='bbox 375 3271 554 3349; x_wconf 88' lang='lat' dir='ltr'><strong>ctavensis</strong></span> <span class='ocrx_word' id='word_1_172' title='bbox 574 3270 750 3359; x_wconf 89' lang='lat' dir='ltr'><strong>diocesis,</strong></span> <span class='ocrx_word' id='word_1_173' title='bbox 774 3270 880 3348; x_wconf 87' lang='lat' dir='ltr'><strong>testis</strong></span> <span class='ocrx_word' id='word_1_174' title='bbox 909 3299 1019 3377; x_wconf 88' lang='lat' dir='ltr'><strong>supra</strong></span> <span class='ocrx_word' id='word_1_175' title='bbox 1047 3267 1211 3380; x_wconf 82' lang='lat' dir='ltr'><strong>juratus,</strong></span> <span class='ocrx_word' id='word_1_176' title='bbox 1244 3273 1562 3380; x_wconf 85' lang='lat' dir='ltr'><strong>quadragenarius</strong></span> <span class='ocrx_word' id='word_1_177' title='bbox 1592 3274 1651 3350; x_wconf 93' lang='lat' dir='ltr'><strong>vel</strong></span> <span class='ocrx_word' id='word_1_178' title='bbox 1686 3275 1796 3363; x_wconf 88' lang='lat' dir='ltr'><strong>circa,</strong></span> 
     </span>
     <span class='ocr_line' id='line_1_21' title="bbox 375 3399 1797 3509; baseline 0.004 -33"><span class='ocrx_word' id='word_1_179' title='bbox 375 3400 599 3478; x_wconf 88' lang='lat' dir='ltr'><strong>mantellum</strong></span> <span class='ocrx_word' id='word_1_180' title='bbox 619 3417 658 3478; x_wconf 91' lang='lat' dir='ltr'><strong>et</strong></span> <span class='ocrx_word' id='word_1_181' title='bbox 675 3399 832 3477; x_wconf 82' lang='lat' dir='ltr'><strong>barbam</strong></span> <span class='ocrx_word' id='word_1_182' title='bbox 853 3400 1058 3491; x_wconf 84' lang='lat' dir='ltr'><strong>defferens,</strong></span> <span class='ocrx_word' id='word_1_183' title='bbox 1080 3430 1167 3478; x_wconf 92' lang='lat' dir='ltr'><strong>cum</strong></span> <span class='ocrx_word' id='word_1_184' title='bbox 1194 3430 1271 3508; x_wconf 91' lang='lat' dir='ltr'><strong>qno</strong></span> <span class='ocrx_word' id='word_1_185' title='bbox 1288 3402 1512 3509; x_wconf 90' lang='lat' dir='ltr'><strong>inquisitum</strong></span> <span class='ocrx_word' id='word_1_186' title='bbox 1532 3403 1669 3493; x_wconf 88' lang='lat' dir='ltr'><strong>luerat,</strong></span> <span class='ocrx_word' id='word_1_187' title='bbox 1689 3405 1797 3482; x_wconf 84' lang='lat' dir='ltr'><strong>abso-</strong></span> 
     </span>
     <span class='ocr_line' id='line_1_22' title="bbox 375 3529 1799 3643; baseline 0.005 -37"><span class='ocrx_word' id='word_1_188' title='bbox 375 3531 477 3610; x_wconf 91' lang='lat' dir='ltr'><strong>lutus</strong></span> <span class='ocrx_word' id='word_1_189' title='bbox 493 3550 531 3609; x_wconf 86' lang='lat' dir='ltr'><strong>et</strong></span> <span class='ocrx_word' id='word_1_190' title='bbox 544 3532 808 3610; x_wconf 85' lang='lat' dir='ltr'><strong>reconciliatus</strong></span> <span class='ocrx_word' id='word_1_191' title='bbox 825 3559 894 3636; x_wconf 89' lang='lat' dir='ltr'><strong>per</strong></span> <span class='ocrx_word' id='word_1_192' title='bbox 908 3529 1113 3608; x_wconf 18' lang='lat' dir='ltr'><strong>officiatem*</strong></span> <span class='ocrx_word' id='word_1_193' title='bbox 1126 3533 1395 3622; x_wconf 88' lang='lat' dir='ltr'><strong>Pictavensem,</strong></span> <span class='ocrx_word' id='word_1_194' title='bbox 1413 3533 1519 3611; x_wconf 87' lang='lat' dir='ltr'><strong>lectis</strong></span> <span class='ocrx_word' id='word_1_195' title='bbox 1537 3551 1577 3610; x_wconf 95' lang='lat' dir='ltr'><strong>et</strong></span> <span class='ocrx_word' id='word_1_196' title='bbox 1597 3535 1799 3643; x_wconf 82' lang='lat' dir='ltr'><strong>diligenter</strong></span> 
     </span>
     <span class='ocr_line' id='line_1_23' title="bbox 376 3660 1797 3772; baseline 0.001 -33"><span class='ocrx_word' id='word_1_197' title='bbox 376 3663 552 3768; x_wconf 79' lang='lat' dir='ltr'><strong>expositis</strong></span> <span class='ocrx_word' id='word_1_198' title='bbox 581 3662 651 3740; x_wconf 91' lang='lat' dir='ltr'><strong>sibi</strong></span> <span class='ocrx_word' id='word_1_199' title='bbox 677 3661 862 3740; x_wconf 90' lang='lat' dir='ltr'><strong>omnibus</strong></span> <span class='ocrx_word' id='word_1_200' title='bbox 880 3677 918 3738; x_wconf 90' lang='lat' dir='ltr'><strong>et</strong></span> <span class='ocrx_word' id='word_1_201' title='bbox 941 3660 1099 3768; x_wconf 91' lang='lat' dir='ltr'><strong>singulis</strong></span> <span class='ocrx_word' id='word_1_202' title='bbox 1119 3662 1300 3751; x_wconf 84' lang='lat' dir='ltr'><strong>articulis,</strong></span> <span class='ocrx_word' id='word_1_203' title='bbox 1323 3663 1518 3769; x_wconf 87' lang='lat' dir='ltr'><strong>respondit</strong></span> <span class='ocrx_word' id='word_1_204' title='bbox 1543 3692 1582 3741; x_wconf 90' lang='lat' dir='ltr'><strong>se</strong></span> <span class='ocrx_word' id='word_1_205' title='bbox 1602 3693 1797 3772; x_wconf 90' lang='lat' dir='ltr'><strong>nunquam</strong></span> 
     </span>
     <span class='ocr_line' id='line_1_24' title="bbox 376 3791 1798 3900; baseline 0.003 -32"><span class='ocrx_word' id='word_1_206' title='bbox 376 3791 530 3880; x_wconf 91' lang='lat' dir='ltr'><strong>vidisse,</strong></span> <span class='ocrx_word' id='word_1_207' title='bbox 553 3793 698 3870; x_wconf 90' lang='lat' dir='ltr'><strong>scivisse</strong></span> <span class='ocrx_word' id='word_1_208' title='bbox 724 3791 782 3869; x_wconf 88' lang='lat' dir='ltr'><strong>vel</strong></span> <span class='ocrx_word' id='word_1_209' title='bbox 808 3791 993 3868; x_wconf 87' lang='lat' dir='ltr'><strong>audivisse</strong></span> <span class='ocrx_word' id='word_1_210' title='bbox 1021 3791 1093 3868; x_wconf 90' lang='lat' dir='ltr'><strong>dici</strong></span> <span class='ocrx_word' id='word_1_211' title='bbox 1121 3807 1205 3868; x_wconf 90' lang='lat' dir='ltr'><strong>ante</strong></span> <span class='ocrx_word' id='word_1_212' title='bbox 1234 3793 1449 3897; x_wconf 89' lang='lat' dir='ltr'><strong>capcionem</strong></span> <span class='ocrx_word' id='word_1_213' title='bbox 1470 3821 1602 3870; x_wconf 90' lang='lat' dir='ltr'><strong>eorum</strong></span> <span class='ocrx_word' id='word_1_214' title='bbox 1629 3796 1734 3900; x_wconf 92' lang='lat' dir='ltr'><strong>quod</strong></span> <span class='ocrx_word' id='word_1_215' title='bbox 1759 3797 1798 3872; x_wconf 93' lang='lat' dir='ltr'><strong>in</strong></span> 
     </span>
     <span class='ocr_line' id='line_1_25' title="bbox 377 3919 1797 4031; baseline 0.004 -32"><span class='ocrx_word' id='word_1_216' title='bbox 377 3921 662 4030; x_wconf 87' lang='lat' dir='ltr'><strong>recepcionibus</strong></span> <span class='ocrx_word' id='word_1_217' title='bbox 681 3921 839 3999; x_wconf 84' lang='lat' dir='ltr'><strong>lratrum</strong></span> <span class='ocrx_word' id='word_1_218' title='bbox 859 3920 1009 3998; x_wconf 83' lang='lat' dir='ltr'><strong>ordinis·</strong></span> <span class='ocrx_word' id='word_1_219' title='bbox 1024 3919 1081 3998; x_wconf 92' lang='lat' dir='ltr'><strong>vel</strong></span> <span class='ocrx_word' id='word_1_220' title='bbox 1107 3937 1191 4027; x_wconf 91' lang='lat' dir='ltr'><strong>post</strong></span> <span class='ocrx_word' id='word_1_221' title='bbox 1215 3923 1484 4002; x_wconf 88' lang='lat' dir='ltr'><strong>intervenirent</strong></span> <span class='ocrx_word' id='word_1_222' title='bbox 1510 3923 1797 4031; x_wconf 87' lang='lat' dir='ltr'><strong>abnegaciones,</strong></span> 
     </span>
     <span class='ocr_line' id='line_1_26' title="bbox 379 4050 1799 4162; baseline 0.004 -33"><span class='ocrx_word' id='word_1_223' title='bbox 379 4051 732 4162; x_wconf 86' lang='lat' dir='ltr'><strong>dogmatizaciones,</strong></span> <span class='ocrx_word' id='word_1_224' title='bbox 755 4050 956 4159; x_wconf 91' lang='lat' dir='ltr'><strong>opprobria</strong></span> <span class='ocrx_word' id='word_1_225' title='bbox 976 4050 1112 4140; x_wconf 72' lang='lat' dir='ltr'><strong>mucis,</strong></span> <span class='ocrx_word' id='word_1_226' title='bbox 1134 4051 1260 4128; x_wconf 89' lang='lat' dir='ltr'><strong>oscula</strong></span> <span class='ocrx_word' id='word_1_227' title='bbox 1281 4053 1498 4144; x_wconf 88' lang='lat' dir='ltr'><strong>inhonesta,</strong></span> <span class='ocrx_word' id='word_1_228' title='bbox 1521 4055 1664 4132; x_wconf 86' lang='lat' dir='ltr'><strong>crimen</strong></span> <span class='ocrx_word' id='word_1_229' title='bbox 1686 4056 1799 4134; x_wconf 92' lang='lat' dir='ltr'><strong>sodo·</strong></span> 
     </span>
     <span class='ocr_line' id='line_1_27' title="bbox 378 4179 1796 4290; baseline 0.005 -32"><span class='ocrx_word' id='word_1_230' title='bbox 378 4182 566 4272; x_wconf 90' lang='lat' dir='ltr'><strong>miticum,</strong></span> <span class='ocrx_word' id='word_1_231' title='bbox 588 4182 833 4261; x_wconf 90' lang='lat' dir='ltr'><strong>adoraciones</strong></span> <span class='ocrx_word' id='word_1_232' title='bbox 852 4182 922 4258; x_wconf 86' lang='lat' dir='ltr'><strong>cati</strong></span> <span class='ocrx_word' id='word_1_233' title='bbox 942 4180 998 4258; x_wconf 89' lang='lat' dir='ltr'><strong>vel</strong></span> <span class='ocrx_word' id='word_1_234' title='bbox 1019 4179 1239 4289; x_wconf 80' lang='lat' dir='ltr'><strong>ydolorum,</strong></span> <span class='ocrx_word' id='word_1_235' title='bbox 1262 4182 1319 4259; x_wconf 91' lang='lat' dir='ltr'><strong>vel</strong></span> <span class='ocrx_word' id='word_1_236' title='bbox 1339 4184 1445 4290; x_wconf 93' lang='lat' dir='ltr'><strong>quod</strong></span> <span class='ocrx_word' id='word_1_237' title='bbox 1465 4203 1590 4264; x_wconf 88' lang='lat' dir='ltr'><strong>essent</strong></span> <span class='ocrx_word' id='word_1_238' title='bbox 1609 4187 1796 4265; x_wconf 90' lang='lat' dir='ltr'><strong>increduli</strong></span> 
     </span>
     <span class='ocr_line' id='line_1_28' title="bbox 379 4309 1803 4424; baseline 0.006 -36"><span class='ocrx_word' id='word_1_239' title='bbox 379 4310 633 4390; x_wconf 87' lang='lat' dir='ltr'><strong>ecclesiasticis</strong></span> <span class='ocrx_word' id='word_1_240' title='bbox 650 4309 905 4400; x_wconf 85' lang='lat' dir='ltr'><strong>sacramentis,</strong></span> <span class='ocrx_word' id='word_1_241' title='bbox 927 4309 1067 4418; x_wconf 90' lang='lat' dir='ltr'><strong>quibus</strong></span> <span class='ocrx_word' id='word_1_242' title='bbox 1090 4310 1170 4418; x_wconf 92' lang='lat' dir='ltr'><strong>ipse</strong></span> <span class='ocrx_word' id='word_1_243' title='bbox 1194 4310 1292 4389; x_wconf 90' lang='lat' dir='ltr'><strong>bene</strong></span> <span class='ocrx_word' id='word_1_244' title='bbox 1318 4313 1512 4408; x_wconf 85' lang='lat' dir='ltr'><strong>credebat,</strong></span> <span class='ocrx_word' id='word_1_245' title='bbox 1533 4316 1591 4394; x_wconf 90' lang='lat' dir='ltr'><strong>vel</strong></span> <span class='ocrx_word' id='word_1_246' title='bbox 1616 4318 1719 4424; x_wconf 93' lang='lat' dir='ltr'><strong>qnod</strong></span> <span class='ocrx_word' id='word_1_247' title='bbox 1740 4347 1803 4396; x_wconf 93' lang='lat' dir='ltr'><strong>eo-</strong></span> 
     </span>
     <span class='ocr_line' id='line_1_29' title="bbox 379 4440 1802 4554; baseline 0.005 -36"><span class='ocrx_word' id='word_1_248' title='bbox 379 4470 465 4520; x_wconf 92' lang='lat' dir='ltr'><strong>rum</strong></span> <span class='ocrx_word' id='word_1_249' title='bbox 485 4442 698 4521; x_wconf 89' lang='lat' dir='ltr'><strong>sacerdotes</strong></span> <span class='ocrx_word' id='word_1_250' title='bbox 713 4459 841 4521; x_wconf 89' lang='lat' dir='ltr'><strong>contra</strong></span> <span class='ocrx_word' id='word_1_251' title='bbox 858 4440 1017 4518; x_wconf 78' lang='lat' dir='ltr'><strong>sormam</strong></span> <span class='ocrx_word' id='word_1_252' title='bbox 1030 4440 1195 4520; x_wconf 81' lang='lat' dir='ltr'><strong>Ecclesia</strong></span> <span class='ocrx_word' id='word_1_253' title='bbox 1212 4443 1459 4536; x_wconf 87' lang='lat' dir='ltr'><strong>celebrarent,</strong></span> <span class='ocrx_word' id='word_1_254' title='bbox 1475 4445 1532 4524; x_wconf 90' lang='lat' dir='ltr'><strong>vel</strong></span> <span class='ocrx_word' id='word_1_255' title='bbox 1548 4447 1653 4554; x_wconf 91' lang='lat' dir='ltr'><strong>qnod</strong></span> <span class='ocrx_word' id='word_1_256' title='bbox 1669 4477 1802 4527; x_wconf 87' lang='lat' dir='ltr'><strong>eorum</strong></span> 
     </span>
     <span class='ocr_line' id='line_1_30' title="bbox 296 4570 1801 4685; baseline 0.006 -39"><span class='ocrx_word' id='word_1_257' title='bbox 296 4625 298 4629; x_wconf 28' lang='grc' dir='ltr'><em>ψ</em></span> <span class='ocrx_word' id='word_1_258' title='bbox 378 4570 462 4649; x_wconf 89' lang='lat' dir='ltr'><strong>laici</strong></span> <span class='ocrx_word' id='word_1_259' title='bbox 482 4571 718 4652; x_wconf 88' lang='lat' dir='ltr'><strong>absolverent</strong></span> <span class='ocrx_word' id='word_1_260' title='bbox 736 4570 794 4650; x_wconf 90' lang='lat' dir='ltr'><strong>vel</strong></span> <span class='ocrx_word' id='word_1_261' title='bbox 820 4587 974 4678; x_wconf 88' lang='lat' dir='ltr'><strong>possent</strong></span> <span class='ocrx_word' id='word_1_262' title='bbox 992 4571 1183 4651; x_wconf 87' lang='lat' dir='ltr'><strong>absolvere</strong></span> <span class='ocrx_word' id='word_1_263' title='bbox 1205 4601 1225 4648; x_wconf 92' lang='lat' dir='ltr'><strong>a</strong></span> <span class='ocrx_word' id='word_1_264' title='bbox 1245 4575 1420 4679; x_wconf 87' lang='lat' dir='ltr'><strong>peccatis,</strong></span> <span class='ocrx_word' id='word_1_265' title='bbox 1445 4576 1611 4656; x_wconf 89' lang='lat' dir='ltr'><strong>adiciens</strong></span> <span class='ocrx_word' id='word_1_266' title='bbox 1633 4579 1740 4685; x_wconf 91' lang='lat' dir='ltr'><strong>quod</strong></span> <span class='ocrx_word' id='word_1_267' title='bbox 1763 4580 1801 4656; x_wconf 91' lang='lat' dir='ltr'><strong>in</strong></span> 
     </span>
     <span class='ocr_line' id='line_1_31' title="bbox 379 4700 1803 4810; baseline 0.007 -34"><span class='ocrx_word' id='word_1_268' title='bbox 379 4703 600 4810; x_wconf 86' lang='lat' dir='ltr'><strong>recepcione</strong></span> <span class='ocrx_word' id='word_1_269' title='bbox 616 4731 680 4780; x_wconf 90' lang='lat' dir='ltr'><strong>sua</strong></span> <span class='ocrx_word' id='word_1_270' title='bbox 702 4719 739 4780; x_wconf 88' lang='lat' dir='ltr'><strong>et</strong></span> <span class='ocrx_word' id='word_1_271' title='bbox 759 4703 797 4779; x_wconf 93' lang='lat' dir='ltr'><strong>in</strong></span> <span class='ocrx_word' id='word_1_272' title='bbox 816 4703 1035 4809; x_wconf 89' lang='lat' dir='ltr'><strong>recepcione</strong></span> <span class='ocrx_word' id='word_1_273' title='bbox 1052 4700 1174 4781; x_wconf 84' lang='lat' dir='ltr'><strong>fratris</strong></span> <span class='ocrx_word' id='word_1_274' title='bbox 1194 4704 1375 4784; x_wconf 88' lang='lat' dir='ltr'><strong>lobannis</strong></span> <span class='ocrx_word' id='word_1_275' title='bbox 1393 4706 1505 4784; x_wconf 83' lang='lat' dir='ltr'><strong>Folbi</strong></span> <span class='ocrx_word' id='word_1_276' title='bbox 1526 4711 1720 4788; x_wconf 91' lang='lat' dir='ltr'><strong>servientis</strong></span> <span class='ocrx_word' id='word_1_277' title='bbox 1741 4709 1803 4786; x_wconf 90' lang='lat' dir='ltr'><strong>de-</strong></span> 
     </span>
     <span class='ocr_line' id='line_1_32' title="bbox 381 4833 1800 4943; baseline 0.006 -34"><span class='ocrx_word' id='word_1_278' title='bbox 381 4834 476 4910; x_wconf 84' lang='lat' dir='ltr'><strong>tenti</strong></span> <span class='ocrx_word' id='word_1_279' title='bbox 493 4833 674 4925; x_wconf 89' lang='lat' dir='ltr'><strong>Turonis,</strong></span> <span class='ocrx_word' id='word_1_280' title='bbox 687 4861 803 4939; x_wconf 91' lang='lat' dir='ltr'><strong>quem</strong></span> <span class='ocrx_word' id='word_1_281' title='bbox 815 4833 908 4910; x_wconf 86' lang='lat' dir='ltr'><strong>vidit</strong></span> <span class='ocrx_word' id='word_1_282' title='bbox 922 4833 1055 4938; x_wconf 92' lang='lat' dir='ltr'><strong>recipi,</strong></span> <span class='ocrx_word' id='word_1_283' title='bbox 1073 4833 1130 4911; x_wconf 95' lang='lat' dir='ltr'><strong>vel</strong></span> <span class='ocrx_word' id='word_1_284' title='bbox 1148 4852 1249 4943; x_wconf 90' lang='lat' dir='ltr'><strong>post,</strong></span> <span class='ocrx_word' id='word_1_285' title='bbox 1267 4835 1383 4914; x_wconf 92' lang='lat' dir='ltr'><strong>nichil</strong></span> <span class='ocrx_word' id='word_1_286' title='bbox 1398 4838 1600 4915; x_wconf 90' lang='lat' dir='ltr'><strong>intervenit</strong></span> <span class='ocrx_word' id='word_1_287' title='bbox 1613 4839 1800 4918; x_wconf 86' lang='lat' dir='ltr'><strong>illicitum.</strong></span> 
     </span>
    </p>
   </div>
   <div class='ocr_carea' id='block_1_8' title="bbox 0 0 2268 5890">
    <p class='ocr_par' dir='ltr' id='par_1_9' title="bbox 0 0 2268 5890">
     <span class='ocr_line' id='line_1_33' title="bbox 0 0 2268 5890; baseline 0 0"><span class='ocrx_word' id='word_1_288' title='bbox 0 0 2268 5890; x_wconf 95' lang='lat' dir='ltr'><strong> </strong></span> 
     </span>
    </p>
   </div>
  </div>
 </body>
</html>
