4208 5886
393 539 468 614 25t
771 527 970 616 PROCES
1001 543 1098 614 Dus
1130 542 1434 618 TEMPLIERS.

390 700 498 790 ptum
506 709 577 790 per
587 683 741 760 fratrem
753 681 971 761 Guidonem
984 682 1163 789 Delphini
1177 683 1351 774 militem,
1366 702 1502 762 testem
1513 713 1624 792 supra
1632 689 1815 767 examina·-

389 832 489 904 tum,
515 814 555 892 in
575 812 720 918 capella·
741 813 878 890 domus
897 813 1048 918 Templi
1076 813 1125 890 de
1144 813 1245 890 Jussi
1261 813 1504 892 bituricensis
1527 816 1704 906 diocesis,
1729 835 1817 896 sunt

389 945 535 1023 circiter
552 972 588 1022 rx
602 943 707 1035 anui,
724 941 964 1048 presentibus
988 943 1165 1021 iratribus
1180 944 1353 1022 tohanne
1373 945 1422 1022 de
1448 945 1577 1022 Monet
1592 946 1813 1051 presbitero,

390 1077 546 1156 detento
566 1075 668 1183 apud
687 1075 863 1153 Riomum
882 1075 922 1150 in
943 1073 1139 1166 Arvernia,
1159 1076 1269 1152 Petro
1282 1075 1464 1163 Macrini,
1487 1093 1582 1154 teste
1602 1105 1714 1183 supra
1734 1105 1816 1156 exa-

389 1211 543 1299 minato,
565 1225 602 1286 et
618 1207 839 1315 Raymundo
854 1207 967 1284 Vinet
986 1207 1186 1296 serviente,
1208 1206 1414 1286 deffimcto.
1436 1207 1606 1284 Plurium
1626 1208 1816 1315 receptio-

389 1341 499 1420 nibus
529 1368 606 1418 non
636 1338 769 1416 recolit
795 1365 835 1415 sc
857 1337 1019 1416 affuisse.
1040 1339 1152 1428 Item,
1180 1339 1275 1417 dixit
1299 1339 1405 1446 quod
1427 1340 1508 1446 ipse
1526 1339 1625 1418 bene
1639 1340 1815 1418 madebat

388 1470 645 1550 ecclesiasticis
669 1468 927 1562 sacramentis,
954 1469 1113 1546 credens
1139 1469 1245 1574 quod
1270 1470 1333 1547 alii
1357 1470 1490 1549 fratres
1509 1471 1653 1548 ordinis
1676 1471 1811 1548 eodem

388 1604 503 1680 modo
520 1601 732 1687 crederent,
750 1615 790 1677 et
804 1601 910 1705 quod
922 1627 1057 1677 eorum
1069 1599 1282 1677 sacerdotes
1293 1600 1425 1679 debite
1440 1601 1685 1680 celebrarent.
1703 1601 1814 1678 Clan-

388 1732 534 1810 destine
557 1729 849 1837 recipiebantur,
878 1729 990 1808 nullis
1016 1731 1255 1835 presentibus
1282 1731 1355 1808 nisi
1380 1730 1557 1810 fratribus
1582 1730 1742 1822 ordinis,
1768 1761 1813 1810 es

388 1889 466 1969 quo
487 1860 605 1938 credit
630 1859 735 1966 quod
759 1876 856 1937 esset
875 1859 1038 1965 suspicio
1062 1877 1192 1938 contra
1215 1888 1293 1938 eos.
1319 1860 1495 1940 Cordulis
1516 1863 1619 1940 unde
1637 1861 1814 1940 volebant

389 1991 587 2097 assumptis
604 1989 851 2098 cingebantur
869 2017 982 2096 super
996 1989 1164 2066 camisias
1181 2018 1267 2067 eum
1285 1991 1422 2096 quibus
1436 1990 1623 2097 jacebant.
1645 1990 1812 2097 lujunge

388 2121 500 2198 batur
522 2120 575 2197 eis
594 2119 700 2226 quod
721 2147 798 2197 non
816 2117 1087 2196 confiterentur
1113 2118 1184 2195 nisi
1210 2118 1388 2196 fratribus
1407 2119 1625 2225 presbiteris
1650 2120 1810 2207 ordinis,

387 2251 455 2328 sed
474 2252 547 2329 boe
567 2277 645 2326 non
670 2247 896 2326 servabatur.
923 2248 1070 2326 Fratres
1089 2249 1235 2326 ordinis
1258 2277 1357 2355 quos
1374 2249 1496 2326 credit
1513 2249 1660 2328 scivisse
1682 2249 1812 2328 illicita

387 2381 592 2459 consessata
609 2407 676 2486 per
696 2405 785 2456 eum
798 2378 952 2456 suerunt
967 2377 1217 2487 negligentes,
1229 2379 1318 2485 quia
1334 2407 1412 2456 non
1431 2397 1671 2458 correxerunt
1688 2409 1731 2458 ea
1743 2409 1812 2460 nec
1906 2433 1909 2442 ·

387 2512 708 2590 denunciaverunt
726 2507 903 2588 Ecclesie.
921 2509 1179 2587 Elemosinam
1198 2527 1238 2588 ct
1256 2510 1549 2616 hospitalitatem
1567 2511 1663 2590 vidit
1681 2539 1811 2590 conve

386 2643 537 2721 nienter
556 2641 638 2718 lieri
656 2657 697 2717 et
715 2639 850 2718 servari
867 2639 907 2714 in
920 2639 1098 2717 domibus
1116 2639 1261 2717 ordinis
1274 2641 1315 2716 in
1331 2640 1472 2747 quibus
1487 2642 1627 2719 exstitit
1646 2669 1811 2722 commo-

387 2790 500 2860 ratus,
537 2787 576 2847 et
600 2769 890 2848 deffendebatnr
913 2769 967 2846 eis
990 2797 1039 2844 ns
1068 2769 1207 2875 injuste
1232 2771 1469 2876 acquirerent
1499 2771 1638 2850 ordini.
1658 2770 1812 2850 Audivit
1836 2807 1841 2820 ·

387 2902 461 2980 diei
473 2901 579 3007 quod
591 2929 726 2978 eorum
747 2899 920 3005 capitalia
933 2899 1030 2976 clam
1049 2899 1286 2978 tenebantur.
1309 2899 1490 2980 Ordinato
1504 2929 1573 3006 per
1590 2901 1811 3008 Magistrum

385 3060 474 3108 cum
493 3047 680 3108 conventu
701 3045 881 3106 servasset
897 3043 1001 3105 totus
1022 3028 1130 3118 ordo,
1155 3047 1284 3108 contra
1298 3059 1415 3137 quem
1436 3059 1536 3107 nunc
1556 3046 1711 3137 propter
1727 3059 1812 3136 pre·

387 3161 485 3236 dicta
503 3158 658 3266 grandia
673 3157 862 3245 scandala,
885 3157 1047 3262 suspicio
1066 3173 1105 3234 et
1122 3157 1275 3235 infamia
1293 3175 1383 3236 sunt
1403 3177 1541 3236 exorta.
1562 3158 1715 3237 Audivit
1736 3161 1809 3238 dici

385 3291 606 3397 Magistrum
626 3305 666 3366 et
682 3286 775 3366 alios
792 3286 915 3393 aliqua
935 3285 1048 3364 irrisae
1067 3285 1257 3364 confessos
1276 3304 1404 3366 contra
1422 3288 1613 3375 ordinem,
1635 3289 1682 3366 ad
1702 3290 1811 3396 cujus

387 3419 659 3498 deffensionem
680 3445 720 3494 se
742 3444 819 3494 non
838 3415 1044 3504 obtulerat,
1067 3441 1137 3492 nec
1156 3414 1277 3492 luem
1295 3415 1395 3494 ultra
1410 3444 1528 3494 mare

441 3549 658 3657 Requisitus
670 3547 701 3626 si
714 3546 1005 3652 sicdcposuerat
1018 3572 1147 3650 prece,
1162 3561 1357 3651 precepto,
1369 3545 1524 3635 timore,
1538 3574 1684 3638 amore,
1699 3547 1807 3636 odio,

383 3678 442 3758 vel
462 3678 662 3786 temporali
678 3678 840 3756 comodo
857 3675 987 3754 habito
1004 3674 1063 3754 vel
1083 3674 1277 3766 babendo,
1295 3675 1490 3781 respondit
1505 3677 1612 3783 qnod
1627 3705 1726 3766 nou,
1742 3678 1810 3754 sed

384 3839 452 3916 pro
472 3810 626 3887 veritate
648 3807 825 3897 dicenda;
852 3805 911 3883 cui
932 3805 1004 3882 luit
1032 3805 1245 3912 injunctum
1271 3807 1378 3911 quod
1395 3833 1472 3882 non
1501 3805 1684 3884 revelaret
1712 3799 1815 3885 banc

384 3969 490 4017 suam
506 3936 806 4046 deposicionem,
823 3961 1021 4042 quousque
1041 3933 1299 4012 attestaciones
1318 3933 1460 4014 luerint
1479 3933 1680 4040 publicata.

440 4201 570 4276 Frater
597 4196 808 4304 Stephanus
834 4194 881 4272 de
910 4192 1087 4274 Glotonis
1110 4195 1295 4282 serviens,
1320 4193 1599 4274 Lemovicensis
1626 4193 1806 4286 diocesis,

383 4359 496 4436 supra
510 4329 676 4437 juratus,
699 4325 1016 4434 quadragenarius
1037 4323 1096 4402 vel
1119 4323 1233 4414 circa,
1261 4324 1326 4430 qui
1353 4323 1563 4402 voluntarie
1583 4325 1808 4404 mantellum

384 4461 577 4538 dimiserat
602 4476 641 4538 et
664 4459 747 4536 radi
768 4458 907 4536 lecerat
934 4455 1006 4534 sibi
1025 4455 1201 4544 barbam,
1224 4483 1310 4534 cum
1331 4483 1407 4562 quo
1425 4455 1650 4560 inquisitum
1669 4455 1806 4546 suerat,

382 4590 577 4670 absolutus
590 4607 628 4668 et
639 4589 898 4668 reconciliatus
909 4615 978 4694 per
990 4587 1188 4664 dominum
1204 4585 1424 4691 episcopum
1437 4583 1806 4671 Claromonteusem,

381 4721 488 4800 lectis
501 4737 539 4799 et
553 4719 756 4830 diligenter
771 4719 946 4826 expositis
960 4717 1033 4794 sibi
1045 4716 1224 4795 omnibus
1236 4732 1274 4793 et
1287 4714 1444 4823 singulis
1455 4715 1635 4804 articulis,
1655 4743 1809 4820 respon-

382 4853 438 4930 dit
457 4881 495 4930 se
517 4852 680 4942 nescire,
701 4879 772 4930 nec
791 4850 964 4939 credere,
987 4875 1057 4926 nec
1088 4845 1272 4924 audivisse
1299 4845 1373 4924 dici
1397 4845 1445 4924 de
1475 4845 1662 4924 contentis
1691 4845 1730 4922 in
1755 4845 1809 4928 eis
