4486 5890
508 505 555 579 aa
894 481 1095 575 moces
1122 501 1219 572 ons
1245 499 1547 572 rumpemus.

505 664 544 726 et
557 645 719 752 qualiter
740 660 777 720 et
797 671 909 749 aquo
923 658 1097 750 receptus
1114 640 1248 730 luerat,
1267 659 1305 718 et
1318 669 1415 748 quos
1432 641 1547 747 recipi
1565 639 1723 730 viderat,
1740 642 1933 748 respondit

505 777 611 882 quod
629 777 710 883 ipse
731 791 770 852 et
789 773 959 882 quinque
980 772 1042 850 alii
1060 772 1192 850 fratres
1211 773 1345 849 Petrus
1363 771 1503 850 Mathai
1524 769 1721 879 presbiter,
1745 787 1782 847 et
1802 772 1932 849 Petrus

506 925 543 983 et
562 907 751 984 lohannes
772 905 913 983 Mathai
933 903 1154 992 servientes,
1177 921 1334 1010 nepotes
1353 901 1524 1012 ejusdem
1540 900 1759 1008 presbiteri,
1775 901 1823 980 de
1839 904 1933 981 Nan-

507 1037 599 1115 tolio
624 1035 782 1114 diocesis
809 1034 1048 1126 Pictavensis‚
1075 1033 1278 1111 Amandus
1303 1034 1352 1111 de
1375 1034 1563 1124 Vuctone‚
1591 1032 1698 1140 cujus
1723 1061 1933 1140 cognomen

505 1169 667 1274 ignorat,
698 1183 735 1242 et
762 1165 919 1272 quidam
949 1164 1045 1242 alius
1068 1164 1117 1241 de
1144 1164 1253 1272 cujus
1282 1163 1437 1242 nomine
1459 1180 1496 1240 et
1518 1163 1754 1270 cognomine·
1770 1192 1845 1240 non
1875 1195 1933 1240 re-

505 1296 693 1388 cordatur,
712 1294 869 1374 fuerunt
883 1294 999 1372 simul
1016 1294 1156 1402 recepti
1176 1294 1214 1370 in
1232 1294 1371 1400 capella
1393 1293 1529 1372 domus
1542 1293 1693 1400 Templi
1706 1294 1754 1371 de
1770 1285 1932 1374 Verlone

503 1426 798 1537 Engolismensis
811 1425 982 1514 diocesis,
999 1452 1068 1533 per
1081 1424 1235 1504 lratrcm
1248 1423 1513 1534 Raymundum
1530 1425 1576 1502 de
1595 1424 1753 1502 Marolio
1773 1425 1931 1503 militem

505 1560 717 1662 quondam,
739 1573 829 1633 tunc
860 1557 1185 1634 locumtenentem
1218 1557 1449 1662 preceptoris
1469 1556 1647 1647 Pictavie,
1670 1556 1709 1632 in
1728 1553 1824 1634 festo
1844 1559 1934 1636 Om-

505 1689 612 1764 nium
632 1690 855 1768 Sanctorum
885 1689 1054 1794 proxime
1074 1686 1256 1795 preterito
1282 1686 1438 1764 luerunt
1459 1714 1504 1764 xx
1525 1687 1612 1763 anni
1640 1687 1698 1763 vel
1723 1687 1831 1776 circa,
1850 1717 1934 1794 pre·

503 1818 674 1896 sentibus
691 1817 868 1896 fratribus
884 1816 1091 1896 Guillelmo
1106 1816 1143 1894 le
1159 1816 1390 1896 Chandelier
1411 1817 1457 1893 de
1481 1817 1618 1895 Sancto
1633 1817 1842 1896 Guillelmo
1858 1818 1932 1896 deu

505 1950 641 2027 Desert
659 1948 908 2040 Lodunensis,
930 1950 1041 2026 Petro
1057 1948 1104 2026 de
1118 1948 1323 2026 Montuhac
1338 1946 1636 2054 Engolismensis
1650 1948 1822 2036 diocesis,
1839 1977 1933 2056 quos

504 2080 623 2156 credit
636 2081 778 2169 vivere;
795 2079 964 2158 Gerardo
983 2079 1019 2156 la
1037 2081 1187 2158 Vemha
1206 2095 1426 2186 preceptore
1450 2077 1732 2186 Petragoricini,
1755 2079 1931 2157 Arnaudo

505 2210 552 2286 de
567 2209 763 2298 Badalbac,
782 2225 819 2286 et
833 2210 1064 2316 quibusdam
1080 2209 1163 2287 aliis
1181 2209 1431 2287 servientibus
1449 2208 1664 2298 deffunctis,
1683 2209 1721 2284 in
1737 2209 1838 2286 bunc
1853 2238 1934 2286 mo·

505 2340 610 2416 dum:
629 2367 714 2416 nam
735 2340 903 2445 exposito
925 2339 1032 2446 quod
1052 2338 1231 2416 volebant
1252 2367 1332 2416 esse
1354 2337 1393 2414 in
1413 2338 1568 2416 servicio
1588 2338 1658 2416 Dei
1675 2353 1714 2414 et
1731 2339 1876 2416 ordinis
1896 2355 1933 2416 et

504 2471 597 2546 servi
615 2469 746 2548 esclavi
768 2470 886 2546 Terre
901 2470 1052 2560 Sancte,
1075 2485 1113 2546 et
1130 2469 1247 2576 petita
1265 2470 1415 2546 caritate
1436 2469 1596 2560 ordinis,
1613 2467 1686 2545 luit
1706 2470 1759 2546 eis
1777 2497 1932 2576 respon-

503 2629 587 2677 sum
613 2600 718 2706 quod
737 2600 836 2677 bene
858 2599 1128 2690 deliberarent,
1147 2599 1235 2706 quia
1259 2616 1452 2706 oporteret
1472 2627 1536 2676 eos
1553 2599 1726 2676 abdicare
1749 2629 1770 2675 a
1790 2628 1829 2678 se
1847 2629 1932 2707 pro-

504 2729 623 2834 priam
640 2730 871 2808 voluntatem
887 2747 924 2806 et
939 2728 1071 2837 subjici
1089 2729 1222 2819 aliene,
1241 2746 1278 2806 et
1293 2729 1411 2806 multa
1425 2730 1521 2807 dura
1536 2747 1573 2806 et
1588 2758 1715 2836 aspera
1728 2731 1929 2821 sustinere;

506 2877 543 2935 et
564 2887 650 2937 cum
673 2861 744 2967 ipsi
770 2860 950 2938 dixissent
970 2861 1075 2967 quod
1100 2861 1227 2939 omnia
1255 2859 1484 2938 sustinerent
1503 2876 1541 2936 et
1559 2888 1628 2966 pro
1649 2887 1782 2938 eorum
1803 2889 1930 2967 recep-

505 2989 613 3067 cione
634 2991 831 3084 instarent,
853 2993 1000 3098 poscito
1025 2990 1072 3069 ab
1100 2992 1154 3068 eis
1180 2991 1284 3098 quod
1307 3019 1384 3067 non
1411 3007 1517 3068 erant
1544 2990 1802 3081 matrimonio,
1824 2990 1929 3070 alteri

505 3119 677 3226 religioni
702 3147 771 3197 nec
791 3121 1025 3228 debitisque
1047 3121 1189 3198 solvere
1213 3150 1290 3200 non
1312 3138 1465 3227 possent
1488 3119 1659 3228 obligati,
1690 3149 1761 3200 nec
1788 3149 1932 3198 excom-

503 3249 695 3340 municati,
713 3279 783 3330 nec
803 3251 944 3330 servilis
964 3251 1213 3339 condicionis,
1236 3279 1305 3328 nec
1324 3250 1515 3328 habebant
1535 3247 1792 3327 infirmitatem
1814 3250 1930 3328 laten-

503 3400 593 3472 tem,
612 3379 702 3458 lecit
716 3409 781 3460 eos
793 3409 926 3459 vovere
941 3398 979 3458 et
989 3381 1117 3488 jurare
1134 3379 1239 3488 quod
1255 3397 1378 3458 essent
1393 3378 1614 3458 obedientes
1630 3380 1712 3458 Deo
1727 3397 1765 3458 et
1784 3382 1927 3470 ordini,

504 3511 681 3617 Magistro
695 3513 838 3589 ordinis
850 3529 887 3589 et
899 3511 1184 3620 preceptoribus
1198 3539 1349 3600 eorum,
1366 3511 1472 3617 quod
1486 3510 1650 3587 viverent
1665 3510 1745 3588 sine
1758 3513 1925 3619 proprio,

503 3658 541 3719 et
553 3661 741 3720 servarent
754 3644 960 3721 castitatem
974 3660 1012 3720 et
1022 3641 1145 3721 bonos
1158 3671 1250 3720 usus
1261 3659 1301 3719 et
1314 3640 1434 3720 bonas
1450 3641 1742 3720 consuetudines
1758 3643 1823 3750 qui
1838 3661 1928 3720 tunc

503 3788 609 3848 erant
631 3773 669 3848 in
696 3773 846 3864 ordine,
869 3773 993 3880 etqui
1019 3773 1057 3849 in
1083 3788 1278 3879 posterum
1298 3773 1586 3878 imponerentur
1606 3800 1673 3878 per
1700 3773 1928 3879 presbiteros

502 3901 658 3991 ordinis,
680 3920 718 3978 et
736 3903 842 4009 quod
855 3918 980 3980 essent
999 3903 1147 3980 serviet
1166 3903 1297 3980 esclavi
1315 3904 1431 3980 Terre
1449 3903 1600 3992 Sancte,
1620 3920 1659 3979 et
1673 3903 1858 4008 impositis
1875 3906 1927 3980 eis

503 4029 705 4118 mantellis,
717 4049 890 4138 receptor
904 4048 942 4108 et
960 4049 1122 4109 astantes
1137 4031 1292 4110 luerunt
1312 4059 1377 4110 eos
1394 4033 1550 4110 osculati
1567 4033 1606 4110 in
1625 4060 1709 4124 ore,
1732 4052 1770 4110 et
1789 4034 1927 4112 instru-

503 4161 555 4238 xit
576 4189 639 4240 eos
658 4180 752 4270 quot
768 4163 880 4240 Pater
892 4178 1008 4242 noster
1027 4162 1197 4240 dicerent
1207 4192 1275 4270 pro
1294 4163 1397 4242 horis
1415 4165 1505 4258 suis,
1526 4181 1564 4242 et
1578 4164 1742 4272 qualiter
1755 4181 1928 4273 regerent

503 4321 542 4368 se
566 4293 604 4370 in
624 4292 773 4384 ordine,
795 4293 923 4400 plures
944 4323 1051 4373 casus
1071 4311 1298 4400 exponentes
1317 4313 1472 4403 propter
1490 4325 1587 4403 quos
1606 4312 1780 4402 poterant
1803 4297 1926 4374 incur-

501 4451 583 4499 rere
600 4423 763 4501 diversas
779 4453 895 4530 penas
910 4442 949 4502 et
964 4425 1125 4532 perdere
1143 4425 1314 4518 domum,
1333 4443 1370 4503 et
1386 4425 1481 4504 dixit
1498 4429 1551 4504 eis
1567 4426 1673 4534 quod
1692 4426 1740 4504 ab
1754 4426 1836 4506 aliis
1856 4427 1927 4506 fra-

501 4553 624 4632 tribus
644 4553 789 4632 ordinis
807 4572 962 4661 possent
981 4556 1234 4662 inposterum
1254 4555 1416 4664 amplius
1434 4557 1640 4635 informari.
1662 4558 1879 4664 Requisitus
1897 4561 1926 4636 si

503 4685 581 4790 ipse
606 4684 663 4762 vel
689 4684 822 4792 aliquis
853 4687 1111 4793 predictorum
1137 4703 1377 4793 receptorum
1404 4717 1490 4765 cum
1517 4717 1562 4766 eo
1588 4687 1729 4767 fuerint
1753 4689 1855 4766 ducti
1880 4691 1926 4766 ad

500 4831 646 4920 partem
668 4843 737 4921 per
753 4833 986 4924 receptorem
1002 4816 1061 4897 vel
1076 4817 1206 4906 alium,
1224 4816 1419 4924 respondit
1436 4818 1540 4926 quod
1560 4847 1648 4906 non,
1672 4835 1709 4895 et
1724 4818 1828 4926 quod
1844 4819 1927 4897 nul·
