4210 5882
713 546 910 639 rnocts
935 563 1033 636 nns
1057 561 1355 636 rnurtrnns.
1672 547 1747 635 scs

324 705 439 786 nibus
454 706 553 799 aliis,
571 723 755 813 quantum
776 705 823 782 ad
838 703 1147 811 abnegacionem,
1165 702 1400 808 spuicionem
1413 718 1449 779 et
1464 700 1553 791 alia,
1572 729 1637 780 eos
1652 729 1751 778 rece·

322 839 378 944 pit
395 865 465 945 per
484 837 593 917 illum
618 836 788 914 modum.
811 834 1029 943 Requisitus
1056 851 1186 911 utrum
1212 835 1266 925 vi,
1294 831 1354 910 vel
1384 850 1490 910 metu
1510 833 1668 911 carceris
1683 862 1750 910 seu

321 985 618 1060 tormentorum,
645 983 710 1044 aut
729 967 800 1043 alia
820 967 869 1043 de
893 993 1020 1054 causa,
1041 963 1203 1071 aliquam
1229 962 1428 1042 falsitatem
1445 963 1580 1042 dixerit
1596 981 1662 1043 aut
1680 965 1751 1042 im

322 1099 516 1177 miscuerit
530 1099 571 1175 in
591 1097 833 1207 deposicione
854 1124 937 1186 sua,
960 1111 1024 1173 aut
1039 1094 1198 1172 tacuerit
1216 1095 1428 1186 veritatem,
1453 1094 1546 1172 dixit
1565 1123 1633 1200 per
1644 1097 1751 1202 jura-

321 1247 494 1308 mentum
517 1257 629 1308 suum
657 1229 761 1335 quod
785 1257 879 1319 non,
903 1255 972 1304 nec
1003 1225 1127 1333 aliqua
1146 1225 1327 1304 violencia
1355 1224 1426 1303 sibi
1453 1225 1524 1302 fuit
1550 1223 1659 1312 facta,
1685 1225 1751 1302 sed

320 1390 455 1467 puram
476 1360 670 1438 veritatem
690 1361 844 1437 dixerat.

377 1619 467 1696 Acta
486 1635 580 1696 sunt
605 1621 677 1698 hec
696 1647 811 1712 anno,
837 1618 1046 1706 indicione,
1076 1643 1223 1708 mense,
1249 1616 1328 1707 die,
1352 1615 1573 1724 pontificatu
1605 1635 1642 1694 et
1669 1617 1752 1694 loco

322 1750 519 1858 predictis,
543 1751 782 1858 presentibus
794 1749 980 1858 religiosis
999 1766 1037 1826 et
1055 1749 1225 1826 honestis
1239 1749 1328 1826 viris
1347 1747 1525 1826 fratribus
1544 1747 1752 1824 Laurencio

323 1883 371 1960 de
392 1881 584 1969 Nannetis,
606 1882 776 1959 lohanne
798 1881 846 1958 de
868 1879 992 1958 Insula
1016 1881 1140 1986 priore
1160 1879 1356 1971 Trecensi,
1381 1898 1419 1957 et
1437 1878 1563 1957 Felice
1588 1879 1635 1955 de
1653 1879 1752 1986 Fayo

279 2117 282 2122 Ι
323 2013 468 2091 ordinis
485 2012 785 2104 Predicatorum,
801 2013 972 2090 Johanne
992 2011 1039 2087 de
1054 2011 1238 2100 Farreria,
1258 2008 1465 2089 Guillelmo
1485 2010 1533 2088 de
1557 2010 1751 2116 Choques‚

240 2229 244 2238 ,
323 2161 361 2222 et
380 2143 571 2250 Stephano
593 2142 640 2220 de
658 2143 884 2231 Matiscone,
906 2141 1067 2220 testibus
1087 2139 1135 2217 ad
1156 2141 1227 2218 hec
1250 2141 1385 2218 vocatis
1410 2140 1619 2247 specialiter
1640 2159 1676 2217 et
1693 2169 1755 2217 ro-

322 2292 426 2384 gatis.

379 2537 426 2613 Et
446 2563 515 2642 ego
535 2533 700 2613 Amisius
713 2536 761 2613 de
774 2531 976 2614 Aureliano
990 2533 1112 2612 dictus
1131 2535 1167 2613 le
1183 2531 1296 2618 Ratif,
1320 2532 1496 2624 clericus,
1522 2548 1752 2610 sacrosancte

323 2667 489 2743 Romane
515 2664 668 2742 ecclesie
701 2666 918 2743 auctoritate
944 2665 1112 2743 notarius
1137 2665 1328 2772 publicus,
1354 2663 1547 2770 premissis
1572 2664 1754 2741 omnibus

325 2812 363 2872 et
381 2795 538 2902 singulis
557 2793 854 2872 confessionibus
874 2796 912 2872 in
930 2795 1000 2872 hnc
1020 2813 1057 2871 et
1075 2793 1370 2901 precedentibus
1388 2793 1505 2899 peciis
1527 2792 1639 2870 simul
1660 2794 1754 2870 sutis

324 2925 431 3032 signo
451 2953 538 3002 meo
561 2925 712 3031 signatis
737 2926 936 3021 contentis,
964 2953 1039 3003 una
1059 2953 1145 3003 cum
1165 2924 1326 3002 testibus
1355 2941 1391 3002 et
1414 2923 1577 3032 publicis
1600 2925 1754 3002 notariis

324 3084 436 3162 supra
462 3073 499 3132 et
525 3054 785 3161 infrascriptis,
808 3083 964 3161 presens
995 3054 1164 3144 interfui,
1183 3083 1241 3144 ac,
1270 3055 1319 3132 de
1343 3055 1520 3133 mandato
1542 3054 1634 3132 dicti
1656 3082 1754 3134 com-

317 3186 500 3280 missarii,
523 3187 611 3262 huic
632 3186 885 3263 instrumento
908 3213 969 3262 me
994 3185 1195 3293 subscripsi
1216 3187 1257 3264 in
1274 3187 1534 3265 testimonium
1553 3188 1755 3295 premisso—

323 3345 426 3410 rum,
448 3316 622 3422 illudque
643 3318 751 3423 signo
766 3343 853 3394 meo
865 3316 977 3394 solito
991 3317 1130 3423 signavi
1146 3335 1310 3424 rogatus.
1515 3301 1519 3310 ¹

379 3579 427 3654 Et
442 3605 512 3686 ego
530 3579 689 3657 lacobus
706 3579 753 3655 de
769 3579 917 3657 Virtute
938 3579 1097 3658 clericus
1112 3577 1421 3659 Cathalaunensis
1438 3581 1613 3672 diocesis,
1628 3580 1749 3688 publi-

325 3737 389 3786 cus
416 3708 600 3815 imperiali
626 3711 844 3787 auctoritate
874 3710 1056 3800 notarius,
1087 3710 1278 3817 premissis
1306 3711 1484 3789 omnibus
1511 3728 1549 3788 et
1575 3711 1750 3818 singulis,

324 3857 437 3947 prout
455 3841 493 3916 in
509 3839 673 3947 presenti
690 3857 788 3917 carta
802 3869 869 3920 seu
887 3842 991 3947 peria
1008 3859 1045 3919 et
1067 3843 1286 3948 precedenti
1306 3842 1419 3920 simul
1435 3843 1527 3920 sutis
1543 3843 1649 3949 signo
1665 3871 1752 3919 meo

324 3971 478 4077 signatis
503 3972 752 4061 continentur,
774 3999 953 4050 unacum
976 3974 1136 4052 testibus
1157 3989 1202 4050 et·
1218 3971 1380 4080 publicis
1406 3973 1560 4052 notariis
1585 4001 1696 4080 supra
1715 3992 1752 4051 et
1784 3964 1786 3969 ’

325 4100 565 4209 infrascriptis
575 4160 584 4189 ,
594 4128 750 4208 presens
759 4099 929 4192 interfui,
946 4131 1006 4182 me
1017 4102 1238 4210 subscripsi,
1252 4122 1289 4182 et
1302 4103 1451 4212 signum
1460 4133 1587 4182 meum
1599 4103 1751 4182 solitum

326 4233 480 4338 apposui
495 4249 659 4340 rogatus.

381 4495 427 4570 Et
460 4520 528 4600 ego
561 4495 708 4572 Euenus
731 4493 840 4602 Phily
864 4495 911 4572 de
944 4495 1079 4574 Sancto
1110 4496 1253 4575 Nicasio
1283 4497 1437 4577 clericus
1462 4499 1752 4604 Corisopitensis

326 4623 501 4713 diocesis,
521 4625 722 4731 apostolica
740 4625 915 4734 publicus
933 4627 1152 4705 auctoritate
1165 4627 1349 4720 notarius,
1364 4631 1556 4736 premissis
1575 4629 1753 4707 omnibus

326 4771 363 4830 et
379 4755 548 4862 singulis,
570 4773 684 4860 prout
710 4758 749 4832 in
767 4757 931 4862 presenti
956 4757 1082 4836 rotulo
1104 4774 1141 4835 et
1159 4759 1375 4865 precedenti
1402 4761 1626 4868 consignatis
1645 4760 1752 4867 signo

324 4911 411 4963 meo
431 4886 683 4976 continentur,
705 4913 781 4964 una
795 4915 882 4968 cum
900 4887 1060 4966 testibus
1084 4905 1121 4966 et
1136 4915 1246 4995 supra
1266 4906 1304 4967 et
1319 4888 1562 4999 infrascriptis
1579 4889 1750 4983 notariis,
