4210 5882
695 536 892 629 raocts
916 553 1012 628 nas
1037 553 1336 628 rnnrtrnas.
1654 561 1727 634 sao

308 722 397 773 eum
411 696 451 771 in
472 693 547 772 fine
563 695 670 802 spine
690 695 810 786 dorsi3
832 695 900 776 scd
913 723 991 773 non
1005 694 1124 774 voluit
1134 695 1272 787 lacere,
1292 714 1470 776 ettamen
1487 716 1572 804 post
1585 700 1729 778 oscula-

306 842 369 904 tus
389 825 463 902 luit
478 853 567 902 eum
580 825 620 901 iu
631 824 811 904 umbilico
826 843 865 904 et
877 825 917 904 in
930 852 1008 904 ore.
1026 825 1130 904 Dixit
1142 825 1259 902 eciam
1274 853 1343 933 per
1349 827 1605 934 juramentum
1619 859 1728 908 suum

308 955 415 1062 quod
438 955 561 1034 dictus
586 956 770 1063 recipiens
798 956 891 1034 dixit
916 955 988 1034 sibi
1017 956 1122 1064 quod
1149 955 1235 1034 lecti
1264 956 1421 1034 fratrum
1448 957 1636 1038 debebant
1650 989 1729 1040 esse

307 1113 541 1164 communes.
563 1088 814 1192 Interrogatus
833 1103 961 1164 utrum
975 1086 1028 1174 vi,
1050 1086 1107 1200 vel
1122 1103 1227 1177 metu
1239 1103 1519 1165 tormentorum
1533 1106 1597 1168 aut
1611 1119 1731 1170 carce·

306 1217 374 1304 ris,
390 1217 430 1294 in
443 1245 509 1294 sua
528 1216 768 1323 deposicione
786 1216 1034 1294 immiscuerit
1051 1215 1266 1308 falsitatem,
1282 1235 1346 1294 aut
1360 1217 1582 1322 subticuerit
1598 1221 1731 1298 verita-

309 1363 404 1436 tem,
423 1346 514 1424 dixit
533 1374 602 1454 per
615 1347 876 1454 juramentum
903 1373 1015 1424 suum
1035 1346 1140 1451 quod
1159 1374 1253 1439 non;
1282 1348 1401 1426 immo
1424 1377 1556 1454 puram
1580 1350 1673 1428 dixit
1694 1371 1731 1430 et

306 1477 518 1584 recognovit
531 1477 737 1554 veritatem.

361 1740 455 1816 ltem
475 1735 588 1814 frater
604 1734 807 1816 Gaulridus
822 1735 870 1812 de
892 1735 984 1812 Fara
1000 1735 1040 1811 in
1059 1733 1277 1840 Campania,
1309 1735 1417 1814 etatis
1435 1763 1506 1814 xxx
1520 1765 1726 1842 ⁸annorum,

307 1867 443 1946 eodem
457 1866 574 1944 modo
590 1867 829 1957 constitutus,
843 1863 990 1970 juratus
1011 1880 1049 1940 et
1068 1863 1332 1970 interrogatus,
1354 1865 1447 1944 dixit
1461 1895 1529 1973 per
1537 1869 1730 1975 juramen-

305 2014 387 2075 tum
402 2025 515 2074 suum
526 1995 632 2102 quod
641 1995 713 2074 luit
724 2010 896 2100 receptus
911 1993 950 2069 in
958 1993 1071 2071 domo
1085 1993 1132 2070 de
1142 1994 1319 2084 Pruvino,
1332 2012 1417 2074 octo
1430 1997 1488 2074 vel
1497 2025 1631 2077 novem
1642 2005 1731 2078 anni

305 2143 394 2206 sunt
414 2125 548 2246 elapsi,
565 2153 634 2231 per
652 2125 804 2204 fratrem
823 2122 1064 2230 Radulpbum
1089 2122 1137 2202 de
1162 2123 1241 2202 Gisi
1260 2141 1494 2232 receptorem
1510 2127 1726 2236 Campania,

305 2256 541 2365 presentibus
559 2254 734 2334 fratribus
751 2254 935 2333 Herberto
951 2253 999 2331 dc
1012 2253 1314 2332 Froumentieres
1329 2273 1367 2332 et
1383 2257 1544 2336 Henrico
1564 2259 1729 2336 Flamain

305 2404 522 2495 preceptore
552 2385 651 2465 dicte
678 2387 830 2474 domus,
855 2401 895 2463 et
914 2384 1141 2490 quibusdam
1168 2383 1249 2462 aliis
1266 2383 1313 2461 de
1334 2413 1498 2491 quorum
1513 2388 1729 2468 nominibus

304 2544 381 2594 non
394 2515 538 2594 recolit.

360 2647 462 2727 Dixit
477 2647 593 2728 eciam
608 2674 675 2751 per
688 2647 944 2753 juramentum
959 2673 1068 2722 suum
1083 2646 1202 2752 quod,
1220 2662 1305 2752 post
1316 2645 1452 2724 multas
1464 2649 1729 2754 promissiones

306 2777 351 2854 ab
371 2805 417 2855 eo
442 2775 553 2854 factas
578 2776 625 2854 de
646 2775 788 2854 statutis
809 2793 847 2853 et
865 2774 1113 2852 observanciis
1137 2775 1226 2852 dicti
1250 2776 1394 2854 ordinis
1413 2777 1666 2867 observandis,
1693 2796 1730 2856 et

305 2906 479 2984 mantello
495 2905 566 2982 sibi
581 2904 630 2982 ad
647 2904 786 2984 collum
800 2904 943 3011 posito,
964 2903 1085 2981 dictus
1098 2900 1210 2980 lrater
1223 2902 1442 3010 badulphus
1454 2906 1561 2982 traxit
1581 2935 1667 2984 eum
1683 2907 1730 2985 ad

304 3053 463 3145 partem,
486 3035 627 3113 etfacit
644 3063 684 3114 se
700 3033 857 3112 osculari
873 3033 920 3111 ab
936 3059 981 3110 eo
1002 3034 1042 3110 in
1055 3032 1252 3122 umbilico,
1274 3049 1312 3110 et
1330 3033 1495 3111 ostendit
1510 3033 1580 3114 sibi
1600 3064 1731 3144 quam-

305 3167 389 3244 dam
412 3194 560 3244 crucem
580 3165 629 3243 de
645 3163 765 3271 ligno,
788 3182 825 3242 et
846 3163 975 3268 petivit
1003 3163 1049 3240 ab
1077 3190 1122 3240 eo
1141 3180 1267 3240 utrum
1293 3163 1463 3240 crederet
1485 3164 1523 3240 in
1550 3193 1634 3242 eum
1663 3167 1729 3272 qui

304 3325 432 3404 passus
443 3294 562 3372 luerat
574 3295 612 3371 in
623 3322 748 3384 cruce3
765 3310 802 3370 et
817 3291 1097 3398 ipsercspondit
1109 3291 1215 3397 quod
1228 3291 1325 3368 bene
1337 3293 1513 3372 credebat
1526 3294 1564 3370 in
1574 3294 1729 3372 Jhesum

305 3426 510 3513 Christum,
527 3423 648 3502 filiurn
664 3420 825 3530 Virginis
844 3421 977 3510 Maria,
1000 3438 1037 3498 ct
1055 3438 1144 3498 tunc
1157 3421 1325 3527 precepit
1343 3421 1415 3500 sibi
1435 3421 1540 3528 quod
1560 3451 1648 3501 eum
1663 3423 1729 3502 ab·

304 3574 470 3662 negaret,
492 3553 559 3632 sed
573 3555 653 3660 ipse
672 3581 749 3630 non
766 3550 885 3631 voluit
903 3551 1097 3658 abnegare.
1118 3551 1166 3628 Et
1189 3568 1319 3655 postea
1340 3552 1508 3658 precepit
1532 3551 1604 3630 sibi
1626 3555 1729 3660 quod

304 3703 454 3792 spueret
472 3713 581 3791 supra
601 3713 768 3776 cruccm;
784 3683 852 3762 sed
870 3709 945 3760 non
964 3681 1082 3760 voluit
1100 3709 1249 3788 spuere,
1271 3682 1387 3760 immo
1408 3683 1508 3788 spuit
1526 3682 1575 3760 ad
1592 3701 1728 3762 terram

300 3817 404 3923 juxta
422 3843 583 3893 crucem.
609 3813 711 3894 Dixit
734 3799 850 3892 eciam
874 3841 943 3919 per
962 3812 1220 3920 juramentum
1239 3838 1349 3888 suurn
1368 3813 1472 3918 quod
1498 3811 1618 3890 dictus
1636 3815 1728 3892 reci-

303 3947 409 4051 piens
425 3945 517 4022 dixit
535 3943 605 4022 sibi
618 3943 723 4050 quod
737 3942 822 4021 lecti
840 3942 993 4020 fratrum
1013 3940 1199 4020 debebant
1219 3968 1298 4032 esse
1314 3969 1546 4019 communes.
1567 3943 1729 4022 Interro-

304 4093 409 4182 gatus
427 4093 555 4154 utrum
572 4074 627 4164 vi,
648 4073 706 4151 vel
724 4089 830 4152 metu
847 4088 1119 4151 tormentorum
1140 4071 1198 4148 vel
1215 4071 1386 4160 carceris,
1413 4070 1576 4178 aliquam
1597 4071 1729 4150 dixerit

304 4206 341 4283 in
359 4234 425 4283 sua
440 4203 678 4310 deposicione
693 4202 908 4292 falsitatem,
922 4221 986 4279 aut
999 4200 1217 4280 subticuerit
1231 4200 1438 4289 veritatem,
1451 4201 1544 4280 dixit
1554 4201 1729 4310 perjura-

303 4353 473 4414 mentum
486 4363 598 4413 suum
615 4332 719 4441 quod
742 4361 835 4426 non;
856 4333 974 4412 immo
996 4361 1128 4439 puram
1148 4331 1340 4410 veritatem
1361 4331 1503 4410 dixerat
1517 4361 1585 4439 pro
1609 4331 1725 4410 salute

304 4494 426 4545 anime
446 4489 525 4544 suc.

360 4730 458 4806 ltem
479 4697 590 4805 frater
608 4726 741 4835 Helyas
762 4726 809 4804 de
829 4728 956 4820 locro,
977 4727 1084 4804 etatis
1103 4753 1163 4804 tux
1184 4752 1366 4803 annorum
1383 4725 1438 4804 vel
1455 4727 1568 4818 circa,
1591 4726 1725 4805 eodem

309 4859 425 4937 modo
458 4859 695 4947 constitutus,
720 4857 868 4964 juratus
902 4874 939 4934 et
966 4857 1231 4963 interrogatus,
1264 4856 1357 4938 dixit
1382 4884 1450 4962 per
1469 4857 1724 4964 juramentum
