4208 5886
682 538 885 634 raocts
914 557 1012 634 nus
1042 499 1345 632 rnurnrans.
1652 561 1728 636 ass

305 704 428 784 Ortoli
448 701 675 810 presbitero,
696 702 761 809 qui
780 703 935 780 recessit
952 700 1003 779 de
1023 701 1124 778 dicto
1145 700 1296 793 ordine,
1313 701 1432 777 nescit
1448 727 1491 776 ex
1509 729 1583 807 qua
1601 729 1728 794 causa,

309 836 358 912 de
380 835 487 944 cujus
510 834 585 913 vita
606 830 665 912 vel
688 849 810 912 morte
838 859 919 910 non
942 832 1058 910 habet
1081 831 1360 910 certitudinem.
1386 831 1515 937 Aque
1536 849 1730 940 receptore

306 957 421 1073 petita
443 965 618 1045 societate
644 963 790 1043 ordinis
815 981 854 1042 et
881 963 914 1040 ei
941 989 1135 1055 concessa,
1161 961 1250 1041 fecit
1274 991 1362 1040 eum
1386 990 1519 1040 vovere
1545 981 1583 1042 et
1603 965 1731 1072 jurare

307 1097 530 1184 castitatem,
553 1093 831 1187 obedienciam,
852 1093 974 1172 vivere
996 1093 1076 1171 sine
1093 1094 1263 1200 proprio,
1277 1121 1423 1172 serrare
1440 1094 1562 1174 bonos
1584 1125 1675 1174 usus
1694 1117 1732 1174 et

307 1225 426 1304 bonas
449 1224 740 1304 consuetudines
765 1251 840 1331 qne
863 1239 954 1302 tunc
975 1239 1082 1300 erant
1102 1225 1141 1300 in
1163 1224 1296 1302 ordine
1320 1241 1360 1302 et
1382 1253 1457 1332 que
1477 1226 1731 1332 inposterum

309 1358 594 1464 imponerentur
603 1383 691 1432 cum
702 1353 860 1432 consilio
879 1353 1177 1461 presbiterorum
1188 1354 1349 1445 ordinis,
1361 1357 1467 1462 quod
1480 1384 1556 1434 non
1572 1357 1734 1436 dimitte-

307 1506 392 1566 rent
408 1488 552 1566 dictum
563 1486 737 1566 ordinem
747 1513 817 1593 pro
828 1484 978 1562 meliori
992 1484 1051 1562 vel
1062 1484 1202 1591 pejori,
1217 1484 1322 1591 quod
1337 1485 1444 1562 daret
1457 1515 1611 1592 operam
1620 1517 1731 1566 suurn

309 1617 571 1723 (secunduml)
587 1644 695 1724 posse
714 1616 762 1693 ad
773 1614 1076 1722 recuperandum
1088 1617 1243 1692 Terram
1255 1632 1437 1704 sanctam,
1452 1631 1490 1692 et
1500 1618 1733 1722 quodtrans·

308 1747 461 1828 fretaret
480 1748 632 1855 quando
649 1747 905 1854 preciperetur
926 1744 1071 1835 eidem,
1086 1760 1136 1824 et
1156 1745 1260 1851 quod
1281 1773 1360 1822 non
1385 1745 1565 1824 revelaret
1593 1767 1733 1826 secreta

308 1879 559 1986 capitulorum
570 1905 641 1956 nec
655 1877 815 1954 modum
834 1903 901 1954 sue
918 1875 1168 1982 recepcionis,
1186 1875 1356 1981 predicto
1369 1876 1442 1954 sibi
1458 1877 1580 1984 quod,
1594 1879 1624 1956 si
1638 1909 1733 1958 cou-

308 2011 465 2087 trarium
483 2007 639 2099 faceret,
665 2009 974 2095 incarcerantur,
993 2022 1032 2083 et
1050 2005 1227 2111 imposito
1250 2006 1321 2083 sibi
1342 2007 1540 2096 mantello,
1563 2027 1734 2116 receptor

309 2139 383 2218 suit
401 2168 488 2218 eum
514 2138 702 2218 osculatus
724 2138 763 2214 in
787 2164 852 2215 ore
875 2136 971 2214 etin
991 2151 1142 2242 pectore
1162 2163 1275 2241 super
1298 2153 1433 2228 vestes,
1454 2155 1492 2214 et
1514 2155 1675 2217 astantes
1695 2141 1732 2216 in

310 2297 387 2349 ore.
402 2273 491 2349 Post
506 2297 597 2376 que,
612 2269 719 2347 allata
739 2267 901 2375 quadm
922 2295 1030 2345 cruce
1046 2265 1239 2344 metallina
1253 2265 1293 2342 in
1306 2271 1381 2373 qua
1393 2284 1471 2344 erat
1485 2295 1619 2375 ymago
1640 2269 1736 2348 Cru-

201 2445 204 2452 ·
310 2399 408 2478 cilixi
434 2429 504 2508 per
526 2400 670 2478 dictum
695 2398 964 2505 presbiterum,
990 2414 1163 2504 receptor
1185 2397 1353 2504 precepit
1375 2399 1500 2476 eidem
1524 2400 1611 2477 testi
1629 2403 1733 2507 quod

310 2532 513 2640 abnegaret
529 2528 778 2618 Crucifixum,
798 2545 836 2606 et
850 2545 1003 2636 spueret
1020 2556 1133 2633 super
1152 2555 1259 2618 eum,
1274 2542 1312 2605 et
1330 2529 1409 2634 ipse
1422 2527 1529 2606 testis
1541 2528 1735 2636 abnegarit

312 2662 454 2740 dictum
475 2660 720 2752 Cmcilixum,
742 2676 781 2738 et
800 2658 903 2765 spuit
915 2687 994 2736 non
1013 2682 1125 2764 supra
1146 2657 1213 2735 sed
1225 2657 1330 2764 juxta
1349 2659 1488 2765 ipsum,
1508 2675 1547 2736 et
1560 2659 1633 2738 hoc
1647 2659 1736 2739 lecit

312 2791 462 2880 dolens,
483 2807 528 2868 ut
551 2790 660 2880 dixit,
686 2817 768 2883 ore,
791 2817 870 2868 non
890 2788 1015 2867 corde.
1042 2789 1190 2866 Deinde
1210 2787 1303 2864 dixit
1322 2788 1424 2866 idem
1446 2791 1552 2866 testis
1566 2816 1606 2865 se
1628 2792 1735 2867 audi-

310 2925 405 3000 visse
430 2951 450 3000 a
474 2919 652 3000 fratribus
670 2919 834 3014 ordinis,
858 2946 934 2998 non
956 2917 1129 2996 recolite
1150 2917 1301 3025 quibus,
1323 2920 1428 3026 quod
1452 2935 1598 3025 poterat
1613 2919 1734 2998 iratri-

311 3057 384 3134 bus
401 3053 546 3132 ordinis
563 3053 761 3130 carnaliter
776 3051 1028 3140 commisceri,
1051 3067 1089 3128 et
1107 3051 1177 3157 ipsi
1198 3079 1283 3128 cum
1306 3077 1364 3142 eo,
1386 3068 1424 3128 et
1443 3053 1548 3157 quod
1568 3051 1736 3129 hocerat

312 3187 361 3262 de
378 3185 529 3289 punctis
542 3183 697 3261 ordinis.
714 3184 797 3287 lpse
812 3197 939 3258 tamen
958 3181 1032 3259 hoc
1046 3208 1124 3258 non
1141 3180 1244 3269 fecit,
1262 3207 1332 3258 uec
1348 3181 1420 3258 luit
1431 3182 1652 3288 requisitus,
1668 3211 1736 3260 nec

313 3314 433 3392 credit
451 3313 556 3418 quod
576 3312 614 3386 in
633 3310 767 3388 ordine
787 3309 917 3400 lieret,
938 3309 1005 3386 sed
1028 3309 1149 3387 credit
1168 3311 1272 3416 quod
1296 3311 1459 3388 dixerint
1480 3313 1733 3405 mendacium

312 3458 484 3547 receptor
502 3457 629 3518 umen
647 3467 724 3516 non
745 3439 838 3516 dixit
856 3440 892 3516 ei
911 3439 1028 3530 istud,
1048 3439 1116 3516 sed
1135 3439 1183 3516 de
1204 3439 1455 3547 abnegacione
1472 3459 1508 3519 et
1524 3443 1734 3547 spuicione,

313 3587 350 3649 et
367 3570 472 3677 quod
489 3584 596 3647 erant
615 3570 664 3647 de
683 3568 834 3674 punctis
854 3567 1014 3655 ordinis,
1038 3584 1077 3645 et
1098 3568 1219 3646 credit
1237 3569 1342 3674 quod
1361 3569 1459 3646 dicta
1476 3570 1679 3678 abnegacio
1700 3591 1737 3650 et

312 3700 456 3807 spuicio
480 3716 519 3777 et
540 3725 618 3778 non
642 3697 714 3774 alia
739 3697 869 3775 illicita
894 3697 1162 3776 intervenirent
1186 3698 1438 3776 communiter
1465 3716 1503 3776 et
1528 3699 1671 3807 ubique
1697 3703 1737 3778 in

312 3827 597 3937 recepcionibus
613 3827 773 3905 aliorum
793 3826 950 3905 fratrum
972 3827 1132 3918 ordinis,
1158 3829 1247 3935 quia
1268 3829 1338 3907 ista
1359 3846 1397 3906 et
1419 3857 1497 3907 non
1517 3830 1588 3909 alia
1609 3831 1738 3910 illicita

313 3961 596 4038 intervenerunt
621 3959 661 4035 in
687 3958 908 4064 recepcioue
932 3985 1016 4046 sua,
1045 3974 1084 4034 et
1111 3958 1199 4064 quia
1217 3958 1312 4035 vidit
1328 3987 1397 4066 per
1416 3957 1561 4036 dictum
1578 3962 1738 4039 modurn

313 4089 429 4196 recipi
450 4089 602 4166 fratrem
620 4089 772 4165 Petrum
797 4087 845 4164 de
863 4088 968 4165 Bono
989 4090 1124 4180 Fonte,
1146 4103 1284 4166 testem
1303 4088 1385 4166 heri
1407 4090 1672 4181 examinatum,
1698 4093 1738 4169 iu

313 4219 475 4325 quadam
498 4245 643 4296 camera
657 4218 794 4296 domus
809 4216 959 4324 Templi
979 4218 1028 4295 de
1043 4219 1207 4297 Marchia
1225 4218 1547 4299 Claromontensis
1567 4221 1737 4315 diocesis,

313 4375 381 4454 per
408 4347 562 4426 fratrem
591 4345 843 4424 Humbertum
875 4347 1031 4424 Blancbi
1063 4347 1245 4438 militem,
1276 4365 1366 4426 sunt
1395 4350 1542 4428 circiter
1570 4352 1738 4459 quinque

313 4480 417 4568 anni,
442 4478 683 4586 presentibus
706 4475 884 4555 fratribus
906 4479 1079 4556 iohanne
1106 4477 1154 4554 de
1178 4479 1320 4568 Menat,
1346 4495 1441 4556 teste
1467 4508 1579 4588 supra
1604 4484 1741 4559 exami-

314 4627 413 4703 nato,
431 4625 470 4686 et
481 4609 652 4687 lohanne
666 4607 822 4686 Roberti
843 4607 1072 4714 presbitero,
1095 4608 1251 4686 detento
1272 4610 1372 4716 apud
1390 4611 1616 4690 Exodunum
1635 4613 1741 4691 Bitu-

313 4738 469 4816 ricensis
483 4738 660 4831 diocesis3
680 4755 719 4816 et
737 4736 891 4816 fratrem
911 4739 1061 4819 Petrum
1084 4739 1245 4846 Poyntet
1270 4739 1486 4848 bergerium
1507 4741 1555 4819 de
1576 4743 1737 4831 Bituria,

313 4869 556 4958 servientem,
576 4867 624 4946 de
646 4867 753 4975 cujus
782 4867 856 4946 rita
874 4866 934 4947 vel
948 4882 1071 4946 morte
1098 4895 1176 4946 non
1205 4868 1317 4947 habet
1338 4871 1620 4960 certitudinem,
1641 4899 1742 4951 rece-
