4320 5898
448 485 494 552 se
835 459 1030 552 rsooss
1057 477 1151 550 ors
1177 477 1484 550 reuertens.

446 621 635 709 scandala,
657 621 819 728 suspicio
840 631 878 698 et
899 619 1051 698 infamia
1072 637 1160 697 sunt
1183 637 1324 711 exorte,
1347 636 1384 698 et
1408 636 1537 695 contra
1557 646 1672 724 quem
1700 621 1875 728 Magister

446 754 561 832 etalii
582 754 761 830 dicuntur
773 752 898 860 alique
913 751 1027 832 fuisse
1044 750 1222 842 confessi;
1244 749 1292 828 ad
1307 751 1415 858 cujus
1433 748 1577 828 ordinis
1598 748 1873 832 deffensionem

447 916 486 963 se
509 914 585 963 non
601 883 802 962 obtulerat.

504 1018 718 1126 Requisitus
739 1018 768 1093 si
789 1018 841 1095 sic
854 1017 1082 1123 deposuerat
1101 1042 1222 1122 prece,
1235 1031 1428 1121 precepto,
1439 1013 1590 1101 timore,
1605 1042 1749 1108 amore,
1765 1016 1869 1106 odio,

420 1147 424 1156 ’
445 1150 505 1226 vel
523 1149 723 1257 temporali
738 1150 900 1227 comodo
921 1147 1052 1226 habito
1070 1146 1128 1223 vel
1148 1145 1337 1258 babendo‘
1359 1144 1555 1252 respondit
1573 1146 1680 1252 quod
1697 1175 1786 1239 non,
1806 1149 1872 1226 sed

446 1310 515 1388 pro
533 1281 685 1358 veritate
711 1281 886 1370 dicenda,
917 1280 977 1358 cui
1000 1277 1073 1356 luit
1096 1280 1311 1386 injunctum
1335 1276 1442 1384 quod
1467 1304 1544 1355 non
1568 1277 1750 1356 revelaret
1776 1280 1872 1358 banc

449 1441 555 1489 suam
571 1412 870 1518 deposicionem,
887 1439 1089 1518 quousque
1104 1411 1364 1488 attestaciones
1377 1407 1519 1486 luerint
1533 1407 1740 1514 publicete;
1751 1428 1789 1488 et
1802 1412 1873 1490 luit

444 1559 686 1648 protestatus,
709 1544 747 1618 in
768 1543 952 1649 principio
969 1541 1221 1647 deposicionis
1240 1569 1325 1633 sue,
1347 1539 1454 1647 quod
1471 1567 1547 1618 non
1568 1539 1790 1618 intendebat
1810 1572 1870 1620 re·

446 1674 580 1750 cedere
608 1703 627 1749 a
652 1673 893 1780 deposicione
920 1702 989 1778 per
1015 1700 1114 1750 eum
1128 1670 1221 1749 lacta
1248 1700 1374 1750 eoram
1403 1670 1561 1748 domino
1590 1671 1869 1779 archiepiscopo

446 1820 668 1883 memorato.
775 1818 778 1826 ’

500 1937 590 2012 Acta
601 1933 757 2011 fuerunt
769 1934 839 2010 hec
850 1934 911 2009 die
922 1933 1052 2010 etloco
1068 1931 1256 2038 predictis,
1271 1933 1511 2040 presentibus
1521 1933 1698 2040 magistro
1713 1932 1866 2022 Amisio,

446 2094 505 2142 me
526 2065 782 2142 Floriamonte
802 2063 1015 2151 Dondedei,
1038 2080 1076 2139 et
1095 2062 1177 2139 aliis
1193 2064 1348 2140 notariis
1368 2091 1478 2169 supra
1493 2062 1631 2140 ultimo
1649 2064 1867 2156 nominatim

444 2216 481 2274 et
501 2213 557 2273 est
575 2196 772 2273 sciendum
789 2194 893 2300 quod
914 2193 1092 2270 dominus
1113 2193 1287 2271 Matbeus
1304 2193 1574 2299 superveniens
1595 2192 1767 2270 interfuit
1790 2221 1871 2270 exa·

338 2327 342 2334 ’
433 2325 650 2402 ‘minacioni
672 2323 830 2430 predicti
851 2324 957 2402 testis
976 2321 1114 2400 ultimo
1134 2323 1345 2399 examinati.

500 2589 591 2662 Post
607 2585 689 2673 hec,
707 2582 768 2660 die
782 2582 907 2660 Sabati
920 2584 1107 2688 sequenti,
1124 2615 1199 2692 que
1220 2585 1293 2662 fuit
1308 2612 1353 2662 xx
1366 2584 1451 2662 ‘dies
1468 2584 1559 2662 dicti
1574 2587 1713 2664 mensis
1727 2583 1866 2673 Marcii,

444 2718 516 2794 fuit
531 2714 717 2792 adductus
737 2713 785 2789 ad
803 2714 1033 2820 presenciam
1053 2715 1241 2792 dictorum
1257 2715 1503 2792 dominorum
1524 2716 1866 2794 commissariorum

448 2866 485 2925 et
496 2846 640 2925 domini
653 2844 855 2932 Mathei,in
865 2843 982 2921 domo
992 2846 1160 2950 predicta
1170 2845 1328 2924 fratrum
1339 2846 1545 2938 Minorum,
1557 2845 1672 2924 frater
1681 2845 1866 2926 Geraldus

445 2981 492 3056 de
515 2976 732 3083 Anguibaco
748 2974 1024 3052 Lemovicensis
1044 2976 1202 3054 diocesis
1226 2976 1401 3068 serviens,
1423 2993 1621 3083 preceptor
1635 2976 1863 3065 Nanatensis,

443 3107 785 3215 quinquagenarius
810 3105 869 3182 vel
895 3105 1006 3196 circa,
1039 3107 1261 3186 mantellum
1291 3126 1329 3183 et
1353 3108 1509 3186 barbam
1537 3107 1737 3188 defferens.
1769 3108 1864 3200 Qui,

443 3237 717 3344 protestecione
746 3236 926 3342 premissa
953 3237 1057 3340 quod
1087 3266 1165 3316 non
1191 3238 1356 3315 intendit
1375 3238 1552 3316 recedere
1578 3267 1599 3315 a
1625 3238 1865 3345 deposicione

442 3400 511 3476 per
523 3397 611 3446 eum
632 3367 725 3445 lacta
734 3368 888 3445 Pictavis
905 3395 1030 3443 coram
1048 3367 1196 3446 officiali
1214 3369 1417 3446 Pictavensi
1434 3385 1471 3446 et
1487 3368 1715 3476 quibusdam
1731 3368 1829 3456 aliis,
1846 3396 1865 3442 a

441 3498 582 3606 quibus
603 3487 797 3577 absolutus
818 3514 858 3574 et.
879 3498 1142 3577 reconciliatus
1163 3499 1318 3590 exstitit,
1343 3497 1449 3576 lectis
1469 3516 1508 3576 et
1533 3499 1736 3608 diligenter
1755 3525 1866 3603 expo·

441 3631 521 3708 sitis
538 3628 610 3708 sibi
631 3627 809 3707 omnibus
829 3645 867 3705 et
881 3628 1037 3736 singulis
1050 3629 1227 3718 articulis,
1249 3628 1445 3734 respondit
1461 3657 1500 3706 se
1516 3631 1658 3707 nescire
1678 3655 1748 3706 nec
1764 3627 1866 3705 sudi-

440 3763 533 3838 visse
567 3761 640 3837 dici
669 3778 754 3838 ante
781 3760 997 3865 capcionem
1029 3789 1161 3838 eorum
1195 3758 1299 3866 quod
1332 3760 1370 3834 iu
1397 3759 1681 3866 recepcionibus
1708 3759 1863 3836 fratrum

442 3891 586 3967 ordinis
599 3889 658 3966 vel
672 3907 758 3994 post
771 3887 907 3965 tierent
925 3891 1209 3997 nbnegeciones,
1228 3919 1297 3967 nec
1309 3889 1491 3996 vituperia
1506 3891 1636 3978 crucis,
1655 3919 1725 3968 nec
1740 3887 1865 3968 oscula

441 4020 653 4110 inhonesta,
674 4045 744 4095 nec
760 4019 864 4124 quod
884 4019 1026 4095 crimen
1042 4021 1310 4128 sqdomiticum
1327 4021 1600 4098 concederetur
1612 4047 1682 4096 nec
1698 4019 1865 4096 commit·

441 4166 586 4226 teretur
599 4149 637 4224 in
658 4147 805 4238 ordine,
825 4134 894 4226 nec
909 4150 1013 4255 quod
1030 4149 1230 4226 adorarent
1249 4169 1386 4237 cetum,
1405 4177 1475 4226 nec
1493 4148 1598 4255 quod
1618 4148 1755 4226 fierent
1772 4149 1865 4254 dog·

440 4280 700 4358 matizaciones
720 4295 895 4356 contente
918 4281 955 4356 in
978 4280 1155 4369 articulis,
1174 4309 1245 4357 nec
1263 4280 1370 4388 quod
1395 4297 1520 4358 essent
1540 4279 1725 4358 increduli
1749 4277 1864 4358 eccle-

440 4411 596 4488 siasticis
614 4409 873 4498 sacramentis,
895 4411 1034 4516 quibus
1058 4413 1135 4518 ipse
1160 4409 1353 4500 credebam
1375 4438 1445 4488 nec
1465 4410 1570 4518 quod
1591 4437 1724 4488 eorum
1745 4437 1863 4488 secer-

441 4542 548 4617 dotes
561 4542 809 4618 obmitterent
826 4541 937 4618 verba
958 4542 1122 4634 canonis,
1140 4567 1210 4620 nec
1224 4541 1328 4648 quod
1345 4543 1418 4618 hoc
1435 4542 1692 4648 preciperetur
1707 4539 1780 4629 eis;
1794 4565 1862 4614 nec

316 4669 322 4674 ’
440 4672 543 4777 quod
571 4699 704 4747 eorum
729 4670 811 4746 laici
833 4671 1070 4750 absolverent
1089 4673 1146 4748 vel
1166 4690 1321 4778 possent
1345 4671 1537 4749 absolvere
1558 4700 1579 4746 a
1603 4669 1775 4775 peccatis,
1797 4665 1861 4746 sed

439 4801 644 4909 aliquando
669 4802 898 4879 remitebant
923 4801 1137 4908 disciplinas
1160 4803 1324 4884 ordinis:
1354 4830 1423 4879 nee
1448 4802 1555 4908 quod
1582 4799 1764 4878 baberent
1793 4826 1859 4876 nec
