4486 5890
550 524 620 598 no
933 475 1132 599 moces
1158 525 1254 597 nus
1281 524 1578 598 rennuens,

545 666 638 740 sime
672 664 759 772 quia
786 665 968 744 nolebant
987 695 1057 742 nec
1085 665 1274 742 audebant
1308 665 1465 743 modum
1497 694 1563 743 sue
1594 665 1825 770 recepcionis
1850 668 1965 744 eciam

545 795 672 872 amicis
701 794 778 872 suis
801 795 1024 900 specialibus
1048 795 1232 884 revelare:
1267 813 1304 872 et
1324 795 1402 903 ipse
1422 795 1495 874 suit
1522 795 1738 903 frequenter
1764 799 1965 903 requisitus

544 951 657 1028 super
682 925 753 1002 hoc
780 954 799 1000 a
825 925 954 1002 multis
982 925 1110 1002 amicis
1139 925 1237 1011 suis,
1263 925 1402 1031 quibus
1433 925 1556 1002 noluit
1584 924 1760 1002 revelare.
1789 926 1965 1004 Cordulis

544 1055 647 1131 unde
662 1054 838 1132 volebant
861 1055 1059 1162 assumptis
1080 1053 1329 1162 cingebantur
1342 1083 1455 1163 super
1471 1056 1639 1133 camisias
1654 1085 1739 1152 cum
1755 1056 1894 1162 quibus
1910 1058 1966 1164 ja-

546 1184 698 1274 cebanta
734 1214 809 1261 non
836 1203 961 1262 tamen
991 1186 1096 1262 scivit
1123 1213 1193 1262 nec
1219 1185 1361 1262 audivit
1386 1185 1460 1262 dici
1488 1185 1593 1292 quod
1619 1203 1817 1292 tangerent
1846 1186 1963 1293 capita

543 1313 759 1422 ydolorum,
778 1343 846 1394 nec
863 1315 967 1422 quod
983 1315 1094 1422 ydola
1109 1316 1320 1394 adorarent.
1338 1317 1384 1393 Et
1400 1317 1488 1422 quia
1504 1316 1597 1393 dixit
1612 1317 1717 1421 quod
1731 1315 1854 1392 lucrat
1869 1346 1964 1394 com·

542 1463 707 1521 moratus
731 1445 888 1522 indicta
912 1445 1057 1522 civitate
1082 1444 1246 1554 Sydonis
1268 1475 1337 1552 per
1359 1445 1527 1552 quinque
1555 1439 1687 1534 annos,
1712 1444 1784 1522 luit
1810 1447 1964 1526 interro-

543 1593 649 1681 gatus
659 1574 867 1679 specialiter
883 1573 1061 1680 decapite
1075 1573 1123 1652 de
1137 1603 1213 1682 quo
1225 1604 1337 1680 supra
1351 1576 1577 1680 deposuerat
1589 1575 1764 1683 magister
1779 1577 1963 1655 Antonius

542 1704 637 1780 Sicci
659 1703 706 1779 de
722 1702 917 1793 Vercellis,
939 1720 977 1780 et
996 1703 1044 1780 de
1063 1704 1144 1782 aliis
1161 1703 1347 1782 contentis
1370 1705 1409 1780 in
1425 1704 1667 1810 deposicione
1690 1703 1780 1780 dico
1798 1707 1960 1813 magistri

543 1834 714 1924 Antonii;
739 1834 932 1940 respondit
958 1863 997 1910 se
1020 1833 1115 1910 nihil
1139 1833 1233 1911 scire
1253 1834 1299 1910 de
1320 1834 1439 1940 capite
1458 1833 1671 1940 supradicto
1692 1865 1761 1912 nec
1780 1837 1962 1916 audivisse

543 1965 643 2055 dici,
685 1963 777 2041 dixit
808 1981 934 2041 tamen
966 1965 1071 2070 quod
1104 1963 1202 2040 dicta
1234 1965 1359 2042 civitas
1390 1964 1553 2072 Sydonis
1587 1963 1709 2042 luerat
1743 1984 1867 2071 empta
1897 1999 1963 2073 per

506 2199 509 2206 Δ
542 2098 575 2172 T
576 2094 793 2200 emplarios,
812 2111 850 2171 et
869 2095 973 2202 quod
990 2094 1179 2182 Julianus,
1202 2095 1267 2200 qui
1288 2093 1411 2173 suerat
1425 2095 1471 2171 de
1491 2094 1654 2172 dominis
1673 2096 1772 2174 dicte
1788 2097 1958 2188 civitatis,

540 2226 738 2303 intraverat
758 2226 931 2304 ordinem
953 2253 1086 2302 eorum
1110 2225 1407 2333 etpostmodum
1433 2225 1798 2332 aposthataverat,·et
1813 2228 1861 2304 ad
1887 2259 1963 2305 ma-

541 2383 652 2461 gnam
673 2354 875 2434 devenerat
895 2373 1171 2462 paupertatem,
1186 2371 1222 2430 et
1241 2355 1432 2433 audiverat
1444 2355 1518 2432 dici
1535 2356 1574 2431 in
1594 2356 1765 2463 partibus
1784 2356 1875 2448 illis,
1895 2359 1959 2434 sed

540 2513 617 2563 non
640 2486 859 2563 recordatur
875 2486 1066 2591 aquibus,
1089 2485 1368 2591 quodquidam
1392 2513 1435 2562 ex
1454 2485 1763 2594 progenitoribus
1786 2487 1874 2563 dicti
1898 2490 1960 2565 Ju-

540 2615 628 2690 liani
646 2615 878 2693 adamaverat
889 2615 1092 2721 quamdam
1109 2615 1346 2692 domicellam
1361 2616 1401 2691 in
1418 2616 1586 2720 partibus
1602 2615 1691 2702 illis,
1708 2633 1745 2693 et
1760 2617 1865 2722 quod
1877 2635 1960 2722 post

541 2746 624 2850 ejus
639 2763 800 2822 mortem
815 2735 894 2822 cani
913 2744 1092 2822 exhimari
1106 2743 1243 2820 fecerat
1259 2761 1292 2821 et
1309 2744 1562 2823 concubuerat
1577 2774 1665 2822 cum
1682 2746 1826 2822 eadem.
1849 2748 1957 2838 Item,

542 2875 633 2950 dixit
652 2875 757 2982 quod
777 2876 956 2982 jurabant
978 2903 1054 2952 non
1070 2874 1233 2953 revelare
1254 2892 1392 2952 secreta
1418 2875 1684 2982 capitulorum,
1707 2873 1754 2952 de
1770 2877 1886 2952 modo
1909 2906 1960 2952 re·

540 3006 726 3111 cepcionis
749 3007 785 3081 in
802 3005 949 3112 speciali
968 3033 1045 3081 non
1065 3005 1189 3082 habita
1211 3005 1420 3082 mancione.
1437 3005 1514 3099 Qui
1534 3006 1778 3094 revelassent,
1801 3004 1957 3083 domum

539 3136 803 3241 perdidissent.
834 3136 1049 3213 Secundum
1074 3151 1210 3212 statuta
1231 3134 1374 3212 ordinis
1394 3162 1525 3213 eorum
1549 3134 1738 3212 debebant
1758 3163 1890 3214 eorum
1910 3167 1959 3214 sa·

539 3266 755 3345 cerdotibus
772 3265 957 3353 confiteri,
981 3282 1018 3342 et
1038 3265 1118 3340 sine
1136 3291 1269 3342 eorum
1286 3265 1441 3363 licencia
1457 3291 1535 3342 non
1552 3281 1726 3371 poterant
1741 3263 1823 3340 aliis
1842 3266 1958 3342 confi-

538 3398 621 3472 teri.
644 3399 790 3472 Fratres
812 3396 971 3474 scientes
993 3421 1138 3472 errores
1158 3392 1311 3471 luerunt
1333 3393 1564 3502 negligentes
1586 3395 1675 3500 quia
1699 3421 1777 3473 non
1798 3423 1959 3472 correxe-

537 3545 628 3604 runt
648 3555 713 3605 eos
734 3555 804 3603 nec
820 3525 1138 3602 denunciavemnt
1158 3523 1335 3601 Ecclesia.
1356 3523 1588 3602 Elemosinas
1611 3542 1648 3600 et
1665 3520 1955 3629 hospitalitatem

536 3658 628 3734 vidit
639 3657 906 3736 convenienter
920 3655 1001 3732 fieri
1016 3673 1053 3732 et
1066 3655 1201 3732 servari
1215 3655 1253 3730 in
1267 3654 1444 3732 domibus
1459 3655 1603 3733 ordinis
1617 3657 1654 3730 in
1667 3656 1807 3761 quibus
1820 3656 1958 3732 exstitit

538 3807 801 3866 commoratus.
839 3787 1018 3864 Jurabant
1058 3813 1201 3862 servare
1238 3784 1337 3862 bona
1370 3785 1515 3862 ordinis
1543 3803 1581 3862 et
1605 3786 1798 3892 acquirere
1828 3785 1956 3863 debito

536 3919 671 4007 modo,
693 3936 731 3995 et
751 3918 1039 3995 deffendebatur
1057 3916 1111 3991 eis
1125 3915 1227 4021 quod
1252 3943 1329 3992 non
1346 3916 1616 3993 exheredarent
1635 3916 1786 3994 vicinias
1805 3945 1954 4007 eorum;

537 4047 648 4124 multi
662 4065 790 4124 tamen
808 4074 852 4122 ex
865 4047 974 4122 dictis
986 4045 1163 4122 fratribus
1176 4045 1320 4123 ordinis
1332 4045 1582 4124 abutebantur
1599 4047 1734 4125 litteris
1744 4045 1956 4153 apostolicis

537 4195 575 4255 et
600 4177 740 4256 multos
766 4177 945 4254 vexabant
972 4206 1057 4253 cum
1089 4175 1159 4264 eis,
1189 4176 1293 4280 quod
1321 4174 1391 4253 luit
1421 4176 1637 4284 frequenter
1661 4206 1729 4282 per
1754 4176 1877 4282 ipsum
1901 4193 1956 4251 te-

535 4327 631 4386 stem
644 4309 935 4415 reprehensum,
954 4325 992 4384 et
1005 4305 1078 4383 suit
1090 4307 1129 4381 in
1145 4305 1313 4411 periculo
1329 4307 1446 4384 eciam
1460 4307 1548 4412 quia
1567 4307 1868 4414 reprehendebat
1880 4335 1956 4412 pre·

536 4439 645 4516 dicta.
680 4441 823 4517 Eorum
856 4437 1031 4545 capitalia
1061 4436 1155 4514 clam
1185 4436 1431 4526 tenebantur,
1469 4437 1584 4515 nullis
1613 4437 1852 4544 presentibus
1885 4437 1954 4512 nisi

534 4569 712 4648 fratribus
728 4571 887 4658 ordinis,
907 4587 943 4646 et
954 4568 1221 4674 providebatur
1236 4597 1283 4645 ne
1297 4568 1494 4645 audiretur
1506 4569 1668 4648 exterius
1680 4570 1782 4676 quod
1800 4569 1955 4646 interius

533 4700 722 4808 agebatur,
750 4718 790 4778 et
815 4699 1016 4806 aliquando
1045 4699 1272 4776 tenebantur
1297 4717 1382 4775 ante
1413 4699 1525 4776 diem.
1548 4698 1728 4776 Ordinata
1754 4727 1820 4805 per
1838 4699 1956 4805 Magi-

532 4849 652 4908 strum
669 4860 752 4908 cum
771 4847 955 4908 conventu
975 4844 1152 4905 servasset
1164 4845 1265 4904 totns
1283 4827 1394 4921 ordo,
1412 4845 1539 4905 contra
1556 4858 1670 4935 quem
1686 4827 1839 4936 grandia
1853 4855 1956 4901 sran-

930 5106 936 5150 l
