4202 5876
699 580 897 674 rnocns
922 596 1018 670 nns
1042 595 1342 670 rnurntnas.
1663 603 1731 674 511

364 739 423 818 De
441 737 632 818 erroribus
645 755 773 818 autam
788 739 886 821 etde
896 765 1026 818 eorum
1040 737 1352 827 correctionibus,
1375 763 1520 816 necnon
1536 737 1584 816 de
1600 739 1654 818 eis
1663 769 1739 818 non

311 868 513 948 notificatis
532 869 591 947 vel
606 869 801 952 insinuatis
813 868 996 958 Ecclesie,
1015 868 1067 954 ,de
1087 866 1227 974 quibus
1247 867 1370 974 agitur
1390 867 1429 948 in
1447 867 1613 948 articulis
1626 870 1740 977 preli-

309 1001 423 1090 batis,
444 1000 643 1108 respondit
660 1014 699 1080 et
720 1001 811 1079 dixit
831 1029 873 1080 se
897 1027 967 1078 nec
986 998 1098 1078 scisse
1126 1027 1196 1076 nec
1213 1026 1381 1106 amquam
1406 999 1638 1096 mentionem
1656 999 1738 1079 lieri
1764 1048 1769 1056 ·

312 1131 462 1210 audisse
483 1131 522 1208 in
548 1131 664 1211 domo
684 1131 805 1210 ldansi
824 1131 913 1221 Dei,
939 1132 979 1206 in
998 1157 1073 1237 qua
1088 1158 1110 1207 a
1123 1146 1296 1236 tempore
1315 1128 1549 1234 recepcionis
1562 1159 1629 1209 sue
1651 1133 1741 1210 citra

311 1262 357 1340 ad
372 1262 515 1340 dictum
528 1261 702 1340 ordinem
723 1289 868 1340 moram
881 1260 1007 1353 traxit;
1022 1287 1093 1336 nec
1104 1277 1211 1366 putat
1223 1289 1295 1338 nec
1306 1259 1426 1338 credit
1440 1287 1535 1366 opus
1554 1259 1666 1340 firiase
1683 1262 1741 1340 vel

310 1392 438 1470 locum
447 1392 558 1472 dictis
569 1391 810 1482 correctioni,
824 1390 1066 1468 insinuationi
1082 1406 1121 1485 et
1135 1387 1388 1468 emendationi
1399 1389 1448 1468 de
1463 1389 1602 1498 quibus
1608 1392 1739 1502 agitur,

314 1552 417 1612 cum,
436 1523 532 1600 sicut
545 1521 681 1613 credit,
691 1549 887 1630 nunquam
903 1519 1046 1598 fuerint
1060 1519 1159 1598 diota
1175 1517 1500 1598 nefandacrimina
1510 1547 1581 1598 nec
1595 1549 1742 1601 errores

314 1653 355 1730 in
369 1655 520 1745 ordine,
533 1682 604 1732 nec
618 1653 658 1730 in
674 1653 789 1732 domo
803 1651 924 1732 Mauri
934 1650 1006 1731 Dei
1014 1649 1132 1758 ipsius
1143 1650 1309 1759 Templi,
1330 1677 1400 1728 nec
1413 1651 1513 1757 apud
1527 1650 1660 1732 batres
1674 1653 1741 1730 ali·

312 1811 426 1890 quos,
438 1783 535 1862 sicut
546 1811 631 1890 spes
645 1811 713 1862 sua
735 1801 793 1862 est
810 1799 848 1860 et
861 1781 914 1860 ric
931 1780 1062 1860 credit.
1071 1779 1130 1858 Ad
1142 1780 1183 1858 id
1192 1759 1320 1860 autem
1331 1780 1436 1888 quod
1448 1780 1586 1862 dicitur
1600 1781 1741 1860 multos

315 1941 358 1990 ex
370 1913 544 1991 iratribus
559 1913 648 1990 dicti
657 1912 816 2005 ordinis,
826 1928 903 1991 tam
922 1911 963 1987 in
977 1909 1124 2018 judicio
1143 1938 1256 2017 quam
1277 1927 1392 2000 extra,
1414 1939 1528 2018 quem
1544 1938 1668 1992 coram
1679 1941 1741 1992 so-

313 2044 528 2153 lempnibus
541 2043 710 2152 personis
718 2041 908 2122 confessos
920 2069 1001 2120 esse
1018 2041 1218 2118 erroresde
1226 2040 1365 2146 quibus
1380 2039 1502 2146 agitur
1511 2041 1551 2118 in
1560 2042 1739 2132 articulis,

313 2174 505 2282 respondit
523 2191 562 2252 et
579 2173 672 2252 dixit
689 2201 730 2252 se
742 2201 819 2252 non
835 2171 990 2250 eredere
1009 2171 1110 2278 ipsos
1121 2169 1253 2250 fratres
1267 2199 1337 2248 nec
1350 2198 1480 2250 eorum
1493 2172 1639 2280 aliquos
1649 2202 1741 2253 cou-

313 2303 513 2384 lessionem
526 2303 577 2382 de
584 2302 1093 2410 predictiserroribnsveram
1102 2299 1375 2380 confessionem
1382 2299 1741 2393 lecisse,sedlalsam

313 2434 478 2542 penitus,
498 2434 596 2512 sicut
614 2431 749 2526 credin
762 2462 849 2514 cum
861 2434 901 2512 in
916 2431 1021 2510 nulla
1033 2447 1139 2538 parte
1152 2432 1286 2510 ordine
1303 2430 1453 2539 Templi
1472 2433 1672 2514 commissa
1683 2436 1741 2512 vel

315 2563 442 2642 andita
461 2563 617 2655 luerint,
633 2579 749 2670 pmut
766 2563 899 2652 credit,
922 2561 1020 2640 dicta
1039 2560 1199 2639 nefanda
1217 2561 1372 2639 crimina
1392 2578 1573 2640 contenta·
1587 2563 1626 2640 in
1645 2565 1711 2644 eis.

371 2693 430 2772 ad
448 2693 588 2783 lxxxtn,
609 2693 746 2772 turm
762 2709 801 2771 et
818 2691 925 2773 lxxxv
941 2690 1118 2770 articulos
1131 2690 1325 2780 inclusive,
1347 2690 1549 2800 diligenter
1556 2710 1595 2770 et
1606 2695 1742 2804 sigilla-

315 2825 383 2902 tim
415 2825 679 2934 interrogatus,
710 2822 907 2930 respondit
933 2837 971 2900 et
994 2821 1088 2900 dixit
1106 2821 1212 2928 quod
1231 2819 1362 2900 fratres
1387 2822 1476 2900 dicti
1501 2823 1652 2932 Templi
1676 2827 1743 2932 qui

317 2952 438 3033 dictos
463 2983 609 3034 errores
635 2971 673 3034 et
695 2953 851 3035 crimina
878 2953 917 3030 in
935 2953 1122 3059 presentia
1142 2951 1362 3030 sanctissimi
1385 2953 1500 3058 patris
1529 2969 1568 3032 et
1595 2953 1742 3034 domini

318 3083 436 3160 nostri
454 3111 566 3190 pape,
588 3099 627 3160 et
646 3110 770 3160 coram
797 3081 962 3161 dominis
985 3082 1200 3162 reverendis
1223 3081 1473 3161 cardinalibus
1491 3099 1530 3162 et
1550 3084 1591 3161 in
1611 3113 1744 3164 eorum

318 3211 556 3300 consistorio,
580 3229 669 3292 sunt
688 3209 865 3301 confessi,
891 3211 1162 3320 cujuscumque
1181 3211 1414 3290 condicionis
1434 3213 1493 3290 vel
1516 3229 1634 3292 status
1658 3243 1744 3322 pre-

319 3341 409 3421 dicti
424 3341 646 3423 confite'ntes
661 3340 833 3429 existant,
850 3369 889 3420 se
910 3341 1063 3419 credere
1084 3340 1205 3419 dictos
1224 3341 1446 3420 confitentes
1464 3359 1592 3420 contra
1610 3345 1743 3420 verita-

318 3489 396 3549 tem
414 3448 612 3549 falsitatem
635 3469 769 3548 dixisse
790 3488 827 3547 et
843 3470 1037 3549 veritatem
1056 3469 1209 3577 penitus
1228 3471 1405 3561 tacuisse;
1426 3499 1534 3560 cum,
1554 3473 1651 3550 sicut
1670 3460 1744 3550 cre·

320 3600 394 3688 dit,
415 3601 455 3677 in
470 3598 572 3678 dicto
585 3599 718 3680 ordine
735 3599 886 3707 Templi
900 3599 958 3678 vel
972 3599 1014 3678 in
1028 3597 1154 3706 aliqua
1164 3615 1271 3706 parte
1283 3601 1366 3707 ejus
1379 3628 1450 3678 nec
1463 3599 1561 3681 dicta
1575 3629 1742 3708 unquam

318 3728 460 3808 brerint
478 3729 536 3808 vel
556 3730 753 3812 commissa
766 3757 836 3810 nec
854 3729 1045 3811 auditasic
1057 3728 1383 3810 uelandamimina
1396 3747 1441 3808 ut
1453 3729 1516 3808 illa
1528 3748 1631 3820 sunt,
1648 3732 1745 3810 sicut

320 3859 456 3950 credit3
481 3877 521 3938 et
539 3859 627 3938 ideo
646 3860 825 3939 mentitos
850 3859 971 3939 dictos
998 3859 1130 3940 batres
1154 3887 1236 3938 esse
1255 3859 1375 3938 credit
1403 3861 1440 3937 in
1466 3860 1589 3967 capud
1613 3890 1741 3949 suum,

319 3989 416 4066 salva
435 4017 583 4095 semper
601 3989 796 4070 sanctitate
815 4009 853 4068 et
871 3989 1089 4070 excellentia
1108 3989 1437 4097 Sedis.apostolice
1457 4008 1494 4068 et
1510 3991 1666 4068 bonore.

374 4117 433 4196 Ad
447 4119 566 4198 lxxxvi
580 4118 779 4198 articulum
794 4118 992 4227 diligenter
1007 4121 1272 4228 interrogatus,
1292 4121 1526 4228 respondens
1539 4120 1631 4199 dixit
1640 4122 1742 4228 quod

320 4247 432 4326 buter
455 4249 700 4358 Raymundus
724 4251 772 4328 de
795 4251 891 4330 Baco
915 4268 1005 4340 tunc
1028 4268 1226 4358 preceptor
1251 4251 1348 4330 dicte
1373 4251 1511 4332 domus
1535 4251 1652 4332 blansi
1672 4253 1743 4330 Dei

320 4380 461 4485 recepit
478 4380 603 4487 ipsum
617 4379 658 4457 in
676 4377 829 4458 irenem
845 4380 934 4460 dicti
952 4380 1111 4472 ordinis,
1133 4381 1229 4460 circa
1242 4380 1379 4460 festum
1394 4381 1575 4461 Omnium
1590 4383 1745 4462 Sancto·

319 4538 405 4588 rum
424 4510 592 4616 proxime
610 4527 811 4588 venturum
829 4527 940 4590 erunt
959 4535 1077 4590 xxxtu
1096 4511 1181 4590 enni
1204 4510 1316 4617 elapsi
1336 4512 1395 4590 vel
1414 4512 1526 4602 circa,
1544 4513 1586 4589 in
1605 4513 1743 4618 capella

321 4637 419 4718 dicte
438 4640 589 4728 domus,
604 4639 843 4747 presentibus
856 4658 894 4718 et
908 4640 1053 4720 ibidem
1064 4641 1271 4720 astantibus
1287 4639 1351 4718 Ar’
1361 4641 1505 4732 llocba,
1521 4643 1742 4751 Raymundo

322 4769 369 4846 de
381 4767 596 4859 Cirritania,
610 4769 662 4850 .G.
679 4771 812 4861 Vinea,
834 4773 943 4850 Petro
962 4771 1010 4849 de
1029 4771 1216 4852 Villanova
1238 4787 1276 4848 et
1288 4770 1457 4877 pluribus
1473 4771 1554 4850 aliis
1568 4770 1743 4851 fratribus

322 4898 409 4976 dicti
432 4900 576 4978 ordinis
586 4901 666 5009 jam
684 4899 879 4980 defunctis.
