4320 5898
415 495 462 564 sa
802 467 998 562 annuns
1026 488 1121 560 ons
1148 485 1450 558 rnunnusns.

413 659 520 738 aqua,
542 629 689 708 Fratres
710 628 855 706 ordinis
875 631 1034 707 scientes
1058 653 1204 705 errores
1226 624 1382 704 luerunt
1401 625 1636 734 negligentes
1654 623 1743 731 quia
1763 651 1839 702 non

413 776 657 840 correxerunt
677 788 741 838 eos
761 789 831 838 nec
850 760 1172 840 denunciaverunt
1195 757 1372 837 Ecclesia.
1399 757 1635 836 Elemosinas
1657 774 1695 833 et
1714 756 1843 862 hospi-

411 892 594 970 talitatem
615 890 655 968 in
677 890 856 972 domibus
868 891 1013 970 ordinis
1028 891 1067 967 in
1081 889 1374 996 quibus‘esstitit
1388 907 1641 968 commoratus
1656 885 1749 964 vidit
1762 914 1845 965 con·

414 1024 609 1102 venienter
628 1021 710 1100 fieri
736 1038 773 1100 et
796 1023 944 1100 servari.
972 1021 1124 1100 Audivir
1147 1019 1221 1098 dici
1246 1020 1372 1128 quod,
1397 1020 1525 1129 januis
1549 1017 1707 1110 clausis,
1731 1016 1845 1096 nullis

415 1152 654 1260 presentibus
682 1154 755 1232 nisi
780 1154 957 1234 fratribus
982 1154 1142 1244 ordinis,
1173 1181 1306 1232 eorum
1333 1153 1511 1261 capitulio
1536 1149 1776 1242 tenebantur,
1808 1169 1846 1226 et

416 1286 535 1364 credit
554 1285 660 1393 quod
679 1285 850 1366 ordinata
870 1313 937 1392 per
956 1285 1176 1395 Magistrum
1193 1314 1281 1362 cunr
1302 1301 1506 1373 conventu,
1527 1285 1558 1361 si
1573 1284 1733 1362 luissent
1746 1280 1846 1362 bona

417 1436 455 1496 et
473 1417 589 1507 licita,
610 1415 770 1495 luissent
787 1435 928 1496 servata
944 1418 984 1494 in
1000 1417 1152 1506 ordine,
1175 1432 1304 1494 contra
1324 1445 1439 1523 quem
1455 1443 1556 1493 nunc
1574 1413 1730 1522 grandia
1743 1442 1848 1492 scan-

418 1547 516 1636 dala,
536 1547 701 1655 suspicio
718 1565 757 1626 et
771 1547 924 1626 infamia
944 1566 1033 1626 sunt
1051 1563 1195 1636 exorta3
1217 1545 1324 1652 cujus
1340 1545 1518 1624 fratribus
1534 1563 1622 1624 nota
1641 1537 1751 1624 erant
1766 1573 1848 1622 con·

417 1677 549 1756 leuata
566 1705 636 1783 per
656 1705 765 1767 eum,
788 1697 832 1755 ut
850 1679 982 1756 credit.
1003 1677 1158 1757 Audivit
1177 1677 1250 1753 dici
1271 1705 1451 1784 magnum
1466 1676 1688 1784 Magistrum
1704 1693 1743 1752 et
1755 1673 1848 1752 alios

418 1808 563 1914 aliquos
589 1807 779 1888 confessos
798 1809 914 1890 luisse
934 1826 1062 1888 contra
1089 1808 1284 1896 ordinem,
1312 1808 1360 1885 ad
1386 1810 1495 1916 cujus
1514 1807 1787 1904 deffensionem
1809 1833 1847 1882 se

418 1966 496 2016 non
517 1937 718 2038 obtulerat.
739 1942 813 2018 Nec
833 1940 885 2016 sic
911 1942 1138 2046 deposuerat
1155 1967 1283 2045 prece,
1309 1955 1503 2046 precepto,
1524 1938 1678 2026 timore,
1701 1963 1845 2020 amore,

419 2069 509 2147 odio
539 2070 597 2146 vel
624 2071 786 2148 comodo
812 2069 1010 2177 temporali
1040 2068 1169 2146 habito
1195 2068 1253 2146 vel
1281 2068 1476 2155 babendo,
1509 2069 1575 2146 sed
1599 2096 1669 2174 pro
1694 2069 1847 2146 veritus

420 2200 596 2290 dicenda,
618 2218 662 2279 ut
681 2201 791 2292 dixin
813 2200 872 2278 cui
893 2198 965 2278 luit
984 2201 1199 2307 injunctum
1213 2201 1319 2306 quod
1336 2227 1414 2276 non
1428 2199 1611 2277 revelaret
1631 2199 1727 2277 lianc
1741 2227 1847 2276 snam

419 2331 717 2435 deposicionem,
739 2357 939 2436 quousque
959 2329 1222 2408 attestaciones
1240 2327 1383 2406 luerint
1408 2329 1610 2435 publicato.

477 2594 605 2668 Frater
620 2590 809 2671 Robertus
825 2595 872 2672 de
888 2593 1103 2672 Correnflos
1118 2593 1315 2698 presbiter,
1333 2610 1484 2670 curatus
1500 2593 1656 2670 ecclesie
1673 2594 1721 2670 de
1737 2591 1847 2669 Bralli

420 2720 683 2798 Ambianensis
701 2721 877 2812 diocesis,
898 2723 1005 2801 testis
1024 2749 1136 2828 supra
1152 2722 1317 2828 juratus,
1340 2722 1448 2801 etatis
1466 2751 1573 2802 xxxv1
1591 2751 1775 2800 annorum
1791 2721 1848 2798 vel

421 2852 532 2938 circa,
554 2879 632 2942 non
652 2849 842 2936 defferens
856 2853 1081 2930 mantellum
1099 2852 1261 2944 ordinis,
1281 2854 1372 2960 quia
1392 2853 1517 2958 ipsum
1539 2853 1732 2931 dimiserat
1750 2869 1850 2930 vetu-

420 2997 514 3057 state
525 2997 811 3088 consumptum,
829 2982 1025 3062 absolutus
1044 2999 1082 3058 et
1093 2982 1356 3059 reconciliatus
1375 3011 1442 3088 per
1458 2982 1658 3060 dominum
1671 2983 1851 3089 archiepi-

422 3139 579 3218 scopum
590 3112 832 3202 Remensem,
850 3141 937 3192 cum
950 3139 1027 3218 quo
1041 3111 1284 3218 inquisivernt
1299 3112 1339 3189 in
1354 3111 1514 3190 concilio
1531 3115 1725 3202 Remensi,
1745 3112 1850 3192 lectis

423 3258 461 3318 et
469 3240 667 3348 diligenter
680 3243 856 3349 expositis
868 3244 941 3321 sibi
953 3243 1132 3321 omnibus
1140 3260 1178 3320 et
1189 3242 1532 3351 singulisarticulis,
1544 3239 1849 3354 responditjquod

423 3399 500 3448 non
519 3373 663 3450 viderat
688 3372 804 3479 recipi
824 3373 863 3450 in
886 3373 1020 3452 ordine
1041 3373 1114 3450 nisi
1141 3371 1296 3452 fratrem
1316 3373 1525 3452 Fulconem
1545 3373 1594 3452 de
1617 3373 1757 3481 Nuylhi
1777 3402 1851 3452 ser-
1900 3361 1902 3366 ⁵

421 3503 602 3595 rientem,
631 3519 768 3582 testem
796 3532 907 3611 supra
940 3504 1215 3594 examinatum,
1247 3520 1444 3611 receptum
1474 3505 1513 3580 in
1546 3503 1687 3612 capella
1716 3505 1852 3582 domus

421 3633 572 3739 Templi
590 3635 637 3712 de
658 3633 834 3722 Belvaco,
862 3661 930 3741 per
949 3631 1103 3712 fratrem
1123 3633 1334 3712 Robertum
1355 3634 1403 3711 de
1423 3634 1560 3711 Sancto
1580 3637 1687 3713 lusto
1707 3633 1852 3741 presbi-

421 3779 564 3852 terum,
585 3765 780 3871 quondam
793 3783 1055 3871 preceptorem
1072 3763 1172 3841 dicte
1188 3764 1343 3857 domus,
1365 3792 1465 3841 anno
1480 3764 1546 3842 illo
1562 3793 1639 3872 quo
1654 3765 1734 3871 ipse
1748 3766 1852 3843 testis

423 3892 495 3971 fuit
512 3911 702 4000 receptus,
723 3894 963 4001 presentibus
982 3893 1161 3972 fratribus
1175 3893 1338 4002 Rogerio
1354 3896 1549 4001 quondam
1566 3896 1615 3974 de
1631 3893 1850 3984 Marselbes,

424 4022 599 4130 Philippo
621 4023 668 4100 de
696 4023 931 4112 Lavercines,
954 4039 1050 4102 teste
1071 4053 1183 4131 supra
1204 4026 1331 4134 jurato
1358 4027 1531 4104 nondum
1558 4026 1785 4113 examinato,
1814 4026 1853 4102 in

426 4153 534 4259 cujus
553 4153 773 4261 recepcione
788 4154 846 4232 vel
861 4170 946 4261 post
965 4153 1084 4232 nichil
1103 4155 1197 4232 vidit
1216 4183 1286 4232 nec
1309 4155 1414 4233 scivit
1433 4153 1514 4234 fieri
1535 4155 1730 4245 illicitum,¹
1752 4155 1853 4233 unde

426 4284 616 4362 nesciebat
629 4311 699 4362 nec
718 4284 911 4363 audiverat
926 4283 1000 4362 dici
1022 4285 1069 4362 de
1089 4286 1277 4364 contentis
1297 4286 1336 4361 in
1355 4285 1465 4364 dictis
1479 4286 1648 4364 articulis
1663 4287 1735 4364 nisi
1751 4285 1855 4394 quod
1950 4331 1956 4340 ·

426 4415 608 4519 sequitur.
625 4415 727 4494 Dixit
747 4417 849 4493 enim
869 4443 908 4492 se
927 4415 1041 4494 luisse
1060 4415 1256 4524 receptum
1273 4445 1292 4492 a
1309 4415 1412 4495 dicto
1427 4415 1540 4494 fratre
1555 4415 1738 4504 Rabona,
1760 4417 1855 4494 circa

425 4542 565 4621 festum
584 4543 687 4622 beati
707 4545 857 4623 Martini
879 4544 1053 4623 hiemalis
1072 4546 1245 4652 proximo
1265 4547 1487 4653 preteritum
1509 4545 1664 4625 fuerunt
1684 4575 1749 4626 sur
1769 4531 1857 4624 anni

298 4671 300 4674 ’
427 4673 485 4752 vel
503 4674 615 4764 circa,
637 4676 677 4752 in
692 4675 834 4782 capella
850 4677 986 4754 domus
999 4677 1150 4785 Templi
1171 4678 1218 4756 de
1236 4676 1416 4756 Morlenis
1431 4678 1664 4758 Belvacensis
1679 4678 1853 4769 diocesis,

427 4805 667 4911 presentibus
687 4806 788 4884 dicto
807 4804 918 4886 tratre
937 4807 1130 4914 Philippo,
1153 4825 1191 4886 et
1205 4805 1383 4886 fratribus
1397 4809 1508 4886 Petro
1525 4808 1572 4885 de
1584 4811 1698 4916 Laya,
1714 4826 1752 4887 et
1769 4808 1855 4888 Cle-
