4202 5876
403 564 477 640 aar
788 546 985 639 rnocts
1011 565 1107 637 ons
1133 564 1432 638 reuertens.

400 723 437 783 et
458 704 642 795 observat,
666 721 703 781 et
723 731 854 811 perca
874 705 1091 811 creditipse
1112 722 1150 782 et
1171 704 1235 782 alii
1255 705 1386 784 fratres
1406 702 1496 782 dicti
1521 705 1687 794 ordinis,
1714 723 1822 812 prout

312 937 316 946 Ι
398 835 531 924 credit,
544 835 596 924 ¹ad
614 835 772 914 salutem
793 836 1001 914 animarum
1023 852 1060 913 et
1079 865 1277 944 corporum
1296 836 1489 944 pervenire
1510 835 1660 914 dehere.

454 964 512 1044 Ad
534 993 770 1044 xxx-mut
787 965 961 1043 articulos
980 965 1177 1059 inclusive,
1197 966 1397 1074 diligenter
1407 982 1445 1042 et
1463 964 1650 1073 sigillatim
1670 965 1825 1042 interro·

398 1077 525 1204 gatus,
543 1098 775 1204 respondens
793 1096 939 1203 negavit
952 1096 1053 1204 ipsos
1069 1114 1107 1174 et
1124 1115 1298 1175 contenta
1318 1096 1427 1174 ineis
1448 1112 1485 1173 et
1504 1095 1660 1203 singulis
1677 1124 1824 1174 eorum-

401 1227 504 1317 dem,
521 1243 672 1335 excepto
688 1226 815 1306 osculo
832 1228 908 1306 oris
920 1244 1067 1304 tantum
1085 1255 1160 1334 quo
1176 1245 1334 1306 utuntur
1347 1227 1531 1333 recipiens
1551 1245 1590 1304 et
1608 1243 1790 1333 receptus.

456 1357 514 1434 Ad
533 1384 829 1438 mnu—mvn
844 1357 1018 1436 articulos
1029 1357 1225 1452 inclusive,
1243 1358 1443 1461 diligenter
1459 1373 1498 1434 et
1516 1356 1702 1466 sigillatim
1715 1359 1824 1436 inter-

400 1506 548 1594 rogatus
563 1488 775 1595 respondit,
797 1504 835 1565 et
848 1505 1021 1566 contenta
1041 1489 1080 1564 in
1100 1487 1176 1566 illis
1195 1516 1280 1566 vera
1295 1515 1374 1565 esse
1394 1485 1541 1566 fatetur.

456 1616 517 1695 Ad
531 1616 783 1696 xxxvrn-lvn
795 1617 973 1696 articulos
988 1614 1184 1706 inclusive,
1202 1616 1403 1725 diligenter
1420 1631 1458 1694 et
1472 1617 1660 1725 sigillatim
1673 1613 1824 1698 interro·

400 1765 521 1854 gatns,
552 1747 698 1854 negavit
722 1746 807 1824 illos
832 1746 1008 1858 articulos
1033 1764 1071 1823 et
1094 1763 1269 1824 contenta
1293 1745 1430 1824 inillis
1457 1748 1687 1854 simpliciter,
1715 1769 1826 1857 prout

400 1895 550 1969 sonant,
570 1859 747 1982 tauquam
769 1876 953 1964 inaudita,
974 1876 1160 1985 incognita
1181 1893 1219 1954 et
1236 1877 1363 1984 ignota
1388 1877 1429 1953 in
1449 1877 1582 1957 ordine
1601 1879 1750 1986 Templi
1770 1880 1824 1959 vel

389 2010 440 2085 in
455 2009 577 2115 aliqua
595 2024 699 2113 parte
719 2007 816 2116 ejus,
830 2024 943 2114 prout
962 2007 1081 2085 credit
1096 2008 1143 2086 de
1163 2008 1339 2087 omnibus
1353 2007 1547 2099 fratribus,
1565 2026 1604 2086 et
1625 2009 1693 2085 scit
1716 2027 1754 2088 et
1770 2039 1825 2087 as·

401 2139 491 2216 serit
506 2139 554 2216 de
573 2167 612 2216 se
624 2138 727 2244 ipso.

457 2267 513 2344 Ad
534 2267 766 2347 lun-lxvm
786 2268 961 2348 articulos
976 2269 1172 2359 inclusive,
1191 2269 1392 2376 diligenter
1411 2287 1450 2346 et
1465 2269 1652 2376 sigillatim
1670 2268 1826 2348 interra·

400 2415 524 2506 gatae,
540 2399 684 2506 negavit
696 2399 796 2508 ipsos
809 2399 984 2478 articulos
1000 2415 1037 2478 et
1052 2399 1178 2478 omnia
1193 2416 1230 2477 et
1243 2399 1386 2506 singula
1402 2417 1575 2478 contenta
1590 2399 1713 2488 ineis,
1728 2400 1825 2478 salvo

402 2547 440 2606 et
460 2547 612 2637 excepto
628 2531 748 2637 quod,
771 2531 810 2607 in
829 2531 1049 2636 recepcione
1072 2559 1138 2608 sua
1158 2548 1196 2608 et
1213 2530 1372 2608 fratrum
1393 2531 1483 2608 dicti
1504 2530 1646 2610 ordinis
1663 2559 1826 2637 quorum

400 2659 611 2767 recepcioni
631 2660 756 2765 sepius
774 2659 895 2748 affuit,
918 2660 1062 2765 injungi
1081 2660 1175 2736 vidit
1194 2678 1232 2735 et
1249 2659 1423 2738 audivita
1445 2672 1637 2764 r'eceptore
1659 2679 1702 2739 ut
1718 2691 1826 2766 quas-

403 2789 488 2866 dam
504 2787 677 2874 cordulae
695 2787 876 2894 recipiant
891 2805 929 2866 et
942 2804 1095 2893 portent
1114 2786 1308 2875 continue,
1327 2786 1388 2864 die
1402 2803 1609 2894 noctuque,
1626 2787 1827 2896 insignum

403 2920 576 2997 castitatis
597 2937 634 2996 et
653 2917 858 2995 honestatis
878 2917 1071 3025 areceptis
1085 2917 1278 3022 promisse.

459 3049 561 3126 Dixit
576 3065 702 3126 tamen
722 3047 825 3154 quod
844 3077 930 3126 cum
948 3048 1055 3126 dictis
1071 3046 1236 3126 cordulis
1248 3075 1318 3124 nee
1330 3049 1448 3154 capita
1466 3077 1536 3125 nec
1547 3048 1657 3156 ydola
1675 3066 1828 3156 tangun-

403 3197 465 3256 tur
479 3179 525 3256 de
541 3179 678 3284 quibus
699 3179 821 3286 agitur
840 3179 879 3256 in
896 3178 1059 3256 articulis
1073 3178 1282 3285 prelibatis,
1302 3206 1370 3254 nec
1386 3179 1525 3256 audivit
1544 3177 1592 3256 de
1607 3179 1709 3258 dicto
1728 3197 1828 3258 tactu

403 3336 569 3416 unquam
588 3310 626 3385 in
647 3309 728 3415 ipso
744 3309 876 3386 ordine
892 3308 973 3388 fieri
992 3309 1235 3387 mentionem.
1815 3315 1817 3320 ’

459 3439 518 3516 Ad
540 3440 783 3518 lxix—lxxxii
796 3440 971 3518 articulos
990 3441 1184 3530 inclusive,
1206 3440 1406 3548 diligenter
1426 3459 1463 3519 et
1480 3441 1667 3549 sigillatim
1679 3444 1830 3520 interro·

404 3589 525 3678 gatus,
546 3571 780 3677 respondens
799 3571 947 3678 negavit
974 3572 1075 3678 ipsos
1101 3570 1278 3648 articulos
1304 3589 1342 3649 et
1368 3573 1495 3648 omnia
1519 3589 1557 3650 et
1580 3571 1726 3679 singula
1745 3599 1830 3650 con-

403 3717 505 3777 tenta
522 3699 562 3776 in
583 3700 652 3790 eis,
674 3700 773 3779 salvo
790 3718 827 3778 et
847 3718 999 3807 excepto
1019 3701 1142 3807 qnod,
1158 3718 1328 3808 tempore
1344 3731 1411 3781 sue
1427 3702 1673 3808 recepcionis,
1694 3704 1830 3810 jurarit

405 3844 538 3906 statuta
552 3846 590 3906 et
603 3829 896 3908 consuetudines
917 3847 954 3906 et
968 3857 1091 3907 mores
1104 3829 1226 3908 bonos
1239 3830 1330 3908 dicti
1345 3831 1488 3910 ordinis
1502 3832 1649 3940 Templi
1668 3861 1828 3922 servare3

406 3959 601 4066 interque
626 3960 718 4036 dicit
743 3987 822 4037 esse
846 3976 974 4038 tenere
999 3978 1140 4038 secreta
1165 3960 1317 4068 capituli
1344 3979 1527 4068 quantum
1547 3963 1595 4040 ad
1622 3979 1828 4048 extraneos,

407 4117 553 4168 necnon
569 4090 694 4196 quoad
710 4089 802 4166 alios
817 4091 948 4164 fratres
967 4091 1055 4162 dicti
1073 4088 1215 4162 ordinis
1234 4085 1300 4192 qni
1321 4114 1340 4162 a
1360 4083 1530 4190 capitulis
1546 4083 1757 4162 abluerunt.

463 4223 556 4294 Item
574 4218 722 4296 addidit
740 4216 846 4323 quod
867 4216 922 4292 illi
939 4215 1002 4322 qui
1025 4243 1169 4292 errores
1189 4233 1383 4294 contentos
1395 4216 1434 4292 in
1448 4215 1557 4294 dictis
1572 4215 1735 4294 articulis
1747 4233 1832 4294 sunt

300 4355 307 4364 “
409 4346 585 4436 confessi,
600 4348 666 4455 qui
680 4347 798 4425 eciam
815 4346 948 4424 fratres
968 4346 1056 4425 dicti
1073 4346 1214 4426 ordinis
1233 4346 1478 4453 appellantur,
1498 4345 1591 4424 dixit
1608 4375 1648 4424 se
1663 4375 1740 4426 non
1755 4375 1833 4424 cre-

410 4479 499 4556 dere
512 4477 641 4556 fratres
656 4477 788 4567 luisse,
806 4477 930 4554 necin
949 4477 1247 4557 confessionibus
1256 4479 1334 4556 suis
1348 4507 1432 4556 vera
1447 4477 1599 4568 dixisse3
1616 4505 1702 4586 ymo
1718 4477 1835 4556 credit

409 4611 509 4716 ipsos
537 4624 575 4686 et
601 4636 731 4686 eorum
756 4608 922 4717 singulos
948 4624 1077 4686 contra
1106 4609 1297 4687 veritatem
1326 4607 1413 4688 falsa
1441 4608 1575 4686 dixisse
1601 4609 1702 4688 etin
1727 4625 1835 4715 caput

410 4770 521 4818 suum
542 4738 717 4817 mentitos
737 4767 829 4818 esse.

467 4871 525 4948 Ad
537 4869 820 4962 larn111,lmu11
836 4888 872 4949 et
882 4871 987 4951 lxxxv
1000 4871 1174 4950 articulos
1182 4870 1372 4960 inclusive,
1388 4869 1587 4978 diligenter
1599 4887 1637 4950 et
1648 4867 1833 4977 sigillatim
