4242 5890
385 553 461 624 ass
776 528 975 622 raocts
1000 545 1097 619 ons
1121 544 1424 619 ratramnus.

384 691 602 779 inhonesto,
625 688 839 768 secundum
856 689 978 796 prima
998 704 1134 766 statuta
1154 687 1296 767 ordinis
1315 685 1473 791 recepit3
1493 684 1582 794 quia
1597 684 1677 792 jam
1697 687 1817 791 perci·

384 823 512 930 piebat
531 820 636 930 quod
661 820 726 899 ille
752 821 888 898 modus
908 849 977 927 per
1000 846 1114 926 quem
1139 817 1212 896 fuit
1231 834 1405 925 receptus
1425 831 1505 894 erat
1530 815 1754 924 nephandus
1778 834 1816 894 et

384 956 622 1062 prophanus,
640 970 679 1030 et
694 971 824 1030 contra
842 950 958 1030 fidem
979 949 1208 1028 catholicam.

441 1087 695 1195 Interrogatus
708 1101 836 1162 utrum
851 1084 903 1173 vi,
918 1082 978 1160 vel
994 1099 1099 1160 metu
1114 1095 1393 1159 tormentorum
1409 1078 1468 1158 vel
1484 1079 1660 1168 carceris,
1675 1079 1733 1159 vel
1746 1081 1816 1158 alia

384 1218 433 1295 de
451 1245 579 1306 causa,
607 1215 772 1322 aliquam
792 1212 991 1292 salsitatem
1012 1211 1278 1298 immiscuerit,
1301 1227 1366 1288 aut
1385 1210 1577 1288 veritatem
1596 1211 1756 1288 tacuerit
1778 1211 1817 1287 in

384 1349 625 1456 deposicioue
646 1375 728 1436 sua,
745 1347 839 1424 dixit
850 1347 1181 1454 perjuramentum
1197 1371 1310 1420 suum
1324 1342 1533 1449 quodnou3
1551 1343 1669 1422 immo
1683 1371 1816 1449 puram

384 1497 421 1557 et
441 1481 622 1587 integram
642 1506 711 1586 pro
732 1476 849 1556 salute
871 1477 995 1555 anime
1011 1505 1077 1556 sue
1098 1475 1242 1555 dixerat
1260 1475 1466 1554 veritatem.

439 1748 532 1823 Item
554 1773 671 1834 anno,
688 1745 893 1832 indicione,
915 1771 1061 1835 mense,
1082 1742 1319 1850 pontificatu,
1337 1770 1438 1820 anno
1459 1759 1496 1822 et
1513 1740 1598 1820 loco
1618 1741 1813 1849 predictis,

383 1876 556 1954 vicesima
576 1875 742 1954 secunda
757 1876 819 1953 die
841 1875 1012 1983 ejusdem
1031 1874 1174 1954 mensis
1193 1873 1372 1963 octobris,
1394 1873 1433 1950 in
1454 1872 1542 1950 dicti
1564 1871 1812 1979 inquisitoris,

383 2025 554 2086 nostrum
574 2007 808 2088 notariorum
829 2023 866 2084 et
894 1981 1215 2113 infrascriptorum
1240 2006 1396 2084 testium
1421 2005 1612 2112 presencia
1638 2031 1817 2110 persona·

382 2137 470 2215 liter
501 2139 726 2217 constitutus
753 2135 867 2215 frater
900 2136 1133 2216 Guissermus
1165 2135 1213 2214 dc
1249 2135 1394 2216 Chalou
1427 2137 1566 2243 Regius
1600 2134 1816 2242 clavigerius

383 2269 520 2347 domus
533 2269 580 2347 dc
596 2269 632 2347 la
646 2271 763 2347 Trace
778 2270 884 2377 juxta
904 2269 1130 2358 Soisiarum,
1158 2266 1266 2346 etatis
1279 2267 1430 2374 triginta
1450 2284 1613 2376 quatuor
1627 2293 1815 2346 annorum

380 2400 447 2478 vel
462 2401 557 2478 circa
565 2419 622 2493 ,ut
640 2401 809 2493 dicebat;
832 2400 969 2478 eodem
982 2400 1098 2479 modo
1109 2399 1259 2508 juratus
1279 2399 1326 2478 de
1348 2428 1387 2478 se
1404 2415 1442 2476 et
1454 2397 1535 2476 aliis
1550 2399 1588 2475 in
1601 2427 1711 2479 cause
1723 2397 1814 2476 fidei

381 2532 548 2639 plenam,
570 2561 705 2639 puram
722 2550 760 2610 et
779 2533 960 2638 integram
977 2531 1104 2610 dic'ere
1117 2530 1380 2621 veritatem,'et
1394 2530 1645 2639 iuterrogatus
1661 2528 1708 2606 de
1724 2543 1816 2606 tem·

379 2692 473 2770 pore
501 2681 540 2742 et
558 2662 676 2742 modo
701 2691 768 2740 sue
789 2663 1039 2770 recepcionis,
1071 2661 1164 2740 dixit
1192 2689 1260 2769 per
1282 2661 1542 2769 juramentum
1568 2689 1679 2740 suum
1711 2660 1814 2767 quod

380 2793 454 2872 fuit
471 2812 644 2903 receptus
669 2795 708 2871 in
730 2794 845 2874 domo
873 2795 919 2871 de
948 2795 1116 2903 Saucayo
1147 2794 1187 2872 in
1207 2792 1368 2872 baillivia
1395 2793 1626 2901 Stampensi,
1646 2819 1716 2898 per
1741 2791 1815 2869 fra-

380 2947 477 3006 trem
494 2927 705 3007 Jobannem
723 2927 1000 3006 thesaurarium
1016 2927 1264 3006 Parisiensem
1276 2925 1342 3033 qui
1358 2954 1461 3003 nunc
1476 2942 1549 3016 est,
1562 2926 1657 3004 circa
1673 2925 1814 3004 instans

379 3059 519 3138 festum
543 3060 745 3138 Natiuitatis
777 3059 934 3138 Domini
964 3076 1075 3138 erunt
1105 3075 1268 3166 quatuor
1296 3058 1401 3147 anni,
1427 3055 1668 3164 presentibus
1700 3054 1813 3134 fratre

379 3191 546 3270 Roberto
576 3209 796 3299 preceptore
822 3191 870 3268 de
899 3191 1084 3298 Saucayo,
1109 3207 1146 3268 et
1170 3204 1391 3297 preceptore
1423 3187 1470 3269 de
1498 3187 1675 3294 Stampis,
1705 3188 1813 3296 cujus

369 3351 589 3432 'cognomen
610 3341 667 3400 est
687 3324 734 3402 de
756 3321 990 3411 Chantuillc,
1013 3321 1082 3399 sed
1097 3321 1144 3400 de
1160 3351 1228 3400 suo
1248 3321 1402 3429 proprio
1422 3321 1578 3400 nomine
1593 3348 1670 3399 non
1690 3347 1814 3398 recor-

379 3454 500 3542 datur,
521 3472 565 3532 ut
585 3455 688 3533 dicit.
706 3455 809 3533 Dixit
829 3454 945 3532 eciam
965 3481 1035 3559 per
1045 3439 1305 3560 juramentum
1325 3480 1437 3529 suum
1451 3451 1572 3558 quod,
1593 3478 1639 3528 eo
1659 3467 1812 3556 recepto

379 3603 418 3663 et
430 3585 591 3664 clamide
606 3587 655 3664 ad
670 3584 809 3664 collum
828 3587 964 3692 posita,
983 3600 1020 3662 et
1029 3583 1248 3690 juramento
1264 3583 1311 3660 ab
1329 3609 1374 3663 eo
1392 3583 1548 3690 prestito
1563 3581 1669 3688 quod
1683 3581 1814 3660 obser-

377 3737 479 3797 varet
499 3720 598 3798 iuter
617 3736 740 3797 cetera
767 3735 907 3796 secreta
933 3715 1022 3794 dicti
1050 3714 1211 3804 ordinis,
1241 3713 1329 3792 dicti
1356 3729 1595 3820 preceptores
1623 3712 1813 3790 duxerunt

377 3881 467 3929 eum
487 3850 536 3928 ad
556 3867 722 3957 partem,
749 3867 802 3939 et,
827 3866 975 3928 ostensa
1002 3847 1073 3925 sibi
1099 3846 1261 3954 quadam
1290 3875 1399 3924 cruce
1427 3873 1514 3924 cum
1543 3843 1665 3951 effigie
1691 3841 1810 3924 Jhesu

377 3983 517 4062 Christi
537 3983 575 4058 in
598 3981 761 4090 quadam
785 3979 940 4068 missali,
967 3979 1143 4057 dixerunt
1158 3975 1228 4055 sibi
1250 3995 1286 4056 et
1306 3993 1554 4085 preceperunt
1573 3974 1678 4084 quod
1697 3973 1812 4052 abne·

377 4131 481 4222 garet
498 4115 655 4192 Jbesum
671 4113 884 4202 Christum,
908 4127 946 4189 et
964 4127 1118 4221 spueret
1131 4137 1243 4215 supra
1258 4125 1487 4188 cruccmter.
1506 4108 1579 4202 Qui
1596 4105 1806 4212 respondit,

377 4263 421 4324 ut
445 4247 554 4338 dixit,
575 4246 682 4353 quod
703 4244 811 4322 nullo
840 4241 955 4321 modo
979 4241 1136 4330 faceret,
1164 4269 1251 4318 cum
1277 4257 1374 4318 esset
1394 4238 1642 4318 Christianus.
1666 4237 1713 4314 Et
1737 4236 1810 4315 suit

376 4381 531 4460 territus
559 4379 643 4488 plus
669 4407 782 4487 quam
804 4405 972 4484 unquam
996 4373 1068 4451 fuit
1087 4374 1127 4454 in
1153 4373 1224 4452 vita
1248 4401 1333 4462 sua3
1354 4389 1392 4450 et
1412 4371 1537 4450 statim
1556 4397 1656 4448 unus
1676 4397 1809 4446 eorum

375 4513 520 4622 accepit
534 4541 622 4590 eum
642 4527 853 4619 pergatur,
877 4507 1008 4586 dicens
1024 4505 1130 4613 quod
1148 4503 1346 4611 oportebat
1363 4502 1468 4609 quod
1488 4501 1562 4579 boc
1580 4499 1734 4588 faceret,
1752 4497 1811 4578 vel

376 4663 601 4726 moreretur.
613 4645 661 4722 Et
676 4662 769 4723 tunc
788 4644 868 4750 ipse
885 4659 991 4719 metu
998 4638 1149 4726 mortis,
1166 4655 1209 4713 ut
1223 4635 1315 4714 dixit
1324 4663 1393 4742 per
1401 4635 1661 4743 juramentum
1678 4659 1807 4723 suum,

374 4779 572 4890 abnegavit
590 4795 650 4856 ter
672 4777 829 4856 Jbesum
858 4772 1051 4855 Christum
1079 4799 1162 4861 ore,
1184 4768 1252 4848 sed
1276 4795 1353 4846 non
1373 4765 1515 4856 corde,
1534 4782 1576 4842 ut
1596 4763 1701 4841 dixit.
1723 4764 1808 4857 Quo

375 4913 491 5002 secto,
517 4909 610 4990 dixit
638 4937 707 5016 per
724 4907 982 5018 juramentum
1009 4929 1121 4988 suum
1144 4898 1247 5006 quod
1273 4897 1442 4978 feceruut
1462 4923 1550 4973 eum
1568 4893 1694 5002 jurare
1720 4891 1808 4970 dicti
