4320 5898
709 462 910 556 rnocts
936 481 1032 553 nus
1056 482 1363 559 rnurmcns:
1709 493 1752 562 17

324 637 436 698 erunt
455 649 518 698 sex
534 621 622 698 anni
642 623 702 700 vel
718 624 825 742 circa,
848 625 1000 703 fratrem
1016 627 1282 734 Raymundurri
1299 624 1562 737 d’Angleyrola
1581 619 1754 722 militem,

321 780 390 858 per
404 751 558 832 fratrem
574 757 862 866 Ber-rengerium
880 759 927 836 de
943 758 1117 837 Cardono
1134 759 1297 838 militem
1313 762 1519 868 quondam,
1537 763 1756 871 magistrum

322 898 414 961 tunc
432 885 628 998 Aragonie,
650 888 893 996 presentibus
911 886 1088 968 fratribus
1109 890 1297 999 Symeone
1322 892 1370 970 de
1390 891 1528 971 Lerida
1548 921 1650 972 nunc
1671 923 1758 1002 pre·
1821 931 1826 937 ·

322 1033 473 1124 captore
501 1018 704 1128 Aragonie,
731 1021 977 1131 Berrengario
1003 1021 1050 1098 de
1082 1021 1189 1100 Bello
1206 1023 1310 1102 'Visu
1339 1023 1542 1102 castellano
1573 1027 1681 1104 castri
1710 1027 1757 1105 de

322 1147 487 1242 Monsso,
499 1149 694 1229 Dalmacio
708 1150 757 1230 de
768 1155 880 1232 Tune
896 1151 1118 1261 preceptore
1129 1152 1177 1231 de
1191 1152 1391 1263 Berbe'yra,
1408 1153 1608 1248 militibus,
1626 1175 1665 1236 et
1675 1158 1759 1236 aliis

323 1279 471 1360 circiter
488 1283 660 1373 centum3
678 1300 717 1362 et
737 1283 880 1362 eisdem
903 1285 1013 1373 bora,
1033 1283 1135 1377 loco,
1155 1285 1408 1392 presentibus,
1433 1305 1470 1366 et
1484 1315 1553 1396 per
1575 1290 1757 1368 eumdem

322 1429 361 1491 et
380 1414 516 1492 eodem
537 1415 654 1494 modo
674 1415 831 1494 fuerunt
849 1417 989 1524 recepti
1007 1415 1141 1496 fratres
1163 1419 1297 1498 Petrus
1316 1418 1472 1511 Sanchi,
1496 1421 1638 1530 Symon
1657 1421 1758 1498 Petri

323 1562 360 1622 et
372 1545 547 1624 Remirus
561 1546 661 1624 Petri
679 1547 727 1626 de
742 1549 899 1631 Navarra
911 1549 1067 1641 milites,
1088 1550 1182 1627 vidit
1196 1552 1333 1640 eciam,
1350 1553 1390 1629 in
1402 1553 1484 1631 aliis
1504 1553 1677 1660 capitulis
1693 1583 1759 1662 ge·

265 1751 276 1773 „
323 1675 514 1755 neralibus
534 1677 731 1758 celebratis
751 1681 790 1758 in
812 1681 913 1758 dicto
931 1696 1050 1758 castro
1076 1682 1123 1759 de
1150 1683 1322 1773 Monam,
1349 1684 1465 1791 recipi
1493 1682 1636 1762 multos
1652 1683 1756 1775 alios,

184 1821 187 1828 “
321 1836 487 1917 quorum
508 1810 664 1887 nomina
684 1813 969 1920 etcognomina
984 1812 1078 1889 dixit
1095 1841 1134 1890 se
1155 1812 1195 1889 in
1216 1815 1402 1893 memoria
1417 1843 1497 1892 non
1517 1815 1672 1909 babere,
1689 1843 1759 1893 nec

322 1941 427 2034 vidit,
442 1970 512 2020 nec
527 1942 643 2032 scivit,
663 1971 734 2022 nec
749 1943 880 2036 credit,
898 1972 969 2021 nec
984 1943 1125 2022 audivit
1140 1945 1216 2022 dici
1233 1946 1340 2054 quod
1355 1944 1482 2055 aliqua
1495 1946 1626 2025 illicita
1643 1939 1760 2026 inter·

323 2089 508 2150 venerunt
527 2074 567 2150 in
581 2073 690 2154 dictis
710 2075 995 2181 recepcionibus
1011 2075 1071 2152 vel
1091 2093 1188 2182 post.
1207 2076 1315 2167 Item,
1333 2076 1427 2154 dixit
1444 2078 1550 2185 quod
1564 2079 1643 2185 ipse
1658 2079 1757 2157 bene

324 2204 501 2284 credebat
513 2206 771 2285 ecclesiasticis
791 2206 1043 2298 sacramentis,
1064 2223 1102 2283 et
1117 2205 1237 2284 credit
1253 2205 1356 2313 quod
1379 2207 1442 2284 alii
1462 2207 1594 2285 fratres
1615 2209 1758 2288 ordinis

322 2335 421 2415 bene
441 2338 640 2420 crederent
659 2354 696 2416 et
714 2339 820 2445 quod
842 2366 976 2416 eorum
997 2336 1208 2416 sacerdotes
1232 2335 1359 2415 debite
1380 2337 1626 2417 celebrarent.
1640 2342 1756 2428 Item,
1859 2349 1863 2356 '

325 2469 418 2548 dixit
431 2471 549 2578 quod,
569 2470 869 2578 finitis'capitulis
882 2498 1018 2547 eorum
1034 2486 1073 2547 ct
1084 2467 1190 2547 factis
1204 2470 1383 2576 precibus
1396 2471 1647 2581 generalibus,
1664 2473 1761 2550 dice-

102 2607 109 2618 '
196 2689 201 2698 ,
323 2603 399 2691 bat,
425 2619 470 2681 ut
489 2600 560 2680 sibi
586 2593 747 2693 videtur,
770 2603 885 2681 frater
911 2602 1030 2680 laicus
1056 2603 1122 2708 qui
1142 2602 1298 2680 tenebat
1318 2602 1526 2711 capitulum
1549 2605 1653 2711 quod
1679 2601 1759 2712 ipse

324 2730 542 2812 absolvebat
564 2761 639 2825 eos,
669 2763 713 2812 ex
732 2750 918 2841 potestate
938 2734 1010 2811 sibi
1031 2733 1167 2810 tradita
1187 2733 1318 2823 aDeo,
1341 2735 1388 2811 de
1408 2734 1483 2812 biis
1504 2764 1579 2842 que
1600 2731 1760 2814 obmise·
1832 2796 1834 2804 .

324 2881 409 2945 rant
429 2865 554 2946 dicere
577 2883 734 2973 propter
756 2864 1022 2942 verecundiam
1050 2863 1172 2944 carnis
1194 2864 1255 2942 vel
1274 2880 1431 2972 propter
1454 2865 1632 2945 timorem
1651 2865 1762 2944 disci-

324 2995 427 3104 pline
448 2995 665 3084 ordinis,·et
679 2995 827 3074 dicebat
839 2997 945 3104 quod
958 2995 1154 3074 flecterent
1167 3021 1290 3103 genua
1307 3012 1346 3072 et
1362 2995 1467 3104 quod
1487 2997 1673 3104 presbiter
1692 3002 1759 3105 qui

326 3145 405 3206 erat
417 3128 470 3206 ibi
487 3127 698 3207 absolveret
711 3157 776 3208 eos
792 3145 830 3206 et
843 3129 1013 3207 dicerent
1026 3129 1271 3209 Paternostcr.
1288 3127 1506 3237 Requisitus
1521 3129 1553 3210 si
1570 3157 1639 3236 per
1654 3129 1761 3208 abso-

325 3259 518 3343 lucionem
532 3287 646 3368 quam
661 3258 821 3339 saciabat
836 3261 958 3338 dictus
976 3258 1094 3338 laicus
1115 3259 1196 3366 ipse
1214 3259 1321 3338 testis
1335 3260 1394 3338 vel
1412 3259 1508 3339 alius
1527 3257 1643 3339 frater
1658 3260 1760 3339 ordi-

326 3391 384 3470 nis
404 3392 611 3471 credebant
629 3391 889 3472 esse‘absoluti
906 3421 926 3468 a
945 3392 1106 3498 peccatis
1118 3390 1328 3470 venialibus
1342 3390 1402 3469 vel
1421 3391 1661 3482 mortalibus,
1683 3421 1761 3471 res-

326 3523 462 3630 pondit
479 3523 528 3604 de
549 3551 588 3602 se
610 3524 691 3632 ipso
713 3525 820 3638 quod
841 3551 935 3616 non,
957 3523 1029 3600 nisi
1048 3522 1180 3601 fuisset
1199 3551 1242 3600 ea
1262 3523 1456 3602 consessus
1470 3523 1700 3631 presbitero,
1723 3542 1762 3603 et

326 3656 447 3734 credit
467 3655 572 3764 quod
589 3655 653 3763 alii
672 3655 804 3736 fratres
825 3657 1023 3735 crederent
1041 3655 1158 3733 idem.
1178 3653 1396 3762 Requisitus
1410 3655 1502 3762 quid
1521 3654 1761 3764 intelligebat

326 3817 394 3896 per
409 3786 474 3878 illa
488 3788 611 3878 verba,
627 3789 680 3866 ob
696 3789 947 3867 reverenciam
963 3787 1085 3865 carnis
1103 3785 1163 3864 vel
1182 3786 1362 3864 timorem
1383 3769 1579 3894 discipline
1601 3786 1757 3876 ordinis,

327 3917 421 3998 dixit
440 3920 547 4028 quod
563 3947 698 3998 novem
717 3949 825 3999 casus
845 3936 952 3998 erant
970 3919 1010 3996 in
1033 3917 1167 3998 ordine
1184 3935 1341 4025 propter
1358 3947 1454 4027 quos
1471 3917 1683 4027 perdebant
1698 3947 1761 3997 or·

328 4051 474 4142 dinem,
502 4053 602 4130 inter
628 4081 725 4160 quos
750 4069 832 4130 erat'
848 4080 946 4132 unus
967 4079 1071 4130 casus
1092 4053 1123 4130 si
1144 4048 1279 4158 aliquis
1298 4051 1582 4131 convinceretur
1604 4053 1762 4130 commi-

328 4184 417 4263 sisse
451 4183 594 4261 crimen
627 4184 917 4274 sodomiticum;
943 4202 982 4263 et
1011 4200 1118 4262 erant
1137 4182 1254 4289 aliqui
1284 4211 1390 4260 cacus
1418 4184 1571 4293 triginta
1602 4202 1640 4262 et
1661 4211 1761 4262 unus

327 4333 481 4425 propter
501 4343 598 4424 quos
620 4316 833 4423 perdebant
857 4316 1082 4396 mantellum
1102 4314 1162 4392 vel
1186 4293 1649 4409 incarcerabantur,‘inter
1666 4345 1763 4425 quos

329 4466 407 4526 erat
425 4477 525 4527 unus
549 4450 578 4526 si
605 4448 765 4528 fuissent
783 4448 942 4528 convicti
965 4448 1013 4526 ad
1030 4447 1321 4526 fornicacionem
1338 4447 1397 4526 vel
1419 4447 1493 4526 alio
1511 4464 1663 4557 peccato
1683 4477 1762 4527 car-

282 4644 287 4650 .
329 4580 416 4672 nali,
433 4580 536 4660 unde
550 4582 672 4661 credit
685 4583 791 4690 quod
810 4581 910 4660 dicta
923 4580 986 4659 illa
1004 4580 1221 4658 dicerentur
1233 4608 1302 4686 per
1318 4580 1462 4660 dictum
1476 4579 1614 4660 laicum
1628 4599 1764 4660 tenen-

328 4729 406 4791 tem
437 4713 661 4822 capitulum,
692 4733 737 4794 ut
760 4715 792 4793 si
822 4713 958 4822 aliquis
988 4712 1208 4792 obmitteret
1239 4711 1364 4789 dicere
1389 4711 1556 4821 aliquem
1582 4742 1626 4793 ex
1654 4713 1764 4791 dictis

329 4869 374 4920 xx
400 4844 547 4925 casibus
567 4845 626 4924 vel
648 4845 730 4925 aliis
756 4847 805 4924 ob
830 4845 1094 4925 verecundiam
1120 4843 1240 4922 carnis
1265 4842 1324 4922 vel
1347 4844 1525 4924 timorem
1545 4844 1761 4952 discipline,
1874 4877 1883 4897 ·

418 4981 524 5045 rnocbs
545 5003 597 5047 nas
619 5002 881 5046 reveniens.-u.
1594 4983 1612 5044 3
