4486 5890
769 470 965 564 esoces
991 487 1087 560 ons
1113 486 1412 560 rsurmrns.
1731 484 1800 554 117

378 629 466 708 fecit
492 655 582 706 eum
608 655 737 708 vovere
769 629 992 719 castitatem,
1028 626 1308 718 obedienciam,
1329 628 1449 704 vivere
1470 625 1551 702 sine
1570 621 1743 729 proprio;
1767 638 1804 699 et

379 757 559 863 imposito
574 756 647 838 sibi
667 759 866 851 mantello,
888 761 968 866 ipse
988 775 1025 836 et
1040 785 1172 835 omnes
1192 773 1354 852 astantes
1368 753 1523 832 luerunt
1542 781 1630 830 eum
1648 749 1804 829 osculati

379 889 419 966 in
437 917 520 978 ore,
542 907 580 968 et
597 889 772 970 instmxit
791 919 881 970 eum
903 908 998 997 quot
1015 891 1128 968 Pater
1147 903 1263 967 noster
1281 887 1424 969 diceret
1444 911 1511 990 pro
1532 882 1636 960 horis
1650 882 1744 970 suis,
1768 898 1806 957 et

378 1016 541 1124 qualiter
559 1036 707 1126 regeret
725 1048 764 1098 se
784 1019 823 1097 in
845 1019 989 1098 ordine.
1010 1020 1179 1124 Postque
1200 1015 1377 1094 omnibus
1393 1012 1658 1092 recedentibus
1678 1010 1726 1088 de
1747 1039 1807 1086 ca-

379 1146 495 1254 pella,
516 1149 656 1229 vocavit
676 1149 800 1256 ipsum
819 1165 955 1228 testem
976 1148 1099 1226 solum
1120 1149 1168 1224 ad
1182 1148 1387 1253 quamdam
1406 1173 1608 1232 cameram,
1625 1159 1661 1219 et
1681 1141 1806 1218 clauso

382 1279 495 1366 ostio,
517 1279 686 1386 precepit
706 1280 740 1359 ei
761 1280 866 1384 quod
886 1280 1086 1387 abnegaret
1103 1278 1247 1368 Denms
1269 1293 1414 1354 etcum
1434 1277 1514 1383 ipse
1528 1273 1635 1351 testis
1653 1301 1807 1379 respon-

381 1407 499 1489 disset
514 1437 557 1486 se
578 1411 652 1490 boc
680 1410 790 1490 nullo
813 1411 929 1490 modo
960 1409 1166 1500 facturum,
1193 1407 1286 1486 dixit
1305 1407 1340 1484 ei
1365 1405 1471 1513 quod
1509 1405 1582 1483 boc
1611 1405 1808 1511 oportebat

381 1565 470 1616 eum
486 1535 624 1626 facere,
639 1539 727 1644 quie
748 1557 827 1618 erat
846 1539 895 1618 de
919 1537 1291 1645 punctis-religionis,
1307 1551 1448 1612 ettunc
1467 1535 1545 1639 ipse
1565 1533 1671 1612 testis
1690 1534 1807 1610 abne-

380 1667 483 1774 gavit
503 1669 629 1748 Deum
649 1696 714 1747 ore
744 1697 820 1747 non
840 1668 970 1758 corde,
997 1685 1042 1744 ut
1060 1667 1164 1747 dixit.
1186 1665 1332 1746 Deinde
1361 1662 1526 1742 ostendit
1549 1663 1583 1740 ei
1604 1664 1807 1769 quamdam

382 1825 532 1874 crucem
552 1797 720 1906 ligneam.
736 1798 945 1904 depictam,
967 1799 1086 1875 nescit
1104 1825 1172 1904 per
1193 1825 1310 1902 quem
1334 1793 1500 1882 allatam,
1528 1810 1566 1870 et
1586 1793 1753 1898 precepit
1774 1793 1808 1868 ei

381 1927 489 2034 quod
501 1946 653 2034 spueret
682 1957 924 2034 supeream,
953 1946 990 2006 et
1014 1929 1094 2034 ipse
1123 1928 1246 2018 testis,
1274 1928 1412 2004 timens
1446 1924 1519 2002 sibi
1548 1941 1585 2002 et
1612 1924 1746 2002 dolens
1772 1943 1810 2000 et

353 2085 357 2090 ·
382 2057 494 2146 flens,
515 2059 616 2164 spuit
634 2086 712 2138 non
731 2087 844 2166 super
869 2059 938 2138 sed
951 2059 1057 2165 juxta
1078 2085 1184 2148 eam,
1200 2075 1244 2136 ut
1261 2057 1363 2135 dixit.
1387 2054 1634 2134 Postmodum
1661 2054 1753 2132 dixit
1774 2055 1806 2130 ei

384 2186 509 2266 dictus
538 2205 711 2294 receptor
743 2190 865 2295 prod,
895 2189 1106 2267 secundum
1135 2189 1233 2264 dicta
1261 2203 1415 2294 primata,
1440 2201 1587 2292 poterat
1613 2185 1809 2262 carnaliter
1899 2181 1904 2189 '

385 2317 620 2394 commisceri
640 2317 818 2397 fratribus
847 2317 994 2396 ordinis
1019 2335 1057 2396 et
1076 2317 1145 2422 ipsi
1172 2345 1258 2394 cum
1280 2343 1343 2406 ecc
1371 2314 1446 2392 hoc
1463 2331 1589 2390 tamen
1615 2342 1691 2391 non
1722 2314 1809 2392 fecit

384 2473 455 2522 nec
478 2445 551 2524 fuit
569 2447 793 2552 requisitus,
814 2475 884 2524 nec
905 2447 1024 2526 credit
1043 2446 1148 2552 quod
1172 2446 1211 2522 in
1232 2446 1365 2524 ordine
1385 2444 1510 2534 lieret3
1536 2443 1656 2520 credit
1682 2461 1809 2522 tamen

384 2575 490 2681 quod
508 2575 677 2681 predicta
701 2575 831 2654 illicita
851 2574 1056 2654 confessata
1075 2603 1144 2680 per
1164 2602 1251 2652 eum
1271 2574 1540 2650 intervenirent
1559 2577 1810 2652 communiter

386 2705 424 2782 in
443 2705 730 2811 recepcionibus
757 2705 939 2794 aliorum
965 2707 1038 2794 hoc
1061 2720 1189 2782 tamen
1214 2703 1321 2784 aliter
1348 2704 1479 2782 nescit.
1508 2705 1618 2792 Item,
1651 2704 1744 2782 dixit
1770 2733 1809 2783 se

387 2834 539 2913 credere
570 2834 675 2940 quod
702 2833 834 2913 fratres
866 2834 1012 2914 ordinis
1043 2834 1241 2912 crederent
1267 2832 1523 2913 ecclesiasticis
1553 2836 1806 2924 sacramentis,

387 2965 528 3071 quibus
546 2965 626 3070 ipse
646 2965 842 3054 credebat,
864 2981 903 3042 et
922 2964 1028 3071 quod
1048 2992 1180 3042 eorum
1196 2962 1407 3041 sacerdotes
1421 2963 1550 3042 debite
1564 2962 1806 3040 celebrarent.

386 3094 537 3172 Dictum
563 3093 689 3174 fuitei
710 3093 749 3173 in
769 3095 995 3200 recepcione
1007 3123 1076 3173 sua
1095 3095 1200 3200 quod
1220 3095 1346 3171 statim
1366 3123 1435 3201 pro
1461 3092 1628 3202 professo
1649 3093 1811 3172 habeba-

387 3241 461 3302 tur.
477 3222 1024 3330 Clandestinerecipiebantur,
1042 3224 1158 3302 nullis
1172 3224 1413 3331 presentibus
1427 3225 1497 3302 nisi
1513 3223 1691 3302 fratribus
1708 3227 1811 3302 ordi-

388 3353 467 3440 nis,
490 3381 533 3432 er
558 3381 637 3461 quo
666 3354 788 3432 credit
810 3356 916 3460 quod
937 3371 1035 3432 esset
1062 3353 1226 3460 suspicio
1253 3372 1380 3432 contra
1401 3383 1476 3434 eos.
1503 3354 1680 3434 Cordulis
1709 3357 1811 3432 unde

388 3481 564 3561 volebant
583 3483 783 3590 assumptis
803 3483 1050 3591 cingebantur
1061 3513 1173 3590 super
1188 3485 1357 3560 camisias
1369 3513 1453 3562 cum
1474 3483 1615 3590 quibus
1625 3484 1809 3590 jacebant.

390 3612 531 3690 Juravit
544 3611 651 3718 quod
668 3641 747 3691 non
759 3613 942 3690 revelaret
962 3629 1103 3696 secreta
1124 3611 1376 3718 capitulorum
1398 3641 1466 3690 nec
1486 3613 1646 3690 modum
1667 3641 1732 3692 sue
1755 3643 1813 3690 re-

388 3741 589 3848 ceptionis3
604 3742 636 3820 si
647 3742 891 3830 revelassent,
905 3742 1025 3820 nescit
1037 3741 1200 3850 qualiter
1209 3742 1332 3850 puniti
1346 3741 1513 3820 fuissent.
1532 3743 1680 3818 Fratres
1695 3743 1813 3820 scien-

388 3886 447 3948 tes
466 3891 612 3950 errores
623 3870 778 3951 bimunt
797 3872 1029 3980 negligentes
1044 3873 1224 3978 quianon
1240 3889 1479 3952 correxerunt
1499 3898 1653 3949 cosnec
1672 3872 1814 3950 denun-

389 4000 579 4080 ciaverunt
596 4002 773 4082 Ecclesia.
794 4003 1033 4083 Elemosinas
1053 4020 1091 4081 et
1111 4003 1404 4110 hospitalitatem
1436 4001 1531 4080 vidit
1550 4004 1814 4081 convenienter

389 4129 472 4208 fieri
494 4147 532 4208 et
551 4133 688 4212 servari
713 4132 754 4210 in
778 4133 956 4212 domibus
980 4134 1135 4212 ordinis.
1150 4135 1189 4212 in
1209 4133 1350 4240 quibus
1379 4131 1519 4210 exstitit
1546 4152 1811 4214 commoratus.

392 4259 575 4338 Ordinata
586 4291 608 4338 a
619 4261 797 4370 Magistro
814 4291 901 4342 cum
915 4280 1101 4342 conventu
1118 4279 1298 4340 servasset
1309 4279 1413 4342 totus
1427 4263 1538 4351 ordo,
1556 4280 1683 4347 contra
1699 4293 1814 4372 quern

391 4417 493 4468 nunc
511 4390 666 4498 grandia
692 4391 890 4483 scandala,
903 4393 1066 4499 suspicio
1096 4410 1134 4470 et
1153 4391 1306 4472 infamia
1333 4409 1423 4470 sunt
1446 4407 1589 4481 exorta,
1621 4410 1659 4470 et
1687 4411 1816 4472 contra

392 4545 508 4625 quem
523 4547 686 4628 magnus
703 4521 881 4628 Magister
896 4537 934 4600 et
954 4520 1016 4600 alii
1033 4521 1212 4601 dicuntur
1232 4520 1306 4598 alia
1319 4519 1433 4600 baisse
1449 4517 1627 4610 consessi;
1644 4522 1692 4598 ad
1709 4525 1816 4630 cujus

392 4648 539 4729 ordinis
557 4649 892 4738 deffensionemse
907 4651 1108 4732 obtulerat.

448 4778 666 4884 Requisitus
679 4780 710 4858 si
722 4781 775 4864 sic
788 4783 1015 4889 deposuerat
1023 4809 1150 4887 preca,
1166 4797 1365 4888 precepto,
1379 4782 1533 4872 timore,
1546 4809 1690 4870 aurore,
1705 4783 1813 4871 odio,
1868 4879 1873 4892 .
