4486 5890
742 463 936 554 esoces
963 481 1059 552 uss
1087 481 1384 556 murmures.
1704 487 1774 558 no

350 619 724 704 teroenirentillieite
740 621 945 704 confessam
966 649 1035 727 per
1053 648 1154 700 eum
1177 621 1393 730 Requisitus
1414 623 1445 702 si
1466 621 1607 702 videret
1630 621 1776 728 sliquos

350 753 466 859 recipi
481 752 521 828 in
539 751 688 841 ordine,
705 752 900 858 respondit
912 751 1019 858 quod
1035 751 1178 832 multos
1197 752 1342 832 videret
1357 751 1496 858 recipi,
1513 777 1675 858 quorum
1697 781 1774 830 nou

350 883 514 962 habebat
531 882 725 971 noticiam.
748 884 786 962 in
804 909 969 990 quorum
985 882 1272 988 reoeprionihus
1286 881 1346 962 vel
1361 899 1448 991 post
1466 881 1582 962 nielsil
1596 883 1690 962 vidit
1706 913 1775 962 nee

349 1014 454 1094 seivit
475 1013 557 1092 fieri
577 1013 769 1101 illicitumr
796 1013 918 1094 eredit
937 1029 1067 1094 semen
1084 1013 1190 1120 quod
1209 1031 1295 1120 post
1311 1011 1385 1092 luit
1406 1013 1547 1092 fretum
1567 1027 1605 1092 et
1632 1013 1775 1092 dictum

349 1146 455 1252 quod
477 1143 655 1252 deposuit
671 1173 712 1222 se
724 1143 857 1224 iecisse
871 1161 909 1222 et
919 1143 993 1223 sihi
1011 1144 1156 1223 dictum
1175 1141 1302 1224 luisse.
1325 1146 1442 1234 Item,
1456 1143 1549 1222 dixit
1561 1171 1602 1222 se
1621 1146 1775 1222 eredere

350 1275 454 1380 quod
472 1273 607 1354 lretres
617 1274 766 1354 ordinis
780 1273 978 1366 crederent
997 1271 1253 1352 ecelesiasticis
1269 1273 1526 1364 sacramentis,
1541 1272 1681 1378 quibus
1697 1274 1774 1378 ipse

349 1404 486 1495 eredit,
506 1419 545 1482 et
560 1403 667 1508 qued
682 1429 817 1484 eorum
831 1401 1186 1484 secerdotesdehite
1203 1402 1452 1487 celebrarent.
1470 1401 1652 1482 iurabant
1672 1402 1775 1482 ordi·

349 1560 540 1628 nemeen
563 1532 936 1615 exire..Clnndestine
954 1531 1267 1637 recipiebantur,
1290 1531 1407 1612 nullis
1437 1532 1673 1639 presentibus
1703 1533 1772 1610 nisi

349 1662 528 1742 fratribus
550 1662 709 1752 ordinis.
728 1691 772 1745 er
791 1690 869 1769 quo
889 1662 1132 1768 creditiquod
1151 1679 1249 1742 esset
1268 1663 1430 1770 suspioio
1451 1679 1584 1762 oontrr
1602 1689 1677 1740 eos.
1704 1665 1773 1740 Su-

350 1821 417 1899 per
436 1793 606 1872 eemisies
619 1823 706 1873 curn
730 1794 870 1900 quibus
884 1785 1327 1901 jaeebunteingebentur
1344 1793 1770 1900 cordulis-supradietis,

350 1925 453 2004 unde
483 1923 659 2002 velebant
686 1925 901 2030 assumptisr
919 1923 1229 2002 ‘Dellendehrtur
1246 1925 1306 2002 eis
1334 1951 1402 2030 per
1426 1941 1704 2007 recrementum
1722 1951 1772 2002 ue

348 2054 560 2132 revelarent
568 2052 821 2159 capitulorum
834 2069 982 2132 seeretr
992 2053 1314 2160 neereeepeionis
1327 2053 1505 2143 modum,
1516 2071 1560 2132 et
1583 2055 1772 2160 quirem·

348 2184 487 2264 lessent
503 2183 663 2292 graviter
682 2183 805 2289 puniti
825 2181 997 2262 luissent.
1012 2185 1173 2262 ,Fratres
1187 2183 1349 2262 scientes
1369 2210 1515 2262 errores
1533 2181 1688 2260 luerunt
1708 2211 1774 2261 ne·

347 2315 531 2424 gligentes
563 2314 652 2420 quir
674 2341 760 2392 mon
785 2321 1030 2398 correxerunt
1054 2341 1124 2392 eos
1150 2339 1228 2392 nec.
1243 2313 1572 2392 denunciaverunt
1598 2313 1768 2394 Ecclesie

346 2443 541 2522 Decimam
559 2457 704 2547 perlem
725 2442 877 2520 etultre
889 2442 996 2546 panis
1013 2441 1154 2520 debent
1168 2453 1305 2520 emore'
1318 2443 1405 2533 Dei,
1428 2459 1467 2520 et
1487 2441 1711 2520 elemosinae
1735 2460 1773 2521 et

345 2570 640 2678 hospitalitatem
654 2569 750 2650 vidit
769 2570 1036 2650 conuenienter
1051 2569 1137 2648 lieri
1156 2571 1350 2654 reservari
1366 2571 1405 2648 in
1429 2571 1613 2650 domibus
1629 2571 1772 2650 ordinis

346 2703 385 2778 in
397 2701 537 2807 quibus
553 2699 694 2796 exstitit
706 2717 971 2782 commoratus
989 2698 1177 2806 Capitulio
1189 2699 1391 2808 singulerie
1403 2701 1498 2784 vidit
1508 2703 1631 2780 teneri
1644 2703 1771 2782 cleuse

345 2831 458 2918 ostio,
480 2827 597 2906 nullis
618 2829 857 2934 presentibus
877 2827 1331 2920 nisitrrtrihueordinin
1357 2831 1399 2910 in
1417 2858 1493 2936 quo
1516 2848 1656 2910 servets
1675 2831 1771 2910 ,luis-

346 2977 430 3038 sent
448 2958 552 3038 licita
563 2986 632 3064 per
646 2957 866 3066 Magistrum
891 2985 979 3039 eum
1000 2971 1189 3038 conventu
1207 2959 1396 3051 ordinater
1418 2977 1547 3038 contre
1567 2986 1688 3067 quem
1712 2989 1772 3039 or·-

347 3089 476 3167 dinem
492 3114 596 3164 nune
612 3085 767 3194 grandia
787 3087 980 3175 serendus,
997 3086 1161 3194 suspieio
1174 3103 1212 3166 et
1229 3086 1382 3168 infernin
1395 3106 1647 3182 sunt·eror‚ta;
1665 3093 1771 3198 eujus

345 3215 789 3296 iratribus'ereditluisse
808 3234 899 3298 note
918 3216 1050 3298 illicite
1061 3245 1130 3324 per
1149 3245 1237 3298 eum
1258 3215 1484 3300 confessus..

402 3344 723 3453 Requisitussisie
740 3344 967 3452 deposuerat
980 3365 1322 3453 prece,.preeepto.‚
1333 3349 1488 3438 timore,
1500 3377 1645 3437 rmore,
1659 3353 1768 3441 odio,

343 3475 408 3552 vel
420 3474 622 3581 temporali
641 3475 804 3556 comodo
826 3475 956 3557 habito
972 3476 1032 3556 vel
1047 3475 1237 3566 habendo,
1254 3478 1450 3585 respondit
1462 3479 1572 3585 quod
1587 3507 1680 3568 non.
1702 3483 1771 3560 sed

343 3633 413 3712 pro
432 3603 588 3682 veritate
610 3603 789 3694 dicendae
810 3605 871 3686 eui
892 3603 965 3686 tuit
986 3604 1198 3713 injunctum
1214 3605 1334 3713 'quod
1354 3635 1430 3686 non
1456 3607 1653 3691 revelleret
1676 3609 1770 3688 hene

344 3763 451 3816 suern
481 3735 1006 3842 deposicionem‚.quousque
1036 3735 1305 3818 aemulationes.
1327 3737 1469 3818 luerint
1493 3736 1702 3844 publicator
1732 3757 1770 3816 et

345 3892 423 3944 non
444 3863 636 3945 obtulerat
655 3891 696 3944 se
716 3864 765 3944 ed
785 3863 1058 3948 deffensionem
1075 3864 1239 3948 ordinis.

399 4125 917 4232 FraterPhilippneGrisselli
928 4127 1092 4207 serviens
1104 4129 1385 4218 ‚Noviomensis
1397 4129 1689 4224 dioresisptestis
1708 4161 1770 4210 sn·

343 4285 411 4362 pre
423 4257 592 4364 juratus,
608 4283 702 4340 xxxv
716 4255 976 4338 annorumve
992 4257 1107 4348 circe,
1122 4258 1187 4366 qui
1197 4275 1423 4366 ‚postquem
1441 4258 1635 4340 absolutus
1656 4278 1693 4341 et
1710 4291 1770 4340 re-

343 4385 565 4466 conciliatus
576 4385 648 4466 fuit
658 4415 727 4494 per
743 4386 940 4476 dominum
952 4385 1177 4493 episeopnnr
1193 4387 1459 4478 Porisiensern.
1474 4390 1696 4470 mentellurn
1713 4392 1769 4468 di-

212 4611 216 4622 ,
344 4517 499 4596 miseret
511 4534 552 4596 et
565 4517 807 4600 radi-feroras
821 4515 891 4598 sibi
908 4516 1082 4607 berbemr
1100 4515 1265 4598 lectiset
1280 4517 1487 4625 diligenter
1503 4521 1678 4626 expositis
1698 4521 1768 4600 sibi

345 4645 524 4728 omnibus
530 4663 571 4724 et
580 4646 739 4754 singulis
748 4646 935 4736 micion,
949 4645 1507 4756 reperte-prorueeiomquod
1517 4675 1595 4732 non
1607 4649 1770 4732 intendit

344 4777 522 4856 recedere
541 4777 823 4884 edepesioione
844 4803 912 4882 per
930 4803 1020 4858 eun
1037 4775 1398 4860 sarrrconmdieto
1416 4779 1575 4861 domino
1593 4783 1766 4886 episeopo
