4210 5882
695 543 891 636 ruocss
916 563 1012 636 ors
1037 562 1335 636 rrurmnas.
1655 571 1724 643 aar

307 700 436 790 altare,
451 719 489 778 et
508 701 674 778 ostendit
694 702 764 780 sibi
783 703 986 809 quamdam
1006 732 1155 782 erucem
1174 705 1448 811 deargentatam
1460 733 1545 782 cum
1555 709 1727 815 ymagine

306 831 464 920 Christi,
483 848 521 908 et
534 833 701 938 precepit
715 831 786 909 sibi
800 832 904 939 quod
920 833 1120 941 abnegaret
1130 835 1285 912 lbe'sum
1301 835 1491 913 Christum
1508 853 1546 912 et
1559 864 1725 926 crucem,

306 977 344 1038 et
363 978 516 1068 spueret
534 990 648 1067 super
666 980 741 1050 tar,
762 979 801 1038 et
820 963 917 1067 ipse,
945 962 991 1039 de
1009 981 1186 1070 precepto
1206 964 1435 1071 recipientis,
1464 982 1555 1042 tunc
1572 967 1728 1044 Jhesum

306 1091 500 1170 Christum
520 1091 713 1198 abnegavit
730 1109 800 1180 ter,
818 1109 856 1168 et
873 1093 975 1197 spuit
992 1112 1051 1169 ter
1069 1122 1183 1198 super
1196 1095 1406 1200 ymaginem
1427 1111 1465 1172 et
1481 1123 1642 1174 crucem.

360 1224 608 1330 Interrogatus
630 1223 678 1300 de
698 1221 843 1311 osculo,
871 1221 965 1300 dixit
983 1251 1052 1329 per
1071 1223 1328 1330 juramentum
1346 1251 1459 1301 suum
1481 1228 1586 1330 quod
1608 1224 1730 1306 dictus

304 1353 489 1458 recipiens
509 1353 676 1462 precepit
694 1354 765 1432 sibi
786 1353 891 1460 quod
915 1353 1054 1432 levaret
1072 1370 1191 1432 vestes
1210 1383 1310 1444 suas,
1334 1372 1372 1431 et
1391 1355 1622 1433 oscularetur
1641 1386 1729 1436 eum

305 1484 345 1560 in
362 1483 528 1562 inferiori
543 1501 646 1590 parte
660 1486 768 1590 spine
785 1485 905 1574 dorsi;
923 1500 961 1561 et
974 1483 1118 1562 ibidem
1134 1484 1318 1564 osculatus
1332 1485 1403 1562 luit
1416 1514 1520 1574 eum,
1541 1504 1579 1564 et
1596 1507 1728 1593 postea
1751 1523 1755 1529 ·

304 1614 343 1688 in
364 1613 544 1692 umbilico
558 1633 596 1694 et
613 1615 651 1693 in
667 1643 745 1694 ore.

359 1745 459 1821 Dixit
479 1746 596 1822 eciam
615 1775 684 1852 per
698 1745 954 1852 juramentum
970 1774 1080 1824 suum
1100 1747 1204 1854 quod
1220 1747 1432 1854 injunctum
1451 1747 1523 1824 luit
1537 1748 1607 1824 sibi
1622 1749 1728 1854 quod

305 1874 458 1950 omuino
480 1875 681 1952 abstineret
700 1904 720 1950 a
741 1876 986 1963 mulieribusa
1004 1894 1041 1952 et
1055 1878 1085 1954 si
1107 1905 1191 1954 caro
1211 1893 1362 1984 urgeret
1380 1907 1484 1967 eum,
1506 1878 1613 1984 quod
1632 1907 1728 1956 eom-

303 2003 476 2079 miscerct
490 2029 529 2078 se
549 2001 745 2080 carnaliter
759 2032 845 2080 cum
862 2004 943 2080 aliis
956 2003 1131 2080 iratribus
1151 2006 1241 2082 dicti
1256 2007 1415 2096 ordinis,
1437 2025 1475 2084 et
1486 2007 1579 2084 alios
1598 2007 1729 2086 fratres

303 2132 515 2211 admitteret
535 2132 582 2210 ad
607 2132 726 2224 idem,
748 2133 779 2210 si
800 2151 897 2211 esset
918 2134 1131 2240 requisitus.
1153 2136 1401 2240 Interrogatus
1420 2137 1451 2213 si
1473 2135 1616 2243 aliquos
1635 2139 1729 2216 vidit

302 2262 435 2367 recipi,
448 2262 541 2339 dixit
555 2261 661 2368 quod
675 2262 728 2338 sic
741 2261 838 2340 duos
850 2295 859 2338 z
869 2264 1070 2370 quemdam
1085 2264 1180 2341 vidit
1193 2281 1365 2342 vocatum
1375 2263 1523 2342 fratrem
1538 2265 1725 2343 Thomam

304 2391 350 2468 de
371 2395 637 2499 Roqueneourt
659 2421 727 2500 per
746 2392 899 2472 fratrem
921 2393 1133 2472 Gerardum
1158 2394 1204 2471 de
1228 2395 1422 2472 Saucbons
1442 2395 1636 2472 custodem
1657 2397 1725 2473 do-

222 2583 223 2588 ,
302 2551 387 2600 mus
407 2522 454 2600 de
476 2523 670 2614 Fontanis;
693 2541 731 2601 et
749 2523 954 2631 quemdam
975 2523 1089 2601 alium
1108 2541 1278 2602 vocatum
1295 2526 1448 2601 Petrum
1475 2525 1521 2602 de
1548 2526 1725 2602 Fontanis
1773 2541 1782 2552 '

302 2681 369 2758 per
385 2653 526 2732 dietum
552 2653 703 2732 frauem
722 2656 933 2732 Johannem
958 2655 1006 2732 de
1025 2657 1157 2734 Turno
1178 2655 1493 2734 elemosinarium.
1513 2656 1725 2762 Requisitus

301 2801 427 2860 utrum
445 2783 584 2862 luerint
599 2784 739 2892 recepti
753 2785 941 2890 perillum
959 2785 1134 2875 modum,
1152 2785 1244 2862 dixit
1257 2813 1324 2890 per
1338 2786 1597 2893 juramentum
1612 2815 1723 2864 suum

301 2914 422 3020 quod,
448 2933 647 3021 postquam
674 2902 885 2994 habuerant
909 2916 1088 2994 mantella
1107 2915 1155 2994 ad
1174 2915 1333 3005 collmn,
1351 2916 1504 2994 luerunt
1528 2917 1629 2994 ducti
1656 2946 1725 3022 per

301 3063 534 3145 receptorem
550 3063 651 3120 retro
672 3046 817 3134 altaria,
836 3063 873 3120 et
887 3045 938 3120 ibi
952 3045 1114 3134 stabant,
1132 3064 1169 3122 et
1182 3047 1270 3124 ideo
1281 3047 1398 3124 nescit
1414 3046 1509 3154 quid
1521 3045 1721 3136 faciebant;

273 3219 276 3226 ·
302 3169 421 3248 credit
432 3188 558 3248 tamen
567 3171 673 3278 quod
686 3173 756 3279 ipsi
775 3190 812 3250 et
830 3201 961 3251 omnes
979 3173 1043 3250 alii
1058 3175 1333 3280 recipiebantur
1346 3176 1536 3283 perillum
1549 3178 1721 3256 modum.

300 3301 514 3408 Requisitus
532 3318 659 3379 utrum
681 3303 732 3393 vi,
749 3303 807 3380 rel
819 3321 924 3381 metu
945 3305 1099 3381 carceris
1118 3333 1185 3382 seu
1199 3323 1490 3399 tormentorum,
1509 3325 1573 3384 aut
1589 3307 1721 3385 eliade

301 3457 425 3519 causa,
445 3430 607 3537 aliquam
626 3431 762 3510 dixerit
774 3431 970 3512 falsitatem
985 3433 1042 3512 vel
1058 3436 1304 3514 immiscuerit
1322 3437 1361 3513 in
1381 3437 1621 3542 deposicione
1637 3466 1720 3526 sua,

301 3560 392 3637 dixit
406 3587 473 3666 per
486 3561 742 3668 juramentum
762 3592 873 3642 suum
894 3565 997 3670 quod
1016 3594 1108 3658 non3
1128 3567 1246 3644 immo
1263 3595 1396 3672 puram
1411 3584 1448 3644 et
1463 3590 1603 3646 meram
1626 3568 1724 3644 dixe·

266 3733 272 3744 ·
299 3705 354 3768 rat
369 3691 574 3770 veritatem.

354 3955 449 4028 Item
463 3953 577 4028 frater
588 3955 729 4060 Symon
743 3956 943 4033 Christiani
963 3957 1195 4063 dispensator
1214 3961 1350 4038 domus
1360 3961 1408 4036 de
1419 3961 1598 4049 Pruvino‚
1615 3961 1721 4036 etatis

298 4108 345 4158 xx
365 4108 548 4159 annorum
567 4081 626 4158 vel
645 4083 757 4172 circa,
776 4085 922 4192 juratus
942 4087 1075 4166 e'odem
1105 4088 1222 4166 modo
1247 4089 1294 4166 de
1314 4118 1353 4166 sc
1380 4108 1418 4166 et
1436 4089 1515 4166 aliis
1547 4091 1585 4165 in
1611 4118 1717 4166 causa

298 4208 389 4286 fidei
409 4211 533 4288 dicere
545 4212 755 4302 veritatem,
778 4230 816 4290 et
830 4215 1078 4324 interrogatus
1095 4217 1142 4296 dc
1154 4236 1326 4326 tempore
1343 4237 1380 4296 et
1397 4219 1510 4298 modo
1532 4247 1598 4297 sue
1618 4248 1719 4297 rece-

295 4339 454 4445 pcionis‚
473 4340 564 4420 dixit
582 4371 650 4449 per
663 4343 922 4450 juramentum
940 4375 1051 4424 suum
1067 4348 1173 4455 quod
1187 4351 1263 4428 duo
1280 4353 1367 4428 anni
1379 4367 1488 4430 erunt
1502 4352 1542 4428 in
1558 4353 1719 4429 crastino

296 4471 464 4550 instantis
493 4471 576 4550 sesti
608 4475 903 4554 Resurrectionis
931 4479 1083 4556 Domini
1110 4480 1215 4585 quod
1242 4478 1315 4557 fuit
1339 4499 1512 4588 receptus
1537 4483 1575 4558 in
1605 4481 1717 4560 domo

296 4601 434 4679 Montis
449 4603 741 4693 suessionensis,
760 4635 826 4712 per
839 4607 991 4686 fratrem
1005 4608 1216 4688 Gerardum
1234 4611 1280 4688 de
1296 4611 1510 4704 Villaribus,
1528 4615 1713 4719 presenti-

295 4729 368 4806 bus
380 4732 607 4837 quibusdam
626 4732 802 4811 fratribus
820 4765 915 4841 quos
929 4766 1005 4814 non
1024 4759 1190 4826 noverat,
1207 4743 1295 4845 quia
1311 4743 1398 4818 alias
1414 4743 1513 4847 ipsos
1523 4742 1719 4852 nonuvide-

296 4875 363 4936 rat.
374 4859 421 4936 Et
428 4860 552 4937 statim
567 4861 673 4968 quod
684 4860 755 4940 luit
769 4862 944 4943 inductus
960 4883 998 4942 et
1009 4885 1197 4973 receptus,
1210 4867 1281 4946 fuit
1296 4869 1431 4948 ductus
1446 4869 1534 4947 alibi
1551 4887 1651 4946 extra
1662 4869 1715 4949 di-
