4320 5898
920 481 1289 650 PROCES

569 895 813 1176 uus
883 937 1639 1126 Taurumue
1761 1021 1765 1030 -

816 1481 1399 1522 mam--

451 1972 580 2048 Frater
599 1972 734 2050 Petrus
760 1971 808 2048 de
829 1973 1018 2050 Lanhiaco
1042 1971 1302 2051 Noviomensis
1332 1973 1491 2051 diocesis
1514 1973 1693 2066 serviens,
1718 1973 1825 2052 testis

394 2131 507 2210 supra
528 2103 694 2212 juratus,
722 2131 792 2196 xxx
826 2131 1013 2182 annorum
1042 2103 1102 2180 vel
1127 2104 1241 2194 circa,
1273 2133 1351 2182 non
1383 2104 1572 2182 defferens
1597 2104 1823 2182 mantellum

396 2234 557 2324 ordinis,
586 2237 673 2343 quia
703 2264 724 2312 a
748 2235 844 2314 sesto
874 2234 1156 2314 Purificacionis
1176 2235 1267 2312 citra
1293 2235 1417 2342 ipsum
1444 2235 1652 2326 dimiserat,
1680 2252 1718 2312 et
1743 2235 1823 2312 radi

394 2363 532 2444 fecerat
546 2365 618 2444 sibi
632 2365 807 2457 barbam,
824 2395 910 2444 cum
931 2394 1009 2474 quo
1022 2365 1250 2474 inquisitum
1267 2353 1405 2458 suerat,
1428 2365 1625 2444 absolutus
1645 2381 1683 2442 et
1698 2395 1825 2444 recon-

394 2496 541 2575 ciliatus
551 2525 620 2604 per
630 2496 829 2575 dominum
841 2497 1397 2605 archiepiscopumRemensem
1410 2497 1450 2575 in
1462 2497 1623 2576 concilio
1634 2499 1822 2590 Romami,

394 2627 501 2706 lectis
525 2645 570 2706 et¹
585 2628 788 2738 diligenter
806 2628 982 2735 expositis
1003 2629 1075 2707 sibi
1096 2628 1275 2712 omnibus
1296 2645 1334 2706 et
1356 2629 1515 2738 singulis
1539 2628 1722 2718 articulis,
1748 2658 1827 2708 res-

393 2759 530 2865 pondit
543 2787 582 2837 se
599 2759 760 2846 nescire,
777 2787 848 2837 nec
868 2761 1037 2849 credere,
1057 2787 1126 2837 nec
1141 2759 1326 2837 audivisse
1343 2759 1416 2837 diei
1434 2760 1482 2837 de
1497 2758 1683 2837 contentis
1698 2759 1738 2835 in
1756 2760 1825 2852 eis,

394 2888 466 2968 nisi
487 2889 592 2996 quod
612 2888 709 2966 iufra
730 2891 912 2996 sequitur,
934 2891 1023 2998 quia
1042 2918 1120 2968 non
1139 2890 1234 2968 vidit
1248 2891 1413 2998 aliquem
1435 2891 1553 2968 alium
1566 2890 1606 2966 in
1620 2891 1753 2970 ordine
1769 2919 1828 2970 re-

395 3020 485 3127 cipi,
508 3017 578 3097 dec
597 3019 821 3099 interfuerat
833 3021 1007 3129 capitulis
1022 3023 1258 3099 eorumdem.
1275 3024 1358 3130 lpse
1375 3039 1502 3100 autem
1519 3037 1693 3128 receptus
1704 3021 1827 3100 fuerat

395 3181 463 3259 per
484 3151 639 3230 fratrem
654 3152 866 3231 Robertum
884 3154 931 3232 de
948 3171 1075 3232 sancto
1091 3156 1218 3245 lusto,
1241 3153 1435 3262 quondam
1454 3170 1715 3261 preceptorem
1734 3173 1827 3232 tuuc

394 3282 545 3361 ballivie
566 3284 613 3361 de
628 3284 802 3378 Pontivo,
825 3287 863 3363 in
880 3285 977 3365 festo
992 3285 1241 3384 Esaltacionis
1255 3286 1389 3364 Sancte
1401 3285 1534 3364 Crucis
1551 3278 1724 3391 proximo
1740 3313 1827 3392 pre-

394 3415 507 3492 terito
522 3413 677 3494 luerunt
691 3445 726 3494 vr
740 3417 840 3508 anni,
857 3419 896 3495 io
915 3417 1056 3525 capella
1078 3418 1217 3496 domus
1231 3415 1384 3524 Templi
1401 3415 1654 3524 d’Oymontin
1670 3417 1826 3495 Pontivo

394 3545 658 3626 Ambianensis
682 3548 859 3642 diocesis,
885 3548 1126 3658 presentibus
1149 3549 1328 3626 fratribus
1348 3550 1459 3626 Petro
1485 3548 1532 3626 de
1553 3549 1690 3637 Lanhi,
1715 3577 1829 3626 avun-

395 3677 483 3755 culo
499 3679 618 3785 ipsius
634 3679 757 3770 testis,
779 3679 1054 3771 Noviomensis,
1077 3680 1144 3788 qui
1164 3707 1243 3757 nou
1262 3678 1335 3756 fuit
1353 3695 1482 3787 captus
1506 3693 1592 3755 cum
1614 3678 1713 3771 aliis,
1739 3680 1828 3786 quia

395 3807 544 3917 affugit;
572 3811 744 3888 Jobanne
767 3809 815 3888 de
835 3811 914 3888 Bali
935 3811 1198 3890 Ambianensis
1218 3828 1257 3890 et
1274 3810 1442 3890 Roberto
1463 3809 1511 3887 de
1530 3795 1732 3887 Reinbaval
1750 3811 1825 3888 No-

395 3939 610 4030 viomensis,
622 3958 660 4018 et
670 3941 841 4054 Jobanne
851 3942 976 4021 Castel
985 3943 1244 4022 Noviomensis
1254 3922 1479 4028 diocessum,
1493 3956 1531 4017 et
1539 3939 1712 4017 Jobanoe
1726 3938 1826 4018 dicto

395 4070 603 4180 Burgundo
620 4073 885 4164 servientibus,
902 4102 998 4181 quos
1011 4075 1132 4152 credit
1143 4075 1282 4166 vivere,
1299 4073 1338 4150 in
1352 4074 1455 4151 bunc
1469 4071 1647 4149 modum:
1664 4098 1752 4148 nam
1771 4073 1829 4148 in-

395 4219 560 4282 structus
571 4231 592 4280 a
605 4203 707 4282 dicto
721 4205 906 4285 avuncule
922 4235 992 4286 suo
1008 4225 1047 4285 et
1061 4208 1155 4299 aliis,
1165 4207 1280 4315 peciit
1293 4224 1363 4296 ter,
1378 4207 1484 4284 flexis
1498 4203 1674 4313 genibus,
1690 4231 1828 4312 panem

396 4352 435 4412 et
458 4363 595 4441 aquam
620 4353 659 4413 et
673 4337 851 4433 vestitum
872 4339 1032 4430 ordinis,
1055 4358 1093 4417 et
1110 4368 1197 4417 cum
1213 4353 1438 4446 responsum
1457 4335 1589 4415 fuisset
1608 4335 1713 4443 quod
1729 4333 1827 4414 bene

397 4464 641 4560 deliberaret,
664 4468 752 4575 quia
773 4486 967 4578 oporteret
981 4499 1070 4558 eum
1090 4499 1111 4548 a
1128 4469 1359 4549 seabdicare
1375 4466 1566 4574 propriam
1581 4463 1827 4556 voluntatem,

397 4595 539 4674 esurire
561 4597 714 4704 quando
738 4600 855 4680 vellet
874 4602 1086 4692 comedere,
1107 4597 1260 4710 vigilare
1281 4599 1436 4708 quando
1456 4597 1569 4674 vellet
1588 4595 1773 4688 dormire,
1792 4614 1830 4674 et

399 4727 518 4804 multa
532 4727 626 4806 dura
642 4748 680 4807 et
693 4759 823 4838 aspera
836 4732 1032 4823 sustinere,
1047 4752 1084 4811 et
1099 4733 1178 4840 ipse
1193 4731 1301 4810 testis
1317 4730 1470 4810 dixisset
1484 4727 1589 4836 quod
1605 4725 1732 4804 omnia
1747 4755 1829 4805 sus-

398 4859 555 4948 tineret,
583 4861 741 4967 prestito
761 4863 808 4940 ab
830 4893 875 4942 eo
892 4893 961 4971 per
975 4866 1235 4974 juramentum
1256 4863 1455 4972 prestitum
1482 4888 1596 4967 super
1619 4858 1826 4968 quemdam

487 4998 594 5062 raucis
616 5020 668 5064 uss
689 5021 860 5064 restauras.
874 5037 917 5051 —
929 5025 962 5063 ιι.
1666 5019 1678 5058 ¹
