4208 5886
685 541 881 635 rsocts
912 559 1010 632 nns
1040 559 1366 636 ratramnus·
1654 567 1727 640 sss

305 696 463 776 licencia
481 727 560 776 nou
573 699 845 781 confiterentur
859 700 941 779 aliis
956 728 1070 806 quam
1087 701 1345 781 sacerdotibus
1361 701 1522 792 ordinis,
1539 705 1648 813 cujus
1659 697 1740 784 fra-⁸

304 845 392 923 tres,
402 829 542 937 quibus
552 830 673 908 credit
681 849 789 910 notas
799 831 913 910 fuisse
925 831 1217 940 abnegaeionem
1229 850 1267 910 et
1281 833 1515 942 spuicionem
1526 836 1728 940 predictas,

304 956 461 1038 fuerunt
471 959 719 1070 negligentes,
732 962 821 1070 quia
836 991 913 1042 non
930 981 1172 1040 correxerunt
1185 992 1255 1042 nec
1269 965 1593 1043 denunciaverunt
1603 967 1731 1044 Eccle-

303 1088 369 1168 sie.
390 1089 624 1172 Elemosinas
650 1112 688 1171 et
714 1093 1007 1201 hospitalitatem
1028 1094 1121 1172 vidit
1148 1094 1414 1174 convenienter
1437 1095 1520 1172 fieri
1539 1113 1577 1172 et
1594 1098 1729 1174 servari

304 1219 344 1297 in
368 1220 547 1300 domibus
569 1223 714 1302 ordinis
735 1225 775 1302 in
798 1223 937 1332 quibus
961 1224 1084 1301 extitit
1104 1242 1376 1314 commoratus,
1399 1242 1437 1304 et
1452 1226 1729 1331 precipiebatur

305 1349 473 1458 eisquod
481 1351 580 1430 bene
591 1371 854 1434 conservarent
862 1353 963 1432 bona
971 1353 1127 1444 ordinis,
1137 1373 1175 1432 et
1183 1357 1290 1462 quod
1299 1355 1427 1432 debite
1435 1355 1673 1461 acquirerent
1681 1357 1727 1434 ei.

199 1513 201 1516 ·
304 1479 457 1562 Audivit
472 1483 546 1562 dici
559 1484 666 1592 quod
678 1511 811 1564 eorum
826 1485 1001 1591 capitulis
1014 1484 1203 1592 generalia
1212 1486 1252 1564 in
1266 1513 1399 1563 aurora
1412 1483 1616 1592 aliquando
1628 1503 1730 1564 tene·

304 1611 460 1706 bantur,
477 1613 729 1703 clandestine,
747 1613 863 1694 nullis
876 1615 1115 1721 presentibus
1129 1614 1202 1692 nisi
1222 1614 1401 1693 lratrihns
1420 1614 1574 1693 ordinis.
1598 1616 1730 1694 Credit

304 1741 409 1850 quod
427 1743 598 1822 ordinata
611 1773 681 1851 per
695 1745 916 1853 Magistrum
935 1773 1021 1822 cum
1043 1763 1230 1824 conventu
1249 1744 1408 1822 luissent
1428 1761 1565 1823 servata
1587 1744 1627 1821 in
1646 1763 1727 1824 toto
1815 1819 1818 1836 ,

304 1873 456 1965 ordine,
469 1891 508 1953 et
519 1873 626 1981 quod
640 1903 743 1953 nunc
754 1875 909 1984 grandia
923 1874 1113 1965 scandala,
1128 1874 1290 1981 suspicio
1302 1892 1341 1952 et
1352 1873 1505 1952 infamia
1517 1875 1730 1954 excitarint

303 2019 432 2082 contra
442 2005 582 2111 ipsum,
601 2022 640 2082 et
656 2006 761 2112 quod
778 2005 901 2084 dictus
920 2005 1097 2114 Magister
1116 2023 1155 2083 et
1173 2004 1237 2080 alii
1257 2005 1552 2113 abnegacionem
1568 2023 1607 2083 et
1625 2007 1728 2112 spui-

303 2133 451 2212 cionem
467 2135 515 2212 de
529 2133 669 2242 quihus
682 2135 761 2241 ipse
776 2135 882 2213 testis
895 2135 1071 2242 deposuit
1083 2135 1160 2211 sint
1172 2133 1344 2212 confessi.
1357 2135 1470 2212 Plura
1481 2135 1529 2211 de
1542 2136 1729 2212 contentis

303 2263 342 2374 in
370 2264 479 2342 dictis
500 2264 666 2342 articulis
685 2264 780 2342 dixit
798 2291 838 2343 se
857 2266 1019 2358 nescire,
1038 2292 1108 2341 nec
1128 2265 1299 2356 credere,
1321 2293 1390 2342 nec
1407 2263 1590 2348 audivisse
1611 2265 1697 2342 dici.

359 2395 575 2502 Requisitus
606 2395 638 2475 si
665 2395 719 2474 sic
744 2397 971 2503 deposuerat
1000 2423 1128 2501 prece,
1157 2411 1354 2502 precepto,
1387 2395 1547 2482 timore,
1578 2422 1725 2484 amore,

302 2525 413 2615 odio,
442 2523 501 2604 vel
524 2524 725 2633 temporali
751 2526 914 2604 comodo
944 2525 1076 2602 habito
1100 2525 1158 2602 vel
1183 2525 1380 2616 habendo,
1403 2523 1601 2629 respoudit
1623 2525 1727 2630 quod

301 2681 401 2744 non,
431 2656 498 2734 sed
521 2682 591 2761 pro
610 2655 765 2734 veritate
786 2654 964 2748 dicenda;
986 2656 1048 2732 cui
1067 2654 1142 2733 luit
1160 2655 1375 2764 injunctum
1402 2653 1507 2760 quod
1529 2681 1607 2730 non
1622 2680 1728 2732 reve·

300 2784 395 2862 laret
409 2784 507 2862 hanc
526 2811 632 2906 suam
655 2785 953 2891 deposicionem,
980 2813 1181 2892 quousque
1208 2785 1469 2862 attestaciones
1491 2782 1633 2860 luerint
1657 2813 1728 2888 pu·
1864 2791 1866 2796 '

300 2912 458 3004 blicates
481 2931 519 2993 et
536 2941 613 2992 non
626 2914 818 2994 obtulerat
832 2943 872 2994 se
887 2915 936 2994 ad
952 2914 1227 2992 deffensionem
1243 2914 1401 2992 ordinis.

357 3042 447 3122 Acta
464 3043 619 3122 luerunt
640 3044 841 3156 h'ecjdictis
863 3044 925 3121 die
939 3061 980 3121 et
998 3043 1101 3133 loco,
1118 3043 1355 3150 presentibus
1370 3041 1549 3149 magistro
1565 3040 1725 3131 Amisio,

301 3201 363 3252 me
378 3174 634 3254 Floriamonte
647 3174 869 3263 Dondedei,
886 3191 926 3252 et
937 3173 1021 3252 aliis
1035 3173 1190 3252 notariis
1204 3202 1317 3279 supra
1328 3171 1466 3250 ultimo
1482 3171 1696 3250 nominatis.
1715 3203 1723 3218 ·

357 3439 448 3514 Post
473 3438 562 3530 heo,
589 3435 652 3514 die
676 3434 854 3514 Mercurii
875 3451 913 3511 et
935 3434 1059 3540 vigilia
1080 3432 1165 3510 festi
1187 3431 1428 3511 Ascencionis
1449 3430 1621 3521 Domini,
1651 3459 1725 3537 que

299 3565 375 3644 fuit
389 3591 490 3645 xvrur
510 3567 591 3643 dies
606 3566 697 3643 dicti
713 3564 854 3642 mensis
872 3563 978 3658 maii,
995 3579 1252 3642 convenerunt
1271 3560 1416 3638 domini
1437 3560 1669 3638 Mimateusis
1689 3575 1727 3636 et

254 3739 258 3752 ·
300 3695 576 3777 lemovicensis
589 3695 772 3801 episcopi,
794 3694 968 3772 Matheus
988 3693 1035 3770 de
1050 3690 1205 3798 Neapoli
1219 3707 1257 3768 et
1269 3689 1553 3766 archidiaconus
1565 3686 1727 3764 Triden-

298 3825 419 3914 tinus,
437 3824 519 3903 aliis
533 3843 576 3904 ut
588 3853 700 3930 supra
719 3823 918 3915 excusatis,
934 3823 974 3900 in
989 3823 1088 3900 dicta
1101 3822 1218 3899 domo
1236 3819 1384 3897 domini
1397 3817 1498 3896 Petri
1520 3818 1567 3894 de
1582 3817 1725 3898 Saban-

300 3954 378 4048 dia,
395 3973 434 4034 et
445 3953 599 4034 fuerunt
608 3954 753 4032 ibidem
767 3953 921 4032 adducti
937 3981 1007 4059 pro
1018 3951 1178 4030 testibus
1192 3952 1239 4028 ad
1254 3949 1486 4055 presenciam
1501 3947 1724 4025 eorumdem

299 4084 431 4163 iratres
453 4087 563 4196 Hugo
594 4087 641 4164 de
664 4085 813 4175 lanzac,
839 4081 1070 4164 Guillelmus
1100 4080 1256 4189 Aprilis,
1288 4081 1422 4157 Petrus
1446 4077 1627 4164 Maurini,
1648 4075 1725 4154 Du·

301 4215 440 4294 randus
460 4215 674 4306 Charnerii,
695 4215 829 4292 Petrus
847 4213 967 4302 Elavi,
990 4213 1204 4318 Stephanus
1228 4211 1276 4288 da
1300 4190 1659 4300 CellariolMichael
1676 4205 1724 4282 de

289 4345 431 4434 ·Podi0,
443 4348 578 4424 Petrus
586 4341 1106 4430 BonalontClaramontensis,
1120 4342 1309 4418 lohannes
1320 4337 1514 4418 Sarraceni
1522 4335 1727 4415 bituricen·

297 4475 364 4566 sis,
387 4491 426 4553 et
444 4476 659 4584 Stephanus
672 4473 849 4554 Glotonis
867 4471 1145 4551 lemovicensis
1164 4471 1392 4560 diocesium,
1409 4467 1625 4546 servientes.
1647 4464 1724 4558 Qui

296 4605 405 4684 tactis
426 4604 668 4682 sacrosanctis
687 4603 889 4710 evangeliis
906 4603 1130 4712 juraverunt
1156 4599 1283 4677 dicere
1304 4600 1343 4676 in
1369 4600 1440 4676 isto
1464 4595 1622 4706 negocio
1642 4592 1725 4700 ple-

297 4761 386 4812 nam
415 4749 454 4812 et
482 4761 625 4812 meram
649 4733 865 4825 veritatem,
896 4731 1105 4812 secundum
1137 4729 1298 4808 formam
1325 4726 1532 4836 juramenti
1562 4723 1723 4801 aliorum

296 4865 450 4944 testium
471 4865 644 4972 superius
663 4863 911 4972 registrstem,
937 4863 1142 4972 expositam
1162 4876 1201 4938 et
1218 4857 1479 4967 vulgariratam
1500 4853 1665 4943 eisdem
1686 4866 1725 4928 et

405 5000 512 5068 raucis
534 5022 587 5066 nss
608 5021 780 5065 nurusss.
796 5022 880 5062 -ιι,
1534 4991 1574 5053 do
1614 4983 1620 4994 ’
