4486 5890
743 519 939 612 enocts
966 536 1058 612 uus
1083 526 1385 611 retraetans
1701 546 1769 616 107

349 681 487 788 quibus
514 680 634 758 credit
659 679 779 756 dictos
800 704 946 755 errores
969 677 1187 756 manifestos
1206 677 1342 765 luisse,
1365 677 1518 754 luerunt
1539 669 1770 786 negligentes

348 803 527 918 quianon
547 825 787 888 correxerunt
808 835 872 886 eos
889 836 958 884 nec
974 806 1296 884 denunciaverunt
1320 807 1495 884 Ecclesie.
1516 809 1571 884 De
1594 795 1770 885 mandato

348 942 583 1048 superiorum
610 939 705 1016 vidit
725 937 949 1016 elemosina's
969 953 1007 1014 et
1022 937 1313 1042 hospitalitatem
1342 927 1606 1014 convenienter
1630 938 1713 1013 lieri
1734 957 1772 1014 et

348 1061 482 1147 servari
500 1070 539 1145 in
555 1068 734 1146 domibus
750 1066 954 1144 ordinis‘in
971 1065 1109 1172 quibus
1130 1066 1250 1142 extitit
1270 1084 1538 1153 commoratus,
1567 1084 1604 1144 et
1627 1068 1772 1145 dellen-

351 1199 510 1278 debatur
528 1198 582 1276 eis
601 1224 649 1276 ne
664 1195 833 1274 indebite
853 1196 1090 1303 anquirerent
1111 1193 1246 1274 ordini.
1276 1183 1428 1272 Andivtt
1451 1196 1524 1272 dici
1551 1197 1655 1303 quod
1676 1183 1771 1274 clani

287 1321 294 1340 ⁸
351 1355 481 1404 aonam
500 1327 674 1434 capitolia
693 1319 939 1413 teneliantun
952 1343 991 1402 et
1010 1324 1115 1431 quod
1129 1325 1457 1430 previdebatur'ne
1478 1313 1654 1403 audirent
1670 1343 1771 1402 exte-

351 1457 429 1534 rius
449 1451 552 1562 quod
577 1456 735 1532 interius
754 1449 944 1560 agebatur.
974 1454 1105 1532 Credit
1131 1445 1237 1560 quod
1264 1445 1434 1533 ordinata
1460 1483 1527 1562 per
1550 1443 1769 1560 Magistrum

352 1614 439 1663 cum
468 1575 655 1662 contentu
682 1577 848 1662 ¹fuissent
868 1599 1008 1661 servata
1034 1583 1073 1658 in
1098 1599 1180 1660 toto
1208 1573 1358 1672 ordine,
1380 1573 1646 1689 contraquam
1671 1571 1771 1661 nunc

352 1715 512 1820 grandia·
531 1710 721 1800 scandala,
753 1713 914 1818 suspicio
940 1728 978 1788 e't
1001 1707 1153 1787 infamia
1180 1729 1268 1788 sunt
1293 1729 1434 1800 exorta,
1458 1729 1495 1790 et
1521 1713 1626 1818 qnod
1650 1714 1771 1790 dictus

353 1834 528 1950 Magister
551 1835 740 1921 confessus
760 1835 874 1918 suerit
887 1841 1183 1946 ¹abnegacionem
1205 1858 1243 1917 et
1262 1831 1496 1948 spuicionem
1516 1843 1713 1947 predictas.

411 1965 625 2080 Requisitus
639 1973 669 2049 si
685 1961 1109 2077 sic'deposuerat'prece‚
1123 1975 1319 2077 precepto,
1330 1971 1483 2063 timore,
1500 1991 1645 2060 aratore,
1664 1973 1769 2060 odio,

354 2103 412 2192 vel
426 2093 804 2210 temporali'comodo
821 2101 949 2179 habito
963 2101 1021 2178 vel
1038 2099 1231 2190 habendo,
1247 2100 1443 2206 respoudit
1462 2103 1565 2208 quod
1586 2130 1682 2190 non,
1705 2104 1771 2180 sed

355 2261 423 2340 pro
445 2234 600 2310 veritate
619 2229 796 2323 dicenda3
817 2232 877 2308 cui
903 2229 975 2308 luit
998 2231 1209 2339 injunctum
1236 2230 1341 2336 quod
1368 2259 1444 2307 non
1472 2232 1652 2308 revelaret
1674 2233 1772 2308 hanc

354 2391 459 2440 suam
489 2353 787 2468 deposicionem‚
813 2381 1012 2467 quousque
1038 2359 1298 2438 attestaciones
1330 2359 1470 2437 luerint
1493 2347 1702 2467 publicate3
1728 2347 1772 2436 et

353 2481 641 2567 non'obtuternt
659 2509 699 2565 se
720 2487 765 2565 ad
782 2479 1059 2566 'deffensionem
1075 2487 1238 2576 ordinis,
1261 2506 1299 2565 et
1319 2490 1554 2596 intelligebat
1570 2475 1750 2568 latinums

409 2755 496 2830 Post
520 2752 607 2838 hec,
627 2750 826 2827 redierunt
844 2749 892 2826 ad
910 2749 1140 2855 presenciam
1161 2750 1384 2827 eorumdem
1402 2751 1645 2829 dominorum
1668 2779 1773 2826 com-

355 2883 611 2960 missariorum
623 2879 782 2987 predicti
798 2879 930 2956 fratres
945 2877 1128 2956 Martinus
1144 2879 1191 2956 de
1205 2865 1332 2959 Monte
1346 2881 1559 2970 Trichardi,
1582 2881 1773 2958 lohannes

355 3011 524 3088 Durandi
549 3025 586 3086 et
605 2995 794 3086 lebannes
815 3008 863 3085 de
882 3011 1026 3094 Runns,
1054 3024 1169 3087 testes
1186 3021 1292 3087 'ante
1307 3012 1379 3086 erri
1411 3011 1608 3088 examinati
1637 3007 1774 3116 sigilla-

353 3142 435 3218 tim.
465 3142 512 3217 Et
531 3139 654 3216 dictus
679 3138 880 3226 Martinus,
903 3137 1121 3242 juramento
1146 3166 1214 3245 per
1239 3167 1328 3216 eum
1354 3140 1511 3246 prestito
1543 3140 1590 3216 de
1620 3139 1773 3215 veritate

356 3267 533 3354 dicenda,
554 3268 649 3344 dixit
663 3293 702 3344 se
723 3292 864 3344 errasse
876 3266 924 3342 ln
945 3265 1185 3370 deposicione
1203 3295 1272 3374 per
1292 3293 1380 3346 eum
1399 3268 1491 3348 lacta
1513 3297 1638 3347 coram
1664 3267 1773 3344 dictis

354 3397 518 3476 dominis
538 3391 802 3474 commissariis
819 3411 859 3472 et
878 3394 1082 3471 mentitum
1101 3395 1237 3485 luisse,
1259 3413 1298 3474 et
1316 3399 1508 3476 conseruit
1527 3399 1631 3505 quod
1652 3383 1691 3472 in
1714 3425 1774 3472 re-

355 3527 531 3636 cepcione
551 3553 617 3604 sua
632 3527 878 3632 abnegaverat
895 3523 1052 3600 lbesum
1068 3527 1116 3604 de
1137 3525 1313 3606 mandato
1329 3528 1620 3634 receptorium,
1637 3528 1677 3602 in
1690 3553 1775 3632 pre-

354 3658 477 3736 sencia
496 3657 653 3733 fratrum
678 3653 970 3762 qui·adluerunt
991 3655 1090 3733 dicte
1110 3656 1321 3762 recepcioni
1341 3684 1429 3746 sue,
1460 3674 1498 3734 et
1525 3657 1631 3763 qnod
1650 3656 1773 3733 dietus

356 3778 711 3894 receptor'precepit
736 3783 771 3862 ei
788 3787 895 3892 quod
914 3805 1067 3894 spueret
1082 3801 1195 3893 super
1214 3786 1415 3893 quamdam
1437 3801 1585 3866 crucem
1609 3786 1772 3893 ligneam

355 3921 394 3994 in
409 3946 483 4024 qua
497 3943 576 3993 non
596 3931 675 3992 erat
692 3943 825 4022 ymago
841 3915 1037 4008 Crucifixi3
1060 3916 1206 3994 allatam
1231 3916 1371 4022 ibi'per
1390 3916 1542 3994 fratrem
1565 3916 1773 3994 liebertum

355 4050 403 4125 de
416 4047 570 4137 Chasat‚
593 4063 631 4122 et
651 4045 729 4151 ipse
748 4046 850 4151 spuit
870 4075 948 4125 uon
971 4075 1085 4154 super
1105 4045 1173 4124 sed
1190 4047 1307 4153 juxta.
1328 4049 1370 4124 ln
1398 4047 1480 4124 aliis
1501 4047 1594 4124 dixit
1611 4075 1650 4124 se
1671 4045 1775 4124 nolle

355 4176 499 4283 aliquid
524 4167 724 4251 immutare
749 4174 789 4249 in
818 4203 886 4252 sua
915 4176 1157 4284 deposicione
1183 4175 1367 4280 predicta,
1389 4193 1428 4252 et
1452 4175 1544 4252 dixit
1564 4175 1668 4282 quod
1688 4203 1776 4280 pre·

356 4305 454 4383 dicta
467 4305 659 4383 consessus
670 4303 796 4382 ‘luerat
811 4327 936 4383 coram
951 4305 1100 4384 officiali
1115 4304 1330 4384 Pictavensi.
1346 4305 1560 4412 Requisitus
1573 4329 1642 4411 per
1658 4332 1776 4381 sacra-

357 4453 527 4513 mentum
550 4429 798 4541 suum'quare
818 4428 896 4513 nou
918 4436 1061 4515 dixerat
1078 4435 1150 4512 ista*
1170 4433 1347 4539 predictls
1368 4434 1534 4513 dominis
1559 4428 1776 4512 'commissa'

355 4566 421 4642 riis
439 4566 478 4640 in
496 4565 619 4671 prima
639 4558 878 4670 deposicione¹
898 4571 984 4654 sua,
1005 4562 1201 4670 respondit
1213 4563 1326 4670 ‘quod
1347 4580 1500 4670 propter
1520 4563 1717 4642 stultitiam
1738 4580 1777 4641 et

360 4687 600 4770 nescientiam
621 4683 739 4770 suam.
761 4692 977 4800 llequisitus
1001 4695 1031 4770 si
1053 4693 1101 4770 de
1121 4692 1193 4769 hoc
1205 4691 1358 4770 locutus
1376 4692 1498 4771 luerat
1518 4693 1627 4770 alicui
1646 4691 1773 4778 alteri,

359 4823 555 4927 respondit
579 4813 1031 4928 quodnon.‘llequisit'us
1051 4821 1221 4900 silueram
1250 4846 1318 4927 per
1343 4823 1506 4930 aliquem
1533 4823 1709 4901 inductus
1728 4821 1775 4896 ad

1582 4963 1627 5028 ιὶι.
