4210 5882
445 595 518 666 370
829 569 1027 662 rnocts
1053 587 1148 660 ons
1173 587 1473 660 rnurnrnns

497 734 544 807 Et
559 759 627 838 ego
647 729 806 806 Jacobus
822 729 869 807 de
884 731 1033 808 Virtuto
1053 729 1211 806 clericus
1226 729 1530 807 Cathalaunensis
1546 729 1720 816 diocesis,
1738 730 1859 836 publi-

443 891 507 938 cus
521 860 705 967 imperiali
724 859 939 938 auctoritate
956 860 1138 946 notarius,
1161 858 1455 937 confessionibus
1476 859 1665 964 premissis
1684 875 1722 934 et
1741 861 1858 936 omni-

441 993 512 1067 bus
533 989 612 1067 aliis
633 1006 669 1066 et
696 989 866 1098 singulis,
888 1006 1001 1094 prout
1020 992 1058 1064 in
1077 989 1241 1095 presenti
1269 1005 1366 1065 carta
1386 1017 1452 1066 seu
1470 988 1575 1094 pecia
1594 1017 1705 1094 supra
1727 1004 1764 1063 et
1782 1016 1859 1093 pre-

442 1122 589 1198 cedenti
607 1121 713 1225 signo
729 1147 813 1195 meo
829 1119 979 1226 signatis
998 1119 1249 1208 continentur,
1271 1148 1423 1226 presens
1438 1117 1590 1195 interlui
1606 1147 1692 1195 curn
1702 1119 1857 1196 testibus

441 1251 700 1356 suprascriptis
716 1266 753 1326 et
768 1241 944 1354 magistro
954 1248 1096 1326 Amisio
1110 1247 1157 1326 de
1174 1248 1376 1326 Aureliano
1389 1249 1534 1326 notario
1549 1247 1720 1356 publico,
1737 1277 1794 1336 ac,
1812 1248 1855 1324 de

442 1379 617 1457 mandato
638 1379 794 1484 predicti
815 1378 1074 1467 commissarii,
1095 1379 1134 1453 in
1155 1379 1228 1456 hoc
1244 1379 1493 1456 insturmento
1513 1378 1667 1483 publico
1687 1407 1750 1454 me
1770 1377 1855 1454 sub·

440 1510 567 1614 scripsi
589 1509 627 1583 in
647 1509 904 1584 testimonium
924 1508 1209 1614 premissorum,
1241 1508 1412 1614 illudque
1439 1509 1544 1615 signo
1572 1485 1662 1585 meo·
1678 1507 1789 1585 solito
1810 1509 1855 1582 si-

439 1639 544 1744 gnavi
565 1655 728 1744 rogatus.

495 1898 537 1973 ln
550 1896 686 1975 Christi
700 1897 854 1973 nomine
868 1923 988 1972 amen.
1002 1897 1126 1972 Pateat
1142 1898 1324 1973 universis
1337 1923 1406 2002 per
1419 1898 1492 1974 hoc
1500 1924 1654 2002 presens
1663 1897 1855 2002 publicum

331 2060 336 2070 ·
440 2027 732 2103 instrumentum
753 2025 858 2130 quod
877 2005 975 2100 anno
997 2025 1147 2100 Domini
1171 2025 1373 2102 millesimo
1394 2027 1661 2103 trecentesimo
1683 2028 1852 2130 septimo,

439 2157 629 2233 indicione
646 2174 763 2244 sexta,
784 2153 1021 2260 pontificatus
1039 2155 1260 2231 sanctissimi
1281 2156 1397 2262 patris
1411 2173 1448 2232 et
1459 2157 1606 2234 domini
1622 2157 1764 2233 domini
1778 2156 1855 2234 Cle·

436 2287 575 2363 mentis
599 2285 723 2361 divina
741 2285 973 2389 providentia
992 2313 1087 2390 pape
1108 2287 1231 2390 quinti
1251 2313 1350 2364 anno
1371 2287 1554 2375 secundo,
1578 2286 1639 2362 die
1659 2287 1758 2363 Joris
1778 2303 1855 2392 post

440 2414 609 2492 octabam
634 2415 818 2492 Omnium
838 2415 1078 2502 Sanctorum,
1102 2415 1242 2490 scilicet
1265 2443 1362 2492 nona
1384 2416 1446 2494 die
1466 2415 1696 2507 novembris,
1718 2415 1758 2491 in
1776 2443 1854 2520 pre·

439 2545 561 2622 sancia
590 2545 752 2650 religiosi
778 2561 816 2620 et
838 2543 985 2620 honesti
1010 2543 1077 2618 viri
1108 2543 1229 2620 fratris
1248 2523 1394 2622 ⁸Nicolai
1421 2546 1469 2623 de
1495 2546 1693 2624 Anessiaco
1718 2544 1854 2622 ordinis

437 2673 594 2750 fratrum
620 2673 914 2759 Predicatorum,
942 2655 1185 2750 commissarii
1209 2673 1284 2750 dati
1305 2703 1325 2749 a
1344 2674 1521 2780 religioso
1543 2690 1582 2750 et
1602 2674 1761 2752 honesto
1780 2675 1853 2750 viro

438 2805 550 2880 fratre
572 2803 776 2882 Guillelmo
797 2801 845 2877 de
865 2801 1027 2878 Parisius
1048 2801 1136 2878 dicti
1156 2802 1318 2892 ordinis,
1346 2803 1567 2910 inquisitore
1594 2803 1756 2880 heretice
1777 2831 1854 2909 pra·

436 2934 558 3009 vitatis
578 2933 616 3008 in
637 2961 753 3037 regno
771 2933 924 3008 Francie
943 2933 1159 3008 auctoritate
1178 2932 1377 3038 apostolica
1393 2933 1587 3039 deputato,
1610 2905 1781 3010 nostrum
1797 2961 1855 3008 no·

435 3065 617 3139 tariorum
638 3062 880 3168 publicorum
904 3079 941 3138 et
961 3063 1112 3138 testium
1134 3062 1453 3167 infrascriptorum
1470 3063 1664 3168 presencia
1684 3091 1853 3168 persona-

437 3193 523 3269 liter
545 3192 768 3270 constitutus
794 3191 905 3268 frater
927 3191 1099 3268 Nicolaus
1122 3192 1169 3267 do
1190 3191 1299 3268 Sarra
1326 3192 1494 3298 dyocesis
1518 3191 1731 3280 Trecensis,
1753 3192 1853 3269 etatis

436 3349 518 3400 xxvi
540 3351 725 3400 annorum
744 3322 802 3408 vel
824 3323 935 3410 cirea,
962 3323 1121 3427 agricola
1148 3322 1188 3398 in
1213 3322 1392 3400 domibus
1415 3323 1462 3398 de
1482 3322 1683 3401 Villaribus
1708 3320 1852 3425 Templi

436 3455 630 3531 Trecensis
650 3454 832 3560 dyocesis,
849 3454 995 3558 juratus
1015 3454 1064 3528 ad
1079 3469 1201 3530 saneta
1218 3454 1287 3530 Dei
1302 3452 1499 3559 Evangelia
1508 3469 1603 3530 tacta
1617 3450 1850 3556 corporaliter

436 3584 648 3674 abeodem,
666 3601 702 3658 et
717 3583 919 3688 requisitus
938 3583 985 3659 de
1001 3612 1039 3660 se
1057 3600 1094 3659 et
1111 3583 1158 3660 de
1174 3583 1257 3659 aliis
1273 3583 1362 3661 dicti
1383 3583 1526 3660 ordinis
1547 3581 1776 3689 superdicto
1792 3580 1850 3656 cri·

435 3715 538 3789 mine
550 3712 682 3789 delatis
702 3731 739 3789 et
761 3713 807 3789 de
829 3713 943 3790 modo
958 3715 1191 3820 recepcionis
1211 3733 1278 3790 sue
1299 3715 1423 3791 dicere
1440 3714 1479 3789 in
1494 3741 1603 3790 causa
1621 3711 1712 3788 {idei
1729 3711 1847 3787 verita·

435 3862 529 3934 tem,
547 3844 641 3919 dixit
656 3872 724 3947 per
735 3843 992 3948 juramentum
1010 3873 1122 3921 suum
1141 3844 1245 3948 quod
1259 3843 1332 3921 luit
1346 3861 1518 3949 receptus
1532 3869 1600 3948 per
1617 3841 1768 3918 fratrem
1784 3843 1848 3916 Ra-

438 3973 623 4078 dulpbum
640 3974 687 4049 de
699 3971 860 4064 Gisiaco,
878 3974 917 4047 in
928 3975 1089 4049 crastino
1103 3973 1185 4048 lesti
1202 3974 1474 4079 Assumptionis
1487 3975 1594 4052 beato
1606 3973 1722 4050 Maria
1734 3997 1848 4076 nuper

435 4102 619 4208 preteriti,
647 4103 686 4177 in
712 4101 826 4177 domo
851 4100 897 4176 de
925 4103 1032 4178 Sanci
1057 4103 1254 4180 Trecensis
1281 4103 1457 4189 diocesis,
1483 4102 1719 4210 presentibus
1738 4099 1843 4174 fratre

435 4230 646 4308 Christiano
666 4230 847 4335 clavigero
859 4231 995 4306 domus
1009 4231 1175 4336 predicte
1191 4233 1237 4309 de
1248 4233 1375 4322 Sanci,
1394 4249 1432 4309 et
1444 4232 1557 4309 fratre
1571 4227 1795 4335 Radulphos
1829 4271 1844 4282 ·

434 4379 490 4436 tre
507 4360 595 4436 dicti
608 4359 796 4448 Baldoini,
819 4377 856 4436 et
868 4359 978 4438 fratre
992 4362 1131 4438 lacobo
1143 4363 1189 4439 de
1205 4363 1334 4440 Sance.
1353 4364 1448 4439 ltem
1469 4361 1560 4438 dixit
1577 4389 1646 4466 per
1658 4361 1844 4467 juramen-

433 4475 517 4567 tuni
535 4519 644 4567 suum
659 4491 777 4596 quod,
796 4519 841 4568 eo
856 4509 1022 4597 recepto,
1038 4492 1249 4599 juramento
1269 4491 1315 4570 ab
1336 4521 1381 4570 eo
1402 4493 1558 4599 prestito
1579 4490 1626 4567 de
1647 4487 1791 4566 statutis
1810 4501 1844 4560 et

433 4625 583 4700 secretis
596 4623 739 4701 ordinis
755 4623 1008 4713 observandis,
1029 4641 1065 4701 et
1076 4625 1254 4703 mantello
1264 4625 1334 4704 sibi
1350 4626 1398 4702 ad
1410 4625 1550 4703 collum
1567 4625 1709 4731 posito,
1728 4621 1841 4698 dicttrs

431 4753 652 4859 Radulpbus
670 4754 855 4861 recipiens
874 4755 962 4831 fecit
978 4755 1048 4832 sibi
1070 4756 1215 4833 ostendi
1232 4736 1421 4863 quandam
1442 4783 1592 4832 crucem
1610 4749 1840 4858 depictamin

431 4884 595 4988 quodam
610 4882 709 4961 libro
724 4912 808 4960 eum
824 4884 993 4991 ymagine
1007 4883 1187 4974 crucifixi,
1198 4886 1326 4962 dicens
1338 4884 1408 4962 sibi
1423 4884 1526 4991 quod
1537 4881 1736 4990 oportebat
1746 4875 1841 4986 quod

2051 3277 2053 3364 l
