4202 5876
384 545 456 618 roc
495 519 505 536 ‘
771 527 968 616 proces
995 543 1089 614 uns
1118 508 1420 615 rnnrninns,

383 684 553 762 sentibus
571 700 610 760 et
630 683 722 762 inibi
747 685 951 762 astantibus
968 701 1057 760 tuuc
1080 682 1246 790 Arnsldo
1267 685 1400 761 Rocba
1416 682 1642 772 cambrerio,
1659 684 1809 762 Bartho-

382 816 507 894 lomeo
519 814 566 890 de
577 817 699 892 Turre
713 815 920 922 presbitero
936 811 1135 921 capellano,
1157 813 1205 894 G.
1222 815 1443 922 Rayrnundo
1458 815 1673 903 milita-Bu.
1689 815 1810 895 Guar-

383 946 482 1024 rerio
509 945 718 1054 presbitero
741 946 945 1053 capellano,
971 945 1145 1024 fratribus
1171 945 1260 1024 dicti
1291 947 1447 1036 ordinis,
1475 965 1513 1024 et
1530 945 1702 1053 pluribus
1727 947 1810 1024 aliis

384 1074 570 1156 fratribus.
584 1075 642 1154 De
658 1078 774 1155 modo
792 1095 921 1156 autern
933 1105 999 1154 sue
1016 1076 1247 1182 recepcionis
1261 1094 1299 1154 et
1312 1077 1474 1155 aliorum
1493 1077 1648 1156 fratrum
1663 1078 1727 1185 qui
1744 1107 1809 1156 eo-

384 1208 470 1284 dem
488 1208 549 1286 die
569 1208 708 1314 recepti
727 1206 878 1286 fuerunt
891 1208 1030 1314 pariter
1044 1235 1130 1284 eum
1146 1209 1281 1286 eodem
1303 1225 1339 1286 et
1355 1207 1532 1286 omnibus
1556 1209 1638 1286 aliis
1661 1225 1810 1316 tangen-

381 1338 483 1416 tibus
503 1337 661 1416 formam
684 1356 722 1418 et
749 1339 906 1418 modum
929 1367 995 1417 sue
1019 1339 1252 1444 recepcionis
1271 1358 1308 1416 et
1327 1339 1486 1418 aliorum
1506 1340 1662 1417 fratrum
1681 1367 1808 1417 securn

383 1487 620 1576 receptorum
640 1471 688 1547 ad
709 1472 875 1550 eundem
896 1470 1086 1560 ordinem,
1109 1470 1202 1546 dixit
1224 1487 1261 1548 et
1276 1469 1473 1549 declaravit
1493 1471 1534 1548 in
1551 1470 1698 1560 effectu,
1715 1471 1811 1548 sicut

382 1599 495 1677 frater
512 1600 801 1680 Bartholomeus
815 1603 863 1679 de
877 1603 1006 1691 Turri,
1020 1602 1165 1707 primus
1179 1603 1284 1678 testis
1296 1631 1423 1709 supra,
1443 1618 1480 1679 et
1494 1603 1591 1680 sicut
1602 1603 1810 1680 continetur

382 1733 422 1806 in
441 1730 540 1809 libro
551 1731 734 1821 exhibite,
752 1750 864 1838 prout
873 1731 1006 1822 credit,
1023 1761 1092 1837 per
1103 1732 1227 1838 ipsum
1241 1733 1407 1838 primum
1421 1751 1571 1822 testem,
1595 1735 1808 1812 continente

382 1861 551 1967 regulam
572 1880 608 1939 ct
627 1879 761 1939 statuta
776 1863 917 1941 ordinis
935 1862 1121 1968 prelibati.

439 1989 498 2068 Ad
516 1993 647 2071 lssxvn
670 2009 707 2070 et
726 1993 870 2072 lxxxvur
891 2011 929 2070 et
942 1993 1120 2071 ultimum
1141 1993 1319 2072 articulos
1340 1992 1539 2102 diligenter
1563 2012 1601 2071 et
1621 1993 1809 2102 sigillatim

383 2125 643 2231 interrogatus,
662 2124 894 2228 respondens
907 2125 1054 2230 negavit
1070 2125 1170 2230 ipsos
1192 2124 1369 2204 articulos
1390 2143 1428 2202 et
1454 2125 1580 2203 omnia
1604 2144 1641 2202 et
1667 2125 1834 2231 singula-

383 2270 554 2331 contenta
578 2254 617 2330 in
644 2253 715 2342 eis,
740 2254 883 2332 addens
906 2256 945 2331 in
976 2253 1108 2331 ordine
1135 2253 1223 2332 dicti
1251 2254 1399 2359 Templi
1422 2283 1605 2362 nusquam
1635 2255 1809 2334 habuisse

383 2383 566 2490 originem
584 2413 730 2462 errores
747 2385 936 2490 predictos
959 2413 1027 2462 nec
1047 2383 1190 2490 aliquos
1210 2385 1267 2462 vel
1292 2385 1457 2492 aliquem
1480 2385 1527 2462 de
1555 2385 1716 2474 eisdem,
1741 2415 1810 2464 nec

382 2514 451 2592 scit
474 2541 543 2592 nee
568 2515 687 2594 credit
711 2515 872 2622 aliquam
901 2515 1017 2594 fuisse
1042 2543 1189 2593 causam
1213 2544 1288 2622 qne
1314 2517 1548 2595 occasionem
1576 2515 1723 2594 dederit
1752 2517 1810 2594 vel

381 2644 557 2722 tribuerit
571 2644 774 2722 inducendi
797 2645 917 2723 dictos
936 2673 1083 2723 errores
1096 2646 1155 2723 vel
1174 2646 1338 2752 aliquem
1352 2646 1399 2723 de
1415 2646 1575 2737 eisdem,
1592 2665 1635 2724 ut
1648 2648 1688 2723 in
1709 2647 1809 2725 dioto

383 2774 515 2851 ordine
542 2774 589 2851 de
617 2774 726 2852 dictis
748 2775 937 2854 erroribus
957 2776 1100 2854 mentio
1119 2775 1332 2854 haberetur.¹
1349 2778 1429 2855 Iuro
1449 2776 1518 2854 scit
1535 2794 1573 2854 et
1587 2777 1707 2854 credit
1721 2776 1810 2854 falsa

384 2932 463 2982 esse
479 2905 629 3010 penitus
644 2921 816 2982 contenta
829 2905 964 2984 inillis.
978 2905 1152 2984 Adiciens
1167 2933 1206 2983 se
1221 2907 1363 2984 nescire
1382 2934 1539 3014 prorsus
1555 2935 1625 2984 nec
1644 2935 1809 3015 unquam

383 3036 529 3114 scivisse
555 3035 619 3112 ubi
640 3036 756 3142 capita
774 3037 831 3114 vel
851 3036 962 3144 ydola
981 3037 1028 3114 de
1049 3036 1186 3144 quibus
1206 3037 1248 3113 in
1268 3035 1403 3115 ultimo
1425 3037 1583 3118 articulo
1595 3038 1719 3145 agitrrr
1737 3039 1809 3114 sint

382 3166 439 3243 vel
455 3192 623 3273 unquam
642 3165 781 3244 fuerint
799 3195 886 3244 cum
905 3167 1112 3245 reverentia
1126 3168 1186 3246 vel
1201 3167 1307 3245 aliter
1326 3167 1521 3246 custodita.

439 3299 561 3404 Super
582 3298 865 3375 circumstantiis
884 3325 973 3376 vero
993 3315 1031 3375 et
1048 3298 1131 3375 aliis
1151 3298 1199 3374 de
1226 3297 1363 3406 quibus
1380 3299 1538 3405 jubetur
1556 3298 1636 3376 fieri
1658 3301 1810 3377 interro·

381 3430 481 3538 gatio
499 3429 589 3536 ipsis
611 3428 786 3508 fratribus
803 3429 1009 3538 inquisitis,
1035 3429 1233 3536 diligenter
1255 3430 1327 3508 suit
1347 3431 1410 3508 bic
1427 3431 1532 3509 testis
1552 3431 1755 3538 requisitus
1774 3448 1810 3507 et

382 3561 643 3667 interrogatus,
665 3589 780 3668 seque
799 3561 907 3668 plura
921 3559 991 3637 alia
1013 3559 1157 3638 nescire
1177 3559 1269 3638 dixit
1292 3561 1362 3639 nisi
1387 3562 1491 3670 quod
1510 3589 1623 3667 supra
1638 3559 1809 3668 deposuit

383 3689 431 3767 de
450 3720 489 3769 se
506 3690 776 3798 principaliter,
796 3708 833 3768 et
854 3691 901 3768 de
917 3691 998 3769 aliis
1012 3689 1113 3768 velut
1124 3691 1243 3769 testis.

438 3953 547 4030 Auno
566 3969 603 4030 et
618 3951 680 4030 die
695 3952 833 4060 quibus
852 3981 974 4058 supra.

439 4084 483 4160 X.
514 4085 643 4158 Frater
655 4083 815 4160 lacobus
835 4084 933 4190 Boys
953 4081 1096 4160 ordinis
1121 4082 1211 4159 dicti
1236 4082 1388 4188 Templi
1418 4081 1554 4160 domus
1580 4081 1697 4160 Mansi
1717 4079 1805 4167 Dei,

382 4214 488 4290 testis
502 4213 650 4318 juratus
663 4212 711 4289 ad
730 4231 853 4290 sancta
868 4213 942 4290 Dei
955 4212 1152 4319 Evangelia
1172 4241 1286 4320 super
1305 4211 1485 4320 predictis
1502 4210 1668 4290 articulis
1689 4229 1725 4288 et
1747 4239 1809 4287 eo

382 4371 469 4420 rum
489 4343 664 4451 quolibet
681 4343 756 4422 sibi
778 4345 952 4450 expositis
970 4345 1009 4420 in
1029 4344 1185 4450 vulgari,
1203 4363 1245 4422 ut
1266 4342 1483 4450 principalis
1498 4343 1546 4420 de
1562 4371 1601 4420 se
1620 4344 1755 4448 ips0,et
1768 4359 1810 4418 ut

380 4473 486 4552 testis
501 4473 548 4550 de
563 4475 659 4564 aliis,
672 4475 879 4582 diligenter
890 4493 930 4553 et
941 4475 1132 4582 sigillatim
1149 4476 1409 4584 interrogatus,
1424 4473 1657 4580 respondeus
1674 4473 1723 4549 ad
1737 4473 1810 4577 pri·

382 4633 500 4694 mum,
522 4631 688 4683 u-xxrx
707 4605 882 4684 articulos
902 4605 1094 4695 inclusive,
1108 4606 1255 4714 negavit
1268 4606 1370 4712 ipsos
1383 4603 1559 4683 articulos
1574 4621 1611 4681 et
1627 4603 1752 4680 omnia
1773 4618 1810 4678 et

381 4735 525 4844 singula
540 4753 716 4814 contenta
730 4735 770 4813 in
790 4737 859 4828 eis,
880 4735 1023 4814 addens
1040 4765 1079 4814 se
1100 4736 1255 4814 credere
1271 4734 1433 4814 firmiter
1452 4734 1574 4812 filium
1592 4734 1662 4813 Dei
1679 4717 1810 4811 Domi-

381 4895 475 4946 num
488 4865 643 4946 Jbesum
656 4866 847 4945 Christum
862 4865 976 4944 fuisse
997 4864 1228 4955 crucifixum,
1242 4884 1279 4944 et
1290 4895 1438 4973 passum
1458 4893 1528 4972 pro
1547 4862 1808 4969 redemptione
