4242 5890
730 541 929 634 ruocts
955 559 1053 633 nus
1082 560 1382 634 reuertens.
1698 563 1770 634 aar

342 705 381 779 in
398 729 481 792 ore,
498 720 536 778 et
550 701 688 778 deinde
706 703 890 808 recipiens
908 700 998 780 lecit
1013 703 1198 810 apportari
1214 702 1415 811 quamdam
1432 729 1580 792 crucem
1596 729 1682 780 cum
1697 700 1776 780 effi-

340 834 400 941 gie
415 833 531 917 lhesu
545 831 701 922 Christi,
717 851 755 912 et
774 833 937 940 injunxit
954 833 1044 924 sibi,
1067 834 1107 910 in
1121 834 1256 912 virtute
1277 832 1515 924 obediencie,
1537 833 1641 938 quod
1661 831 1776 912 abna-

341 981 445 1072 garet
460 962 568 1041 illum
584 964 690 1073 cujus
709 992 842 1074 ymago
859 981 938 1042 erat
957 964 996 1041 in
1017 991 1060 1040 ea
1078 979 1148 1054 ter,
1171 982 1208 1042 et
1226 981 1285 1042 ter
1303 980 1457 1071 spueret
1474 991 1585 1068 supra
1606 991 1772 1055 crucem;

343 1111 484 1172 ettunc
503 1095 583 1201 ipse
603 1095 668 1201 qui
695 1094 864 1202 loquitur
886 1094 959 1172 fuit
982 1093 1147 1172 multum
1168 1095 1339 1185 territus,
1358 1112 1396 1174 et
1413 1094 1651 1183 admirando,
1682 1094 1775 1172 dixit

341 1225 560 1330 recipienti:
576 1225 755 1315 Domine,
784 1254 854 1332 pro
879 1225 962 1304 Deo
992 1226 1149 1304 caveatis
1168 1225 1274 1333 quod
1300 1253 1363 1304 vos
1389 1223 1528 1314 dicitis,
1555 1224 1683 1302 dicens
1710 1225 1771 1302 eir

340 1355 519 1444 Domine,
538 1356 734 1461 quomodo
748 1355 881 1436 faciam
896 1385 965 1464 ego
985 1357 1081 1434 hoel
1099 1359 1147 1434 Et
1160 1357 1346 1464 recipiens
1361 1357 1486 1435 adbuc
1501 1356 1572 1433 sibi
1587 1358 1772 1462 precepit,

341 1487 380 1561 in
399 1485 533 1564 virtute
554 1485 791 1578 obediencie,
818 1488 922 1594 quod
949 1487 1024 1566 hoc
1051 1487 1205 1576 laceret,
1228 1505 1265 1564 et
1281 1503 1373 1564 tunc
1392 1487 1472 1591 ipse
1497 1487 1561 1593 qui
1588 1486 1772 1593 loquitur,

219 1599 229 1618 ’
340 1614 427 1691 licet
442 1614 598 1705 invitus,
616 1645 698 1707 ore,
721 1618 788 1697 sed
808 1646 886 1696 non
902 1608 1034 1708 corde,
1050 1636 1094 1698 ut
1113 1616 1220 1708 dicit,
1242 1636 1300 1696 ter
1318 1617 1511 1723 abnegavit
1531 1645 1639 1705 eum,
1662 1633 1698 1694 et
1716 1634 1774 1694 ter

341 1743 442 1849 spuit
456 1772 566 1852 supra
586 1774 736 1826 crucem
754 1765 792 1824 et
807 1750 1021 1856 ymaginem
1041 1749 1258 1855 predictam.

396 1875 491 1952 Item
512 1874 604 1952 dixit
623 1875 728 1982 quod
747 1877 932 1984 recipiens
950 1877 1038 1956 lecit
1056 1907 1096 1957 se
1111 1878 1271 1958 osculari
1287 1878 1334 1956 ab
1351 1905 1396 1956 eo
1414 1877 1455 1954 in
1475 1876 1665 1954 umbilico.
1680 1879 1772 1955 ltem

342 2003 435 2080 dixit
454 2031 523 2109 per
547 2003 805 2112 juramentum
821 2008 930 2115 quod
952 2009 1137 2114 recipiens
1156 2009 1325 2114 precepit
1347 2009 1381 2083 ei
1400 2008 1506 2113 quod
1525 2007 1729 2098 abstineret
1753 2037 1773 2082 a

341 2133 582 2224 mulieribus,
601 2153 639 2212 et
653 2137 759 2242 quod
777 2139 808 2214 si
822 2137 923 2216 calor
937 2137 1116 2216 naturalis
1126 2155 1294 2222 moveret
1308 2165 1413 2226 eum,
1428 2136 1533 2243 quod
1549 2137 1627 2242 ipse
1641 2137 1713 2213 iret
1726 2135 1774 2212 ad

340 2264 472 2342 fratres
493 2293 596 2354 suos,
626 2285 664 2344 et
687 2267 789 2372 ipsos
814 2267 988 2345 similiter
1010 2267 1226 2352 admitteret
1250 2268 1298 2346 ad
1317 2283 1492 2346 mutuum
1512 2265 1772 2356 concubitum

341 2394 408 2472 sed
428 2394 507 2502 ipse
524 2423 718 2501 uunquam
734 2395 838 2485 fecit,
859 2424 929 2474 nec
944 2423 1058 2503 super
1073 2394 1148 2475 hoc
1165 2396 1239 2474 luit
1252 2396 1466 2503 requisitus.

396 2527 490 2604 ltem
507 2527 728 2634 requisitus,
756 2527 849 2606 dixit
868 2555 936 2632 per
955 2528 1215 2635 juramentum
1237 2526 1344 2634 quod
1364 2527 1481 2604 nichil
1499 2527 1567 2604 scit
1584 2527 1633 2602 de
1654 2527 1772 2634 capite

340 2656 446 2761 quod
462 2658 640 2736 dicuntur
658 2657 830 2746 adorare,
847 2658 934 2764 quia
954 2685 1148 2763 nunquam
1170 2657 1243 2736 suit
1261 2658 1301 2735 in
1326 2657 1499 2764 capitulis
1518 2656 1772 2763 generalibus,

341 2803 382 2863 ut
398 2785 499 2865 dicit.

397 2917 491 2994 Item
508 2917 600 2996 dixit
613 2947 681 3025 per
692 2920 950 3027 juramentum
963 2919 1089 3000 adbuc
1103 2919 1149 3001 ab
1164 2948 1210 3000 eo
1223 2947 1337 3026 super
1349 2919 1653 3026 bocprestitum,
1669 2917 1775 3023 quod

340 3049 391 3136 vi,
406 3047 465 3124 vel
481 3066 585 3128 metu
605 3050 761 3128 carceris
781 3067 846 3128 aut
862 3052 1058 3141 tormenti,
1079 3078 1157 3128 non
1182 3051 1274 3129 dixit
1298 3049 1403 3128 aliud
1422 3079 1535 3157 mam
1560 3049 1771 3139 veritatem,

341 3205 412 3256 nec
424 3180 615 3285 premissis
630 3181 833 3258 immiscuit
848 3182 1011 3289 aliquam
1027 3181 1241 3270 falsitatem,
1262 3198 1300 3258 et
1313 3182 1419 3288 quod
1433 3211 1565 3287 puram
1581 3181 1773 3260 veritatem

343 3309 435 3386 dixit
448 3338 518 3415 pro
538 3311 657 3390 salute
678 3311 799 3389 anime
817 3341 898 3390 sue.

397 3571 490 3648 ltem
509 3571 623 3650 frater
638 3572 757 3650 Adam
779 3573 1022 3657 marescalcus
1042 3573 1083 3650 in
1103 3574 1217 3651 domo
1234 3573 1281 3653 dc
1298 3575 1425 3654 Monte
1444 3573 1671 3662 Suessiouis,
1688 3601 1772 3678 pre·

342 3699 432 3777 dicti
448 3701 596 3778 ordinis
616 3702 755 3780 milicie
770 3703 936 3810 Templi,
953 3701 1269 3811 quadragenarius
1286 3703 1345 3780 vel
1367 3703 1478 3791 circa,
1503 3703 1638 3789 eodem
1654 3703 1770 3782 modo

342 3833 581 3921 constitutus,
593 3833 740 3940 juratus
756 3850 792 3911 et
807 3835 1076 3942 interrogatus,
1096 3833 1187 3912 dixit
1201 3863 1268 3942 per
1277 3835 1534 3941 juramentum
1548 3833 1667 3939 quod,
1686 3851 1771 3938 post

341 3975 417 4038 tres
431 3959 616 4038 dieeiulra
631 3963 831 4042 instantem
849 3965 1014 4042 Natalem
1029 3964 1182 4043 Domini
1204 3981 1316 4040 erunt
1334 3981 1411 4040 tres
1429 3964 1515 4040 anni
1537 3961 1669 4068 elapsi,
1691 3963 1770 4068 ipse

342 4088 412 4166 fuit
429 4109 603 4197 receptus
620 4093 657 4170 in
681 4092 780 4170 dicta
797 4093 913 4172 domo
935 4095 982 4170 de
1003 4094 1132 4174 Monte
1148 4091 1376 4182 Suessionis,
1394 4119 1462 4198 per
1479 4091 1633 4170 fratrem
1647 4091 1773 4172 Girar-

343 4219 435 4294 dum
456 4220 503 4295 de
526 4220 728 4299 Villaribus
751 4221 927 4314 militem,
955 4223 1173 4329 magistrum
1195 4221 1342 4300 ballivie
1362 4222 1660 4314 suessionensis,
1688 4252 1773 4330 pre-

341 4347 512 4425 sentibus
530 4348 640 4426 lratre
661 4349 865 4428 Guillelmo
886 4351 933 4428 de
948 4350 1071 4428 Platea
1088 4365 1126 4428 et
1144 4350 1258 4430 fratre
1278 4350 1442 4430 lloberto
1465 4352 1654 4459 capellano
1675 4354 1772 4432 dicte

342 4476 489 4556 domus.

397 4609 491 4684 Item
502 4609 593 4687 dixit
602 4638 672 4716 per
680 4611 939 4718 juramentum
951 4639 1063 4688 suum
1074 4611 1195 4717 quod,
1206 4629 1293 4718 post
1302 4614 1561 4720 juramentum
1573 4613 1619 4690 ab
1633 4641 1678 4691 eo
1692 4642 1771 4720 pre-

341 4737 470 4816 stitum
499 4741 546 4817 de
572 4741 718 4818 statutis
739 4759 775 4820 et
796 4743 947 4820 secretis
966 4741 1110 4820 ordinis
1130 4741 1387 4834 observandis,
1405 4759 1444 4822 et
1457 4741 1635 4821 mantello
1656 4743 1727 4820 sibi
1748 4773 1769 4818 a

341 4869 543 4974 recipiente
563 4871 609 4945 ad
631 4870 768 4948 collum
787 4873 927 4976 posito,
950 4872 1137 4950 osculatus
1162 4871 1233 4950 fuit
1256 4873 1500 4977 recipientem
1526 4890 1562 4950 et
1586 4873 1677 4950 alios
1699 4871 1769 4948 lra-
