4208 5886
665 519 861 612 anonas
891 527 996 608 ons·
1022 536 1333 610 Tauamaas.
1637 538 1708 608 261

291 685 344 762 eis
367 711 416 760 ne
435 681 606 760 indebite
626 680 862 788 acquirerent
884 675 1021 756 ordini.
1048 678 1192 756 Eorum
1211 675 1400 786 generalia
1419 674 1612 781 capitalia,
1636 703 1712 752 ser-

290 811 775 904 monelacto,celebrabant
791 809 1022 916 tempestive,
1042 808 1159 889 nullis
1177 807 1416 916 presentibus
1434 805 1507 883 nisi
1537 804 1714 886 fratribus

290 945 450 1032 ordinis,
473 961 512 1022 et
523 940 790 1050 providebatur
809 966 858 1015 ne
876 938 1070 1016 audiretur
1088 939 1249 1018 exterius
1268 937 1373 1044 quod
1396 935 1556 1014 interius
1581 936 1715 1043 ageba-

290 1095 364 1154 tur.
390 1073 574 1154 Ordinato
604 1099 671 1178 per
696 1070 915 1178 Magistrum
942 1097 1029 1146 cum
1054 1085 1240 1146 conventu
1268 1083 1448 1148 servasset
1470 1081 1573 1142 totus
1596 1065 1712 1153 ordo,

292 1222 545 1314 contraquam
561 1229 663 1280 nuno
680 1217 835 1307 propter
848 1197 1015 1305 predicta
1028 1199 1183 1306 grandia
1197 1198 1382 1286 scandala,
1400 1197 1563 1302 suspicio
1575 1214 1612 1272 et
1623 1196 1683 1272 ins
1700 1241 1717 1254 -

292 1337 367 1413 mia
387 1351 476 1414 sunt
501 1350 644 1422 exorta,
673 1348 712 1409 et
731 1346 860 1410 contra
887 1357 1002 1435 quem
1032 1331 1208 1437 Magister
1234 1347 1274 1406 et
1299 1329 1360 1406 alii
1386 1328 1566 1404 dicuntur
1591 1327 1715 1432 aliqua

249 1500 252 1512 ·
292 1466 407 1546 fuisse
437 1464 619 1552 consessi;
645 1462 694 1539 ad
723 1461 829 1568 cujus
849 1457 993 1537 ordinis
1022 1459 1283 1538 defensionem
1308 1487 1348 1536 se
1369 1456 1577 1548 obtulerat,
1600 1476 1638 1534 et
1658 1459 1717 1533 in-

291 1595 488 1703 telligebat
501 1595 690 1672 Latinum.

345 1723 563 1831 -Requisitus
575 1723 606 1801 si
620 1721 673 1800 sic
688 1721 914 1827 deposuerat
927 1743 1057 1824 prece,
1072 1737 1268 1824 precepto,
1285 1719 1437 1810 timore,
1452 1745 1597 1804 amore,
1608 1719 1715 1806 odio,

292 1855 350 1934 vel
370 1853 570 1959 temporali
586 1851 747 1930 comodo
761 1848 893 1926 habito
912 1847 972 1925 vel
992 1849 1183 1941 habendo,
1200 1849 1400 1955 respondit
1414 1848 1521 1954 quod
1539 1875 1632 1937 non,
1649 1848 1719 1924 sed

268 2012 362 2089 pro
384 1983 538 2060 veritate
558 1981 736 2066 dicenda;
761 1979 824 2056 cni
848 1977 922 2056 suit
941 1977 1156 2084 injunctum
1179 1980 1284 2085 quod
1311 2007 1390 2056 uon
1416 1976 1598 2056 revelaret
1621 1978 1718 2056 hanc

293 2141 399 2191 suam
420 2112 718 2218 depositionem,
738 2134 939 2215 quousque
954 2109 1215 2187 attestuciones
1228 2108 1370 2187 fuerint
1389 2107 1586 2213 publicata.

350 2359 480 2438 Frater
505 2356 695 2436 lohannes
715 2358 762 2435 dc
784 2353 966 2436 Noviomo
987 2351 1170 2441 servieus,
1195 2351 1300 2430 testis
1314 2379 1425 2458 supra
1439 2349 1601 2458 juratus,
1621 2365 1720 2428 octo·

293 2491 467 2600 ganarius
490 2489 548 2566 vel
571 2488 682 2578 circa,
708 2488 773 2592 qui
796 2486 1021 2564 mantellum
1046 2483 1086 2560 in
1113 2482 1272 2560 concilio
1294 2481 1504 2562 senonensi
1526 2481 1720 2558 dimiserat

296 2640 335 2701 et
351 2619 595 2729 postmodum
616 2617 697 2695 radi
719 2617 859 2694 lecerat
873 2617 945 2695 sibi
963 2614 1137 2702 barbam,
1157 2630 1196 2691 et
1213 2613 1371 2690 indicto
1395 2610 1555 2689 concilio
1575 2610 1721 2690 absolu-

294 2768 356 2828 tus
376 2767 415 2827 et
429 2747 694 2826 reconciliatus
709 2746 845 2835 luerat,
867 2745 974 2824 lectis
990 2761 1028 2821 et
1046 2742 1248 2851 diligenter
1264 2741 1441 2848 expositis
1457 2741 1528 2819 sibi
1543 2741 1721 2818 omnibus

295 2898 334 2959 et
348 2880 508 2989 singulis
518 2877 696 2969 articuhs,
712 2876 909 2983 respondit
922 2875 1027 2983 quod
1040 2873 1191 2952 volebat
1204 2873 1403 2980 persistere
1420 2871 1460 2948 in
1478 2871 1719 2976 deposicione

294 3011 501 3117 peripsum
521 3009 616 3086 facta
635 3008 675 3084 in
697 3007 798 3086 dicto
820 3005 997 3096 concilio,
1023 3021 1061 3082 et
1078 3006 1184 3112 quod
1203 3003 1409 3092 nesciebat,
1431 3031 1500 3078 nec
1522 2999 1717 3088 credebat,

295 3168 366 3220 nec
382 3139 576 3219 audiverat
590 3137 665 3215 dici
680 3137 729 3216 de
743 3135 929 3216 contentis
944 3135 985 3212 in
1000 3134 1110 3214 dictis
1128 3133 1296 3213 articulis
1315 3132 1387 3212 nisi
1407 3132 1512 3238 quod
1525 3131 1718 3236 sequitur:

295 3266 471 3344 videlicet
490 3265 592 3371 quod
614 3265 693 3370 ipso
714 3282 887 3371 receptus
905 3264 1029 3342 fuerat
1046 3263 1086 3340 in
1106 3262 1247 3369 capella
1266 3261 1402 3342 domus
1418 3260 1569 3368 Templi
1592 3260 1639 3338 de
1654 3263 1721 3338 Pu·

294 3395 405 3506 teolis
432 3395 538 3502 juxta
567 3394 812 3486 laudunum,
838 3423 907 3500 per
932 3395 1084 3472 fratrem
1110 3395 1264 3472 Petrum
1298 3396 1530 3471 Normauum
1558 3391 1720 3470 militem

295 3525 506 3631 quondam,
530 3539 622 3604 tunc
640 3542 901 3632 preceptorem
922 3524 971 3603 de
995 3523 1254 3612 Laudunesio,
1277 3525 1317 3600 in
1336 3523 1488 3600 instanti
1510 3522 1722 3628 Quadrage

295 3654 390 3730 sima
406 3671 519 3732 erunt
532 3655 678 3735 circiter
693 3680 805 3734 ravin
825 3653 934 3745 anni,
953 3652 1193 3759 presentibus
1212 3651 1390 3731 fratribus
1405 3651 1613 3730 Guillelmo
1635 3651 1721 3728 Nor

295 3785 397 3862 mani
423 3785 632 3894 presbitero
658 3784 756 3863 dicte
777 3785 930 3876 domus,
951 3785 1061 3860 Petro
1086 3783 1251 3889 Bergerii
1274 3781 1475 3869 serviente,
1500 3781 1718 3870 deffunctis,

296 3914 336 3992 in
351 3915 453 3993 hunc
471 3914 628 3992 modum
648 3945 659 3992 ε
676 3941 763 3992 nam
781 3915 898 4022 petita
918 3913 1094 3992 societate
1112 3912 1257 3991 ordinis
1277 3929 1315 3989 et
1334 3912 1369 3988 ei
1391 3937 1581 4000 concessa,
1600 3911 1721 3988 dictus

296 4061 468 4151 receptor
487 4042 575 4122 lecit
595 4071 684 4122 eum
704 4071 835 4122 vovere
857 4037 895 4120 et
913 4043 1042 4150 jurare
1062 4041 1285 4130 castitatem,
1304 4041 1583 4128 obedienciam,
1599 4041 1720 4117 vivere

295 4173 378 4251 sine
410 4174 577 4281 proprio,
603 4200 748 4250 servare
778 4174 901 4253 bonos
925 4201 1016 4252 usus
1043 4189 1082 4250 et
1098 4172 1219 4250 bonas
1245 4171 1540 4251 consuetudines
1564 4170 1719 4258 ordinis,

297 4329 372 4380 non
387 4303 551 4382 revelare
569 4321 710 4382 secreta
729 4303 995 4410 capitulorum,
1018 4302 1066 4379 de
1088 4303 1205 4380 modo
1221 4301 1452 4409 recepeionis
1472 4300 1622 4410 speciali
1643 4329 1721 4378 non

295 4430 425 4510 habita
448 4433 666 4568 menesione,
691 4451 729 4512 et
750 4432 858 4540 quod
877 4461 954 4510 non
980 4430 1096 4510 exiret
1117 4431 1262 4510 dictum
1288 4432 1480 4522 ordinem;
1506 4449 1544 4510 et
1565 4433 1721 4540 prestito

296 4561 344 4639 ab
369 4587 416 4641 eo
436 4591 507 4670 per
520 4564 778 4672 juramentum
802 4563 905 4672 quod
933 4589 1010 4640 non
1034 4579 1113 4640 erat
1135 4561 1496 4655 excommunicatus,
1521 4589 1591 4638 nec
1615 4562 1721 4640 alteri

295 4691 469 4803 religioni
493 4722 564 4772 neo
585 4693 825 4772 matrimonio
841 4721 913 4772 nec
928 4691 1067 4770 debitis
1082 4719 1157 4799 que
1184 4718 1261 4770 non
1279 4708 1407 4798 posset
1423 4692 1565 4770 solvere
1583 4690 1722 4796 obliga·

295 4839 376 4912 tus,
400 4852 471 4902 nec
487 4823 651 4904 habebat
673 4822 933 4904 infirmitatem
958 4823 1157 4915 latentem,
1179 4821 1361 4929 imposuit
1382 4821 1454 4900 sibi
1478 4821 1722 4910 mantellum,
