4434 5900
817 503 1140 600 processus
1168 527 1471 605 rsupmres.
1501 515 1507 526 ’
1818 541 1857 610 11

284 675 291 684 '
427 695 496 774 pro
516 667 673 746 veritate
697 667 876 758 dicenda;
902 670 963 747 cui
987 669 1064 747 luit
1088 669 1302 778 injunctum
1327 673 1432 780 quod
1457 702 1534 752 non
1559 675 1741 754 revelaret
1766 679 1863 758 hanc

427 825 537 878 snam
557 798 839 906 deposicionem
860 829 1057 909 quousque
1078 803 1336 882 attestaciones
1358 804 1500 883 fuerint
1519 805 1708 912 publicate
1723 839 1730 882 :
1748 826 1786 886 et
1805 829 1863 890 est

425 929 624 1010 sciendum
642 932 749 1039 quod
768 931 1006 1041 intelligebat
1022 933 1212 1011 Latinum.

481 1063 575 1142 Acta
584 1062 740 1142 fuerunt
751 1065 824 1142 bec
836 1064 1021 1170 predictis
1030 1064 1093 1141 die
1106 1065 1251 1158 ctione,
1262 1067 1503 1173 presentibus
1516 1068 1694 1178 magistro
1703 1067 1858 1160 Amisio,

427 1223 488 1273 me
499 1194 754 1274 Florimonte
766 1196 986 1285 Dondedei,
1009 1214 1050 1274 et
1066 1195 1147 1275 eliis
1163 1197 1319 1276 notariis
1330 1227 1443 1306 supra
1455 1198 1592 1278 ultimo
1607 1201 1823 1279 nominatis.

481 1457 674 1548 Posthac,
695 1460 738 1537 in
752 1460 973 1555 crastinum,
989 1459 1165 1552 videlicet
1179 1459 1388 1562 dieldartis
1401 1460 1594 1568 sequenti,
1614 1462 1680 1569 qui
1698 1461 1771 1540 fuit
1783 1489 1859 1547 vult

426 1587 507 1668 dies
526 1586 669 1670 meusis'
686 1591 838 1681 Marcii,
860 1591 934 1671 fuit
950 1592 1139 1694 ¹adductus
1158 1591 1207 1668 ed
1227 1593 1460 1698 presencium
1482 1593 1724 1674 eorumdem
1737 1592 1860 1672 domi-

423 1749 564 1802 norum
585 1723 948 1813 commissariorum,
969 1726 1009 1803 in
1028 1725 1144 1802 domu
1163 1724 1332 1831 predicta
1344 1723 1501 1816 fratrum
1516 1724 1725 1816 Miserum,
1747 1727 1860 1806 tsacer

423 1853 654 1936 Guillelmus
685 1856 734 1934 de
764 1857 932 1965 Torrsge
971 1854 1081 1932 miles
1117 1856 1359 1936 Carnotensis
1381 1856 1547 1934 *diocesis
1560 1893 1587 1945 ,·
1604 1859 1710 1936 testis
1746 1887 1858 1966 supra

418 1988 593 2094 juratus,
610 2006 654 2067 ut
674 1987 1048 2094 deponeretdietum
1069 2014 1199 2079 suum,
1226 1987 1451 2067 mantellum
1477 1986 1621 2067 ordinis
1644 1988 1856 2068 etbarbam

380 2197 384 2206 ,
422 2117 627 2212 defferens,
646 2120 912 2227 sexagenarius
927 2119 985 2198 vel
1007 2118 1120 2208 cuca,
1142 2149 1231 2212 cum
1252 2149 1330 2226 quo
1348 2119 1572 2228 inquisitum
1591 2117 1729 2210 luerat,
1745 2120 1858 2200 ubso-

422 2249 525 2329 lutus
544 2269 582 2331 et
601 2251 863 2332 reconciliatus
883 2281 951 2358 per
969 2251 1170 2330 dominum
1181 2251 1405 2360 episcopum
1420 2247 1714 2330 Xantoueasem.
1735 2254 1856 2331 Lectis

420 2402 550 2462 autem
570 2403 608 2464 et
628 2385 830 2494 diligenter
841 2384 921 2462 sibi
944 2383 1120 2490 expositis
1140 2381 1320 2461 omnibus
1343 2401 1380 2461 et
1399 2381 1557 2493 siugulis
1576 2383 1757 2475 articulis,
1770 2413 1856 2462 res-

421 2515 556 2622 pondit
570 2543 612 2594 se
630 2516 776 2595 nescire
795 2515 1040 2594 neeesedere
1062 2513 1110 2592 de
1127 2515 1312 2596 contentis
1330 2515 1368 2592 in
1386 2513 1439 2592 eis
1457 2507 1528 2592 nisi
1546 2513 1651 2621 quod
1672 2516 1852 2622 sequitur.

420 2648 522 2726 Dixit
541 2647 644 2726 enim
665 2645 768 2757 quod
794 2648 873 2754 ipse
900 2662 1076 2754 receptus
1099 2645 1221 2724 fixerat
1248 2647 1288 2724 in
1304 2646 1448 2754 capella
1467 2648 1607 2724 domus
1632 2648 1784 2755 Templi
1806 2649 1855 2728 de

421 2777 522 2858 Melo
543 2781 670 2857 Leone
692 2777 916 2858 Pictavensis
937 2777 1115 2867 diocesis,
1148 2778 1188 2854 iu
1209 2773 1335 2886 vigilia
1362 2777 1535 2854 instantis
1563 2777 1650 2855 festi
1674 2781 1855 2860 Resurre-

421 2909 555 2990 ctionis
578 2910 918 3004 Dominicepruut
943 2936 1013 2989 xxv
1039 2909 1126 2988 enni
1150 2909 1208 2987 vel
1229 2910 1340 3001 eirea,
1362 2905 1430 3015 pe'r
1458 2908 1610 2986 lmtrem
1640 2909 1853 3020 iohannem

421 3040 564 3120 diemm
586 3041 621 3120 le
641 3043 824 3150 Franoeys
851 3039 1013 3118 militem
1034 3041 1245 3148 quondam,
1270 3047 1532 3149 preceptorem
1559 3039 1650 3117 tuuc
1672 3039 1850 3136 Pictavie,

420 3173 657 3278 presentibus
670 3172 856 3251 ¹fratribus
878 3174 1030 3253 Matheo
1053 3174 1101 3251 de
1120 3149 1564 3278 Britanniapresbitero,¹
1586 3171 1694 3279 cujus
1714 3202 1853 3283 coguo-

419 3329 508 3381 meu
530 3303 695 3414 ignorat,
721 3321 759 3382 et
783 3303 957 3412 pluribus
982 3303 1064 3381 aliis
1085 3303 1288 3382 deffunctis
1313 3329 1481 3410 quorum
1506 3302 1661 3379 nemine
1682 3304 1850 3411 ignora,

420 3433 459 3510 in
491 3433 595 3515 bunc
626 3433 785 3515 modum
815 3466 823 3512 ε
850 3463 938 3535 nem
975 3464 1061 3513 oum
1095 3435 1352 3543 requisivisset
1387 3461 1426 3511 se
1445 3432 1597 3542 <recipis
1628 3451 1679 3512 ,et
1714 3434 1853 3515 delibe-

419 3585 562 3647 rassent
591 3595 680 3646 eum
708 3567 895 3675 recipere,
927 3567 1099 3645 fecerunt
1126 3573 1215 3644 'eum
1242 3593 1375 3643 vovere
1405 3582 1443 3642 et
1466 3566 1594 3674 jurare
1623 3565 1745 3644 rivere
1771 3569 1851 3646 sine

419 3699 592 3806 proprio,
615 3727 760 3777 servare
781 3701 1005 3791 castitatem,
1028 3697 1307 3788 obedienciam,
1330 3697 1559 3798 bonosusus
1572 3713 1612 3774 et
1625 3697 1744 3774 bonas
1763 3727 1852 3780 eon·

418 3827 640 3908 suetudines
657 3830 822 3908 ordinis.'
834 3830 1084 3909 Postmodum
1104 3846 1276 3937 receptor
1294 3828 1477 3936 imposuit
1496 3829 1535 3905 ei
1551 3827 1791 3923 mantellum,
1812 3851 1853 3909 et

418 3961 497 4067 ipse
523 3977 563 4038 et
580 3963 742 4041 astantes
762 3961 920 4040 osculati
943 3962 1099 4040 fuerunt
1122 3991 1210 4041 eum
1233 3963 1273 4038 in
1298 3991 1377 4040 ore.
1403 3961 1654 4039 Postmodum
1675 3961 1853 4042 instruxit

418 4121 506 4170 eum
517 4111 623 4200 -quot
640 4097 753 4174 Pater
769 4111 884 4173 norm
906 4094 1050 4174 diceret
1066 4123 1135 4202 pro
1160 4093 1266 4172 boris
1281 4094 1377 4183 suis,
1393 4108 1438 4169 et
1457 4091 1620 4199 qualiter
1637 4111 1786 4200 regeret
1805 4123 1849 4172 ee

419 4223 458 4300 in
477 4225 636 4313 ordine;¹
649 4225 720 4302 sed
740 4225 787 4303 de
802 4225 1072 4334 abnegaremus,
1094 4225 1288 4333 vituperiis
1304 4223 1438 4311 nucis,
1461 4224 1599 4302 osculis
1621 4224 1846 4314 inhonestis,

418 4355 575 4434 crimine
595 4357 823 4472 sodomitice
840 4357 900 4437 vel
917 4357 1042 4466 aliqua
1057 4358 1129 4436 elia
1147 4387 1188 4436 re
1202 4358 1335 4435 illicita
1351 4384 1432 4435 uon
1448 4356 1521 4434 fuit
1541 4357 1576 4434 ei
1595 4355 1760 4446 lomtus,
1777 4385 1850 4435 nec

417 4487 558 4566 audivit
579 4489 651 4566 dici
672 4518 743 4568 nec
764 4491 884 4568 credit
902 4491 1009 4598 quod
1024 4491 1216 4571 diceretur
1237 4489 1321 4568 aliis
1344 4489 1383 4566 in
1407 4515 1537 4566 eorum
1563 4487 1849 4596 rerepeiouibus

417 4619 473 4698 vel
492 4637 594 4726 post,
619 4649 690 4699 nec
710 4623 810 4729 quod
832 4622 943 4702 lieret
964 4653 1034 4731 per
1049 4651 1119 4702 eos
1138 4651 1209 4701 nec
1230 4621 1270 4700 iii
1291 4621 1439 4700 ordine.
1461 4619 1728 4728 Requisitussi
1750 4647 1848 4728 quos

417 4751 508 4832 alios
523 4752 669 4831 viderat
683 4755 817 4862 recipi,
836 4772 874 4833 et
887 4754 953 4834 ubi
971 4775 1008 4834 et
1023 4757 1177 4864 quando
1189 4773 1229 4834 et
1240 4785 1263 4833 a⁴
1274 4753 1432 4862 quibus,
1452 4753 1649 4862 respondit
1663 4752 1769 4860 quod
1779 4780 1848 4859 per

416 4901 549 4965 testem
558 4887 732 4996 proximo
740 4886 1003 4977 examinatum,
1016 4887 1277 4996 preceptorem
1287 4885 1336 4964 de
1347 4885 1518 4993 Rupella,
1528 4883 1795 4990 videretrecipi
1807 4883 1847 4960 in
1933 4897 1939 4911 '

1666 5041 1695 5080 Ἄ.
