4486 5890
784 485 977 582 peonis
1003 507 1097 580 nes
1123 509 1421 585 rnttrtrses.
1745 517 1814 589 res

441 649 490 726 Et
502 648 647 728 ibidem
662 647 794 728 fratres
806 651 939 730 Petrus
961 650 1009 728 de
1033 651 1198 729 Turonis
1217 670 1418 760 preceptor
1431 651 1478 728 de
1491 651 1629 761 Frotay
1645 654 1815 762 ejusdem

386 778 564 873 diocesis,
586 781 760 859 Matbeus
781 781 829 860 de
844 780 1123 888 Montelupello
1143 782 1425 892 Lugdunensis,
1442 784 1574 862 Petrus
1594 786 1641 864 de
1657 787 1817 865 Lanneis

385 911 661 1001 Macloviensis,
684 911 976 992 Bartholomeus
995 911 1202 992 Bartholeti
1224 914 1492 1004 Xantonensis,
1520 913 1748 994 Guillelmus
1769 917 1816 994 de

384 1041 544 1152 Plereyo
561 1043 816 1134 Ebroicensis,
835 1043 1068 1125 Guillelmus
1083 1043 1299 1154 Talheboys
1318 1047 1586 1136 xantonensis,
1603 1045 1816 1130 Gauiredus

385 1173 433 1252 de
449 1173 706 1254 Moncbanson
721 1174 1059 1290 Claromontensis,
1075 1175 1275 1254 Arnaudus
1287 1177 1483 1288 Emcgeon
1500 1176 1813 1285 Engolismcnsis,

383 1303 574 1383 Jobannes
587 1304 732 1384 Picardi
745 1304 993 1398 belvacensis,
1005 1305 1249 1386 Andcbertus
1273 1307 1320 1386 de
1340 1309 1449 1386 Porta
1468 1323 1666 1414 preceptor
1679 1308 1816 1386 domus

384 1432 567 1524 d'Anson,
587 1435 828 1526 Pietavensis,
852 1453 895 1514 et·
910 1434 1073 1514 Parisius
1099 1436 1147 1514 de
1173 1437 1284 1514 Bnris
1309 1436 1558 1546 Lingonensis
1587 1436 1812 1531 diocesium,

383 1562 537 1642 adducti
553 1591 622 1670 pro
643 1561 803 1642 testibus
824 1562 873 1641 ad
887 1563 1119 1670 presenciam
1146 1565 1371 1642 eorumdem
1387 1565 1634 1644 dominorum
1646 1569 1816 1646 commis

383 1695 586 1786 sariorum,
616 1695 797 1800 premissa
827 1693 1102 1802 protestacione
1130 1693 1234 1801 quod
1259 1723 1337 1773 non
1363 1695 1569 1774 intendunt
1594 1698 1769 1776 recedere
1795 1729 1814 1776 a

383 1825 692 1933 deposicionibus
712 1825 803 1904 alias
822 1853 892 1932 per
911 1853 978 1904 eos
995 1823 1100 1904 factis
1120 1852 1245 1902 coram
1268 1824 1468 1902 ordinariis
1490 1842 1529 1902 et
1548 1826 1701 1932 prelatis
1717 1829 1811 1918 suis,

387 1972 425 2034 et
443 1954 548 2061 quod
567 1956 597 2034 si
613 1954 700 2062 plus
729 1953 788 2034 vel
807 1933 935 2034 minus
956 1955 1127 2032 dicerent
1151 1953 1257 2062 quod
1291 1956 1344 2032 eis
1364 1984 1442 2034 non
1462 1955 1687 2063 prejudicct,
1709 1959 1814 2065 jnra-

384 2099 536 2172 verunt,
552 2086 670 2164 tactis
689 2084 930 2164 sacrosanctis
949 2083 1175 2191 Evangeliis,
1204 2083 1327 2162 dicere
1348 2085 1388 2162 in
1400 2085 1473 2164 isto
1493 2087 1650 2194 negocio
1676 2105 1811 2176 totam,

383 2215 534 2322 plenum
557 2231 595 2294 ct
612 2241 755 2292 meram
776 2215 988 2304 veritatem,
1017 2214 1226 2294 secundum
1252 2212 1413 2293 formam
1429 2215 1635 2323 juramenti
1651 2216 1810 2297 aliorum

384 2345 539 2424 testium
554 2345 729 2452 superins
742 2346 992 2452 registratem,
1016 2344 1221 2452 expositam
1238 2361 1276 2422 et
1287 2344 1548 2452 vulgaritatem
1565 2345 1720 2424 eisdem.

321 2563 327 2570 ‚
441 2474 530 2554 Acta
569 2475 725 2554 suerunt
755 2476 827 2554 bec
863 2475 925 2552 die
958 2491 996 2552 ct
1025 2474 1112 2554 ioco
1140 2474 1337 2580 predictis,
1366 2476 1605 2581 presentibus
1638 2479 1812 2585 magistro

384 2605 544 2692 Amisio,
567 2631 629 2682 me
648 2605 905 2687 Floriamonte
924 2603 1146 2692 Dondedei,
1171 2621 1210 2680 et
1233 2604 1317 2682 aliis
1348 2606 1504 2684 notariis
1533 2633 1643 2712 snpra
1677 2607 1812 2686 ultimo

384 2750 597 2814 nonunutss.

439 3001 528 3080 Post
543 3002 630 3090 hec,
651 3000 716 3078 die
735 3001 842 3079 Lune
863 3001 1056 3107 sequenti,
1072 3029 1148 3108 que
1165 2999 1238 3078 fuit
1257 3000 1388 3107 quinta
1407 3000 1488 3078 dies
1502 3002 1642 3082 mensis
1667 3003 1809 3109 aprilis,

382 3129 453 3208 tuit
466 3130 654 3211 adductus
667 3129 716 3208 ad
728 3132 961 3238 presenciam
973 3131 1194 3210 eorumdem
1208 3130 1455 3209 dominorum
1467 3133 1810 3212 commissariorum

383 3277 421 3339 ct
442 3259 587 3340 domini
608 3261 766 3349 Matbei,
784 3262 824 3340 in
845 3263 960 3340 domo
983 3262 1149 3366 predicta
1173 3261 1319 3340 domini
1335 3261 1435 3339 Petri
1457 3261 1507 3340 de
1523 3261 1727 3354 Sabaudia‚
1746 3265 1812 3342 ira-

380 3405 440 3466 ter
467 3390 601 3466 Petrns
637 3389 801 3468 Amalini
840 3390 1003 3468 serviens
1029 3407 1067 3466 et
1092 3391 1309 3499 bergerius,
1340 3390 1594 3470 Rutbenensis
1630 3392 1807 3482 diocesis,

380 3518 486 3596 testis
511 3547 624 3624 supra
643 3519 809 3626 juratus,
840 3519 1087 3626 quadraginta
1115 3538 1200 3597 octo
1226 3546 1416 3598 annornm
1438 3520 1499 3598 vel·
1517 3520 1629 3609 circa,
1659 3525 1812 3600 mantel-

381 3649 462 3726 lum
483 3650 627 3728 ordinis
646 3665 685 3730 et
703 3648 858 3728 hubam
877 3649 1079 3737 defferens,
1100 3677 1186 3726 cum
1201 3677 1280 3756 quo
1295 3649 1521 3754 inquisitum
1546 3648 1684 3739 suerat,
1710 3651 1811 3728 abso·

380 3778 487 3858 lutus
513 3799 551 3860 et
570 3780 834 3860 reconciliatus
858 3807 926 3887 par
945 3779 1146 3858 dominum
1174 3779 1394 3887 episcopum
1420 3780 1720 3872 Rutbenensem,
1744 3783 1809 3888 qui

380 3927 555 4016 receptus
576 3911 698 3990 fuerat
719 3910 760 3988 in
783 3907 928 4016 capelle
948 3911 1087 3990 domus
1113 3907 1263 4016 Templi
1289 3909 1424 3990 Sancte
1448 3908 1596 3988 Eulalie
1621 3910 1720 3988 dicte
1735 3911 1810 3989 dio·

380 4040 488 4133 cesis,
514 4067 583 4147 per
601 4040 759 4120 fratrem
775 4039 958 4118 Pnncium
984 4039 1032 4118 de
1052 4042 1190 4119 Broeto
1215 4039 1378 4118 militem
1406 4040 1618 4148 quondum,
1637 4039 1676 4119 in
1691 4042 1810 4122 carni-

378 4169 499 4276 privio
532 4171 715 4278 preterito
745 4168 902 4248 fuerunt
937 4171 1083 4248 circiter
1115 4166 1181 4248 us
1212 4170 1323 4258 anni,
1362 4169 1602 4276 presentibus
1635 4169 1810 4249 fratribus

380 4295 553 4408 Guigone
579 4299 754 4378 Ademari
782 4299 927 4391 milite,
959 4315 1178 4407 preceptore
1214 4297 1314 4378 dicte
1350 4299 1504 4390 domus,
1543 4317 1581 4377 et
1611 4298 1808 4406 Aymcrico

380 4426 541 4508 Calador
574 4429 802 4537 presbitero,
831 4427 1051 4520 deffimctis3
1081 4428 1214 4536 etqui
1246 4427 1285 4506 in
1322 4428 1456 4506 eadem
1488 4427 1629 4535 capelle
1665 4427 1809 4508 viderat

379 4557 512 4666 recipi,
534 4587 604 4666 per
628 4558 770 4638 dietum
797 4558 951 4637 fratrem
979 4559 1209 4666 Gnignnem,
1237 4556 1389 4636 fratrem
1410 4558 1626 4639 Deodatum
1646 4556 1807 4671 Gavalda

379 4687 468 4766 dicti
495 4688 568 4769 loci
594 4691 729 4770 Sancte
753 4688 918 4779 Eulalie,
949 4707 1039 4768 sunt
1061 4688 1209 4767 circiter
1237 4715 1282 4768 xv
1309 4689 1418 4779 anni,
1453 4688 1693 4797 presentibus
1705 4689 1807 4767 dicto

377 4818 588 4924 presbitero
615 4819 756 4926 etipse
783 4835 897 4908 teste,
929 4818 995 4925 qui
1027 4816 1194 4924 plurium
1225 4818 1510 4925 receptionibus
1539 4818 1807 4900 nonadiuerat
