4486 5890
755 489 956 584 procas
982 509 1077 582 nas
1104 509 1407 588 rsnrtruas
1747 517 1798 592 ac

369 645 482 728 luisse
507 645 714 736 confessos3
741 666 779 725 et
801 649 873 727 hoc
897 650 1015 727 eciam
1036 649 1130 727 dixit
1149 679 1189 729 se
1211 649 1325 730 fuisse
1347 649 1558 730 consessum
1581 681 1621 734 se
1644 653 1799 738 credere

368 807 494 858 coram
509 779 656 858 officiali
672 781 860 887 predicto,
884 799 922 858 et
938 809 981 859 ex
996 781 1070 860 hoc
1085 781 1303 861 absolutum
1317 799 1356 862 et
1371 783 1655 864 reconciliatum
1669 786 1797 866 fuisse.
1821 885 1826 894 Ι

367 910 481 1003 Item,
505 911 596 988 dixit
615 910 722 1018 quod
735 911 916 1020 jurabant
935 911 1110 992 ordinem
1132 940 1211 991 non
1231 915 1343 992 exire.
1373 914 1507 992 Statim
1530 943 1600 1022 pro
1623 916 1799 1024 professis
1832 990 1833 996 ,
1962 941 1967 960 ·

367 1040 616 1120 habebantur.
646 1041 890 1122 Clandestine
915 1041 1207 1149 recipiebantur,
1233 1042 1350 1122 nullis
1371 1045 1610 1151 presentibus
1630 1047 1702 1125 nisi
1724 1047 1798 1126 sra-

367 1169 488 1249 tribus
513 1170 670 1260 ordinis,
702 1201 745 1251 ex
767 1200 845 1279 quo
870 1172 991 1250 credit
1014 1173 1119 1280 quod
1143 1189 1241 1252 esset
1261 1175 1424 1280 suspicio
1444 1175 1540 1253 mala
1565 1193 1693 1254 contra
1719 1205 1796 1255 eos.

367 1299 498 1380 Credit
511 1301 618 1408 quod
640 1301 866 1409 inpartibus
887 1303 1041 1380 Francie
1066 1304 1324 1410 reciperentur
1338 1304 1470 1382 iratres
1488 1305 1633 1383 ordinis
1651 1304 1797 1384 unifor-

366 1432 479 1510 miter
501 1449 538 1510 et
556 1433 675 1524 bene,
697 1435 794 1512 sicut
813 1433 894 1539 ipse
910 1433 985 1511 fuit
998 1452 1173 1542 receptus
1194 1452 1233 1512 et
1253 1435 1348 1513 vidit
1365 1435 1458 1514 alios
1478 1436 1610 1544 recipi,
1633 1453 1672 1516 et
1690 1439 1795 1544 quod

367 1562 406 1639 in
432 1562 625 1670 aliquibus
649 1564 731 1642 aliis
754 1564 924 1670 partibus
949 1565 1207 1672 reciperentur
1226 1567 1322 1643 sicut
1344 1567 1520 1673 Magister
1544 1567 1684 1644 dicitur
1703 1594 1796 1645 con-

367 1694 478 1774 fiteri.
496 1693 766 1802 lnjungebatur
779 1695 833 1771 eis
848 1723 915 1801 per
930 1713 1204 1774 sacramentum
1218 1696 1324 1804 quod
1339 1722 1416 1774 non
1431 1695 1642 1774 revelarent
1655 1715 1798 1776 secreta

366 1824 636 1933 capitulorum,
654 1823 701 1902 de
715 1825 831 1902 modo
848 1825 1078 1932 recepcionis
1093 1827 1132 1902 in
1148 1826 1300 1932 speciali
1318 1825 1424 1904 nulla
1438 1826 1566 1904 habita
1580 1828 1796 1914 moncione:

365 1956 432 2062 qui
458 1953 698 2044 revelassent,
725 1953 770 2030 ad
791 1981 928 2059 panem
948 1969 987 2032 et
1010 1983 1145 2062 aquam
1168 1956 1281 2061 positi
1304 1955 1472 2033 fuissent.
1497 1955 1540 2032 ln
1566 1955 1714 2063 signum
1738 1985 1796 2032 ca-

366 2085 500 2164 stitatis
513 2083 761 2193 cingebantur
776 2113 889 2191 super
902 2084 1072 2162 camisias
1085 2114 1170 2162 cum
1183 2083 1321 2191 quibus
1326 2084 1501 2192 jacebant
1514 2085 1680 2164 cordulis
1692 2087 1795 2164 unde

365 2215 542 2296 volebant
562 2213 780 2322 assumptis,
808 2213 926 2321 siqui
948 2230 1054 2290 erant
1074 2214 1207 2291 fratres
1226 2213 1385 2290 scientes
1411 2242 1555 2293 errores
1577 2243 1657 2293 esse
1679 2216 1718 2292 in
1742 2245 1798 2294 or·

366 2346 475 2434 diue,
499 2345 655 2423 fuerunt
679 2343 913 2453 negligentes
935 2343 1122 2451 quianon
1146 2359 1388 2421 correxerunt
1412 2371 1477 2421 eos
1499 2373 1569 2421 nec
1591 2346 1796 2423 denuncia-

364 2495 499 2556 verunt
518 2475 698 2554 Ecclesie.
723 2476 765 2552 ln
786 2474 958 2580 capitulis
981 2473 1121 2580 quibus
1141 2473 1249 2550 alluit
1270 2473 1412 2551 audivit
1433 2475 1574 2580 precipi
1596 2475 1636 2550 in
1657 2475 1797 2555 virtute

365 2606 587 2686 obediencie
613 2605 719 2714 quod
739 2604 946 2682 elemosine
973 2603 1100 2681 debite
1127 2601 1264 2682 fierent
1290 2604 1330 2680 in
1357 2603 1508 2695 ordine,
1534 2621 1572 2681 et
1599 2603 1796 2683 deffende—

363 2736 474 2815 batur
493 2736 600 2844 quod
624 2763 702 2813 non
717 2735 955 2841 acquirerent
967 2735 1105 2843 injuste
1118 2733 1263 2823 ordini,
1285 2751 1324 2812 et
1336 2734 1428 2812 vidit
1442 2734 1559 2813 dictas
1574 2733 1798 2814 elemosinas

365 2881 404 2944 et
423 2865 719 2973 hospitalitatem
741 2863 1010 2942 convenienter
1025 2863 1109 2942 lieri
1131 2881 1169 2941 et
1183 2863 1318 2942 servari
1339 2864 1379 2940 in
1398 2862 1577 2942 domibus
1598 2865 1742 2942 ordinis
1756 2866 1797 2944 in

364 2996 505 3102 quibus
530 2995 651 3073 extitit
674 3011 938 3072 commoratus.
960 2994 1064 3072 Vidit
1088 2993 1192 3101 quod
1211 2993 1414 3100 aliquando
1433 3009 1521 3100 post
1539 2993 1706 3071 mediam
1726 3022 1797 3072 no·

366 3142 463 3203 ctem
478 3125 698 3234 surgebant,
720 3140 758 3200 et
773 3123 883 3200 dictis
902 3124 1112 3213 matutinis,
1130 3151 1305 3201 sermone
1315 3153 1384 3230 per
1393 3122 1559 3230 aliquem
1574 3123 1795 3232 religiosum

365 3255 461 3336 lacto
478 3273 516 3334 et
530 3257 642 3334 missa
670 3255 872 3344 celebrata,
898 3282 1031 3332 eorum
1053 3255 1230 3361 capitulio
1251 3256 1480 3334 tenebantur
1496 3255 1625 3363 januis
1644 3255 1795 3347 clausis,

365 3403 404 3465 et
421 3387 690 3494 providebatur
709 3413 757 3463 ne
775 3385 973 3464 audiretur
990 3387 1152 3464 exterius
1172 3387 1277 3494 quod
1296 3387 1455 3464 interius
1469 3385 1660 3492 agebatur.
1680 3387 1796 3466 Ordi-

365 3535 449 3596 nata
469 3547 537 3625 per
553 3517 773 3625 Magistrum
793 3533 975 3593 servasset
990 3534 1093 3595 totus
1112 3516 1225 3608 ordo,
1244 3534 1374 3595 contra
1391 3546 1507 3623 quem
1523 3545 1625 3593 nunc
1639 3518 1794 3625 grandia

365 3648 555 3738 scandala,
577 3646 738 3754 suspicio
756 3663 794 3724 et
809 3645 960 3722 infamia
981 3662 1070 3724 sunt
1083 3663 1220 3724 exorta.
1240 3646 1371 3724 lllicita
1387 3645 1462 3723 illis
1478 3647 1598 3752 quiea
1613 3644 1798 3724 faciebant

365 3797 473 3858 erant
490 3796 590 3858 nota.
612 3777 828 3884 Requisitus
841 3775 925 3869 ubi,
947 3775 1116 3884 quande,
1134 3803 1246 3882 aquo
1264 3793 1302 3854 et
1316 3774 1478 3883 qualiter
1489 3789 1662 3880 receptus
1676 3773 1799 3854 lucrat

367 3927 405 3988 et
421 3909 516 3989 alios
534 3909 651 4016 recipi
664 3908 824 3997 viderat,
846 3906 1043 4014 respondit
1054 3933 1093 3983 se
1108 3905 1223 3984 luisse
1239 3923 1431 4013 receptum
1449 3906 1489 3982 in
1504 3903 1645 4011 capella
1659 3905 1797 3985 domus

366 4041 513 4148 Templi
546 4042 594 4118 de
620 4040 751 4118 Monte
778 4037 982 4146 Gauguerii
1003 4038 1237 4155 Pictavensis·
1253 4037 1428 4128 diocesis,
1457 4038 1496 4115 in
1523 4037 1673 4115 instanti
1701 4035 1796 4117 festo

366 4171 601 4250 Ascensionis
615 4169 770 4246 Domini
786 4185 899 4246 erunt
914 4196 973 4246 rur
993 4169 1097 4256 anni,
1124 4197 1192 4274 per
1212 4168 1363 4245 fratrem
1382 4167 1594 4245 Johannem
1612 4166 1796 4246 Francisci

367 4300 526 4378 militem
541 4298 753 4405 quondam,
774 4298 1015 4405 presentibus
1029 4297 1207 4376 iratribus
1221 4297 1429 4408 Reginaldo
1444 4297 1642 4375 bertrandi
1657 4297 1819 4390 milite‚·

365 4446 585 4540 preceptore
615 4429 713 4508 dicte
741 4430 895 4522 domus,
925 4431 1035 4508 Petro
1069 4431 1113 4507 de
1146 4429 1252 4508 Valle
1284 4427 1473 4508 Gordonis
1501 4443 1719 4534 preceptore
1749 4429 1796 4505 de

366 4563 515 4655 Ouson,
538 4579 575 4640 et
590 4563 701 4641 Petro
721 4561 925 4639 Normanni
946 4578 984 4639 et
1003 4559 1170 4638 Roberto
1191 4562 1238 4638 de
1257 4561 1400 4640 Cbesac
1424 4555 1688 4649 servientibus,
1713 4555 1794 4633 def-

366 4693 523 4784 functis,
543 4691 583 4769 in
598 4690 701 4768 hunc
715 4693 896 4768 modum:
912 4717 997 4768 nam
1017 4719 1103 4768 cum
1124 4692 1298 4798 peciisset
1318 4690 1509 4766 caritatem
1524 4704 1562 4765 et
1576 4687 1792 4765 societatem

366 4823 525 4913 ordinis,
549 4839 587 4899 et
606 4820 805 4900 obtulisset
823 4849 863 4900 se
882 4818 977 4900 velle
998 4820 1081 4900 fieri
1101 4849 1249 4902 servum
1266 4820 1453 4899 esclavum
1469 4822 1585 4898 Terre
1606 4819 1741 4898 Sancte
1757 4834 1795 4894 ot

474 4981 581 5042 naccis
604 5001 656 5044 oss
676 4999 847 5042 rnvrarass.
864 5015 905 5026 -
923 5001 955 5042 n.
1610 4995 1643 5040 12
