4242 5890
336 542 410 616 au
722 517 920 612 raocbs
952 534 1047 608 nus
1077 537 1383 612 rauranum.

335 685 425 775 bus,
445 711 559 792 supra
580 709 650 791 per
671 681 818 760 dictum
836 678 1138 758 Floriamontem
1156 681 1304 789 scriptis
1319 699 1358 758 et
1372 680 1592 791 designatis,
1610 709 1765 789 presens

336 814 507 903 interfui,
530 842 606 892 una
623 841 710 893 cum
732 812 833 892 dicto
848 813 1008 918 Hugone
1026 828 1064 888 et
1083 812 1276 891 Bernardo
1296 811 1454 902 Filholi,
1477 812 1685 892 Guillebno
1701 815 1765 892 ua-

336 947 471 1054 dutphi
495 945 652 1024 notariis
678 943 877 1052 predictis,
904 959 1020 1050 prout
1040 969 1152 1052 supra
1176 943 1434 1051 specificatum
1458 961 1515 1022 est
1539 961 1579 1020 et
1606 945 1767 1052 singula-

336 1079 429 1154 riter
453 1077 702 1165 declaratum,
725 1093 763 1154 et
791 1073 1039 1154 demandato
1065 1075 1255 1156 dictorum
1276 1076 1523 1156 dominorum
1548 1077 1766 1154 commissa-

338 1210 501 1298 riorum,
523 1227 640 1315 prout
651 1205 871 1296 aduerunt,
893 1205 958 1284 bic
978 1235 1039 1284 me
1052 1207 1274 1317 subscripsi,
1290 1225 1328 1288 et
1340 1208 1491 1317 signum
1511 1235 1640 1286 meum
1654 1235 1767 1315 supra

338 1341 495 1446 apposui
517 1356 753 1417 consuetum.

393 1603 442 1680 Et
455 1631 525 1712 ego
540 1601 758 1680 Bernardus
775 1600 948 1680 Filbolus
968 1602 1145 1694 clericus,
1179 1603 1458 1682 Lemovicensis
1491 1602 1670 1690 diocesis,
1699 1631 1765 1680 au-

338 1734 508 1811 ctoritate
529 1729 731 1838 apostolica
754 1731 931 1839 publicus
951 1733 1138 1825 notarius,
1162 1731 1343 1840 predictis
1366 1733 1624 1841 processibus,
1654 1760 1768 1840 supra
1792 1817 1795 1824 ,

336 1891 405 1969 per
428 1863 571 1940 dicaam
600 1860 898 1940 Floriamontem
920 1862 1068 1970 scriptis
1090 1881 1129 1940 et
1156 1862 1375 1972 designatis,
1400 1891 1556 1970 presens
1590 1861 1767 1953 interfui,

338 2021 527 2070 unacum
557 1992 667 2070 dictis
689 1994 849 2100 Hugone
875 2009 914 2071 et
942 1994 1136 2072 Bemardo
1162 1993 1361 2088 Umbaldi,
1387 1993 1598 2074 Guillelmo
1628 1993 1770 2071 Radui·

338 2122 422 2229 phi,
452 2141 491 2200 et
516 2121 773 2200 Floriamonte
801 2123 958 2201 notariis
988 2124 1204 2214 antedictis,
1232 2141 1348 2232 prout
1371 2151 1486 2232 supra
1514 2121 1769 2232 specificatum

340 2272 396 2332 est
417 2271 456 2331 et
475 2253 717 2360 singulariter
737 2253 991 2342 declaratum,
1019 2273 1058 2333 et
1085 2255 1133 2332 de
1167 2255 1346 2334 mandato
1373 2254 1564 2333 dictorum
1596 2254 1772 2333 domino-
1909 2293 1916 2300 ·

190 2445 195 2458 .
339 2413 425 2462 rum
448 2385 812 2479 commissariorum,
841 2403 956 2492 prout
979 2385 1204 2475 adsuerunt,
1227 2387 1290 2465 bic
1315 2413 1378 2463 me
1403 2384 1626 2494 subscripsi,
1656 2402 1694 2462 et
1722 2384 1772 2460 si·

340 2543 458 2622 gnum
482 2543 611 2592 meum
632 2515 790 2624 apposui
817 2533 1055 2594 consuetum.

400 2775 452 2852 Ac
467 2803 538 2883 ego
558 2775 669 2883 Hugo
689 2775 737 2853 de
752 2775 928 2883 Eugubio
959 2776 1120 2854 clericus
1143 2793 1375 2856 sacrosancte
1400 2779 1569 2853 Romane
1594 2773 1772 2862 ecclesie,

344 2923 383 2982 et
408 2904 596 3013 imperiali
626 2905 848 2984 auctoritate
880 2906 1052 2984 notarius
1078 2906 1272 3013 publicus,
1305 2905 1485 3014 predictis
1511 2903 1772 3014 processibus,

343 3063 455 3142 supra
471 3065 541 3143 per
559 3035 704 3114 dictum
734 3035 1031 3116 Floriamontem
1058 3037 1206 3144 scriptis
1232 3054 1271 3115 et
1297 3037 1517 3146 designatis,
1538 3063 1694 3144 presens
1720 3035 1775 3111 in·

342 3163 474 3258 terfui,
497 3193 675 3245 unacum
698 3165 808 3245 dictis
827 3167 1022 3246 Bernardo
1038 3167 1202 3261 Fiiboli,
1224 3165 1433 3247 Guillelmo
1453 3164 1662 3273 Radulpbi,
1689 3167 1776 3243 Ber·

346 3296 466 3372 nardo
497 3294 696 3386 Umbaldi,
727 3315 766 3378 ct
794 3295 1052 3376 Floriamonte
1087 3298 1242 3378 notariis
1271 3297 1490 3402 antedictis,
1519 3312 1634 3404 prout
1663 3323 1776 3401 supra

347 3421 602 3530 specificatum
627 3441 665 3503 et
681 3425 931 3534 'siufflrlariter
959 3427 1207 3516 declaratum,
1240 3445 1279 3506 et
1302 3427 1350 3505 de
1378 3425 1557 3504 mandato
1583 3424 1775 3502 dictorum

346 3555 591 3634 dominorum
612 3555 977 3647 commissariorum,
994 3575 1111 3665 prout
1127 3555 1337 3648 affuerunt,
1355 3555 1417 3635 hic
1432 3583 1494 3634 me
1506 3551 1724 3660 subscripsi,
1738 3571 1777 3629 et

346 3686 496 3792 signum
512 3715 641 3764 meum
655 3687 814 3796 apposui
830 3704 1067 3766 consuetum.
