4320 5898
451 535 498 609 so
841 493 1035 608 rnocns
1062 529 1156 603 nus
1182 523 1481 601 rnurmnns.

449 690 633 782 gaverunt
656 690 818 761 certum,
847 691 975 749 tamen
995 700 1034 749 se
1054 698 1134 748 esse
1160 645 1381 773 dixitquod
1407 691 1540 768 eorum
1565 663 1725 742 alterum
1752 663 1873 740 dictus

380 865 383 874 ,
449 823 621 913 receptor
645 803 868 894 nominavit,
895 823 933 881 et
958 803 1029 909 ipsi
1053 801 1342 906 abnegaverunt.
1372 798 1483 887 Item,
1508 794 1602 872 dixit
1619 795 1725 900 quod
1746 811 1872 901 postea

447 938 618 1043 precepit
636 937 689 1013 eis
708 936 812 1043 quod
833 951 1011 1042 spuerent
1031 960 1145 1040 super
1167 931 1303 1008 dictam
1327 955 1494 1018 crucem,
1520 926 1608 1033 quia
1632 927 1704 1004 hoc
1726 942 1806 1003 erat
1825 926 1872 1001 de

448 1043 598 1175 punctis
619 1066 708 1144 dicti
729 1067 888 1155 ordinis,
918 1084 956 1143 et
973 1083 1065 1142 tunc
1084 1063 1155 1168 ipsi
1175 1061 1314 1168 recepti
1339 1075 1524 1166 spuerunt
1537 1058 1643 1166 juxta
1664 1084 1741 1132 nou
1762 1084 1874 1162 super

450 1197 588 1275 dictam
609 1225 775 1287 crucem;
804 1197 982 1303 premissa
1002 1194 1091 1272 lecit
1112 1193 1234 1270 dictus
1253 1192 1359 1270 testis
1379 1217 1444 1270 ore
1464 1217 1541 1266 non
1563 1188 1692 1275 corde,
1718 1187 1874 1264 credens

450 1328 552 1405 idem
572 1329 618 1404 de
645 1327 741 1418 aliis,
764 1344 918 1434 propter
941 1327 1045 1434 signa
1066 1324 1305 1431 displicencie
1326 1350 1399 1428 que
1429 1317 1714 1426 pretendebaut.
1738 1317 1876 1423 Requi·

450 1459 544 1536 situs
564 1459 649 1565 quis
662 1485 794 1535 eorum
812 1457 936 1563 primo
957 1455 1046 1533 lecit
1065 1455 1357 1561 abnegacionem
1374 1467 1412 1528 et
1425 1449 1657 1555 spuicionem
1672 1447 1871 1554 predictas,

451 1588 543 1664 dixit
561 1588 667 1694 quod
686 1587 879 1693 predictus
897 1586 1088 1702 lohannes
1112 1586 1161 1663 de
1184 1584 1364 1661 Noviomo
1384 1580 1457 1657 fuit
1476 1580 1620 1686 primus
1644 1579 1683 1654 iu
1704 1577 1874 1654 faciendo

451 1719 634 1824 predicta,
658 1720 793 1825 etipse
813 1719 920 1795 testis
940 1718 1145 1807 secundus,
1167 1734 1205 1792 et
1218 1715 1311 1792 alter
1330 1713 1519 1790 lohannes
1536 1711 1687 1789 tercius.
1710 1710 1877 1787 Postmo-

452 1849 545 1926 dum
567 1851 690 1927 dictus
710 1865 882 1961 receptor
901 1848 996 1925 dixit
1020 1847 1073 1924 eis
1091 1847 1212 1953 quod,
1235 1847 1263 1922 si
1291 1858 1531 1946 moverentur
1556 1841 1677 1920 calore
1697 1838 1872 1926 naturali,

452 1998 627 2084 poterant
647 1975 846 2057 carnaliter
868 1978 1100 2056 commisceri
1122 2005 1208 2054 cum
1229 1974 1406 2052 fratribus
1425 1973 1570 2052 ordinis
1590 1991 1628 2050 et
1648 1971 1703 2048 illi
1724 1999 1870 2058 secum,

450 2129 488 2185 et
504 2109 610 2216 quod
632 2137 733 2186 unus
757 2110 804 2185 de
828 2108 902 2186 alio
925 2107 1088 2185 debebat
1111 2107 1203 2214 pati,
1226 2107 1435 2183 secundum
1454 2121 1593 2211 puncta
1608 2102 1771 2190 ordinis3
1795 2103 1873 2206 ipse

449 2259 574 2318 tamen
594 2267 671 2316 non
694 2238 782 2315 lecit
800 2266 869 2316 nec
889 2236 961 2314 luit
982 2237 1201 2346 requisitus,
1222 2265 1292 2313 uec
1312 2236 1431 2315 credit
1452 2235 1559 2341 quod
1580 2233 1712 2312 fratres
1731 2233 1875 2310 ordinis

449 2387 641 2476 peccatum
656 2367 755 2447 illud
772 2369 1063 2446 committerent.
1081 2368 1229 2447 Deinde
1246 2366 1480 2473 precepiteis
1495 2364 1600 2472 quod
1616 2363 1875 2442 oscularentur

450 2529 537 2577 eum
557 2500 596 2576 in
614 2527 703 2587 auo;
723 2495 793 2604 ipsi
815 2514 942 2575 tamen
958 2527 1035 2575 nou
1058 2497 1211 2574 luerunt
1229 2525 1315 2574 eum
1331 2495 1425 2574 inibi
1442 2495 1615 2586 osculati,
1638 2493 1703 2571 sed
1725 2495 1874 2592 elevatis

449 2632 582 2736 pannis
603 2629 815 2736 predictum
835 2646 1068 2735 receptorem
1091 2627 1246 2706 luerunt
1261 2626 1418 2705 osculati
1441 2627 1481 2703 in
1504 2627 1609 2733 spina
1630 2624 1730 2702 dorsi
1754 2627 1871 2715 nuda,

450 2777 488 2836 et
500 2762 573 2838 boc
585 2758 770 2847 lecerunt,
783 2759 872 2866 quia
882 2758 976 2835 dixit
988 2759 1042 2836 eis
1056 2757 1162 2864 quod
1173 2775 1252 2834 erat
1268 2759 1314 2835 de
1328 2757 1477 2862 punctis
1490 2756 1644 2834 ordinis.
1660 2757 1874 2863 Requisitus

450 2891 534 2996 quis
550 2917 682 2966 eornm
699 2887 826 2994 primo*
838 2887 926 2965 lecit
942 2887 1113 2966 osculum
1130 2888 1404 2995 supradictum,
1420 2887 1616 2994 respondit
1631 2887 1737 2994 quod
1752 2887 1875 2964 dictus

449 3021 639 3098 lohannes
661 3019 708 3096 de
728 3018 912 3096 Noviomo
928 3019 1071 3126 primu,
1097 3019 1176 3125 ipse
1196 3021 1302 3096 testis
1320 3000 1489 3096 secundo
1512 3036 1550 3095 et
1574 3017 1668 3095 alter
1686 3020 1875 3096 lohannes

449 3151 586 3228 ultimo
609 3149 778 3228 lecerunt
802 3148 974 3227 osculum
996 3149 1265 3255 supradictum.
1293 3149 1508 3254 Requisitus
1535 3149 1564 3226 si
1590 3149 1659 3225 scit
1678 3149 1736 3226 vel
1757 3150 1875 3227 credit

330 3333 338 3348 .
451 3282 555 3389 quod
578 3280 641 3358 alii
661 3280 920 3386 reciperentur
937 3279 977 3355 iu
996 3279 1129 3356 ordine
1146 3308 1215 3385 per
1235 3281 1394 3358 modum
1410 3308 1476 3384 per
1498 3307 1586 3357 eum
1604 3279 1872 3369 consessatum,

451 3412 648 3520 respoudit
660 3439 700 3489 se
716 3411 880 3503 nescire,
896 3411 984 3518 quia
999 3439 1077 3488 non
1091 3410 1183 3489 vidit
1198 3401 1345 3517 aliquos
1356 3411 1448 3488 alios
1463 3411 1597 3517 recipi;
1618 3411 1738 3488 credit
1748 3429 1873 3488 tamen

451 3543 555 3650 quod
576 3542 637 3619 alii
659 3542 913 3620 communiter
932 3542 1189 3648 reciperentur
1206 3542 1245 3617 in
1264 3542 1398 3618 ordine
1422 3543 1517 3618 sicut
1540 3569 1578 3618 se
1605 3559 1643 3618 et
1662 3539 1755 3619 alios
1779 3543 1875 3620 duos

451 3673 627 3781 deposuit
655 3672 768 3752 luisse
793 3691 975 3780 receptos.
1001 3672 1133 3752 Credit
1155 3673 1412 3751 ecclesiasticis
1439 3673 1694 3761 sacramentis3
1720 3675 1876 3752 credens

450 3807 566 3882 eciam
584 3804 689 3910 quod
707 3805 770 3882 alii
786 3803 1002 3892 crederent,
1021 3822 1057 3880 et
1072 3805 1178 3910 quod
1192 3833 1324 3882 eorum
1344 3804 1555 3882 sacerdotes
1569 3802 1696 3881 debite
1713 3804 1876 3883 celebra-

450 3953 550 4012 rent.
573 3935 704 4013 Statim
728 3933 963 4012 habebantur
983 3962 1053 4040 pro
1072 3935 1258 4040 professis.
1288 3937 1538 4043 Recepciones
1559 3934 1702 4014 fiebant
1727 3935 1877 4013 claude-

450 4065 563 4154 stine,
584 4064 726 4143 scilicet
748 4063 862 4142 nullis
881 4064 1118 4170 presentibus
1137 4067 1209 4145 nisi
1227 4065 1406 4144 fratribus
1426 4066 1586 4156 ordinis,
1609 4097 1651 4143 ex
1667 4096 1744 4174 quo
1758 4069 1877 4145 credit

451 4196 557 4302 quod
587 4214 684 4275 esset
710 4196 807 4274 mala
836 4196 997 4302 suspicio
1025 4215 1152 4274 contra
1183 4226 1258 4276 eos.
1289 4196 1467 4276 Cordulis
1496 4197 1741 4306 cingebantur
1765 4228 1877 4306 super

453 4326 637 4418 camisias,
659 4355 751 4433 quas
770 4326 1001 4433 recipiebant
1022 4328 1125 4405 unde
1147 4327 1335 4407 volebant.
1362 4331 1577 4439 Iujunctum
1599 4327 1670 4406 fuit
1697 4330 1750 4408 eis
1773 4330 1879 4438 quod

452 4484 529 4533 non
549 4457 759 4536 revelarent
774 4474 915 4534 secreta
935 4456 1203 4564 capitulorum,
1221 4477 1259 4536 et
1276 4460 1347 4538 sub
1368 4459 1441 4537 boc
1461 4459 1723 4538 continebatur
1742 4461 1878 4540 modus

451 4587 697 4693 recepcionis‚
715 4606 753 4665 et
767 4589 832 4695 qui
845 4588 1071 4668 revelassent
1085 4589 1244 4670 luissent
1257 4591 1398 4698 puniti,
1414 4592 1532 4670 nescit
1543 4591 1714 4699 qualiter.
1732 4591 1878 4670 Fratres

451 4717 612 4796 scientes
633 4745 779 4796 errores
799 4718 988 4824 predictos
1008 4720 1238 4831 negligentes
1258 4720 1411 4800 suerunt
1430 4723 1613 4831 quianon
1637 4743 1879 4802 correxerunt

451 4878 515 4928 eos
534 4877 604 4928 nec
626 4849 947 4929 denunciaverunt
966 4851 1143 4933 Ecclesie.
1168 4854 1403 4934 Elemosinas
1420 4870 1459 4932 et
1478 4853 1769 4963 hospitalitatem
1789 4855 1878 4933 vidit
