4486 5890
760 529 954 624 esoces
979 549 1074 622 nas
1100 549 1402 624 runrurnas
1725 558 1795 630 rso

371 693 533 770 militem
568 691 787 798 quondam,
822 707 1080 796 preceptorem
1110 707 1203 768 tunc
1233 691 1332 770 dicte
1370 691 1528 782 demus,
1558 695 1798 800 presentibus
1928 688 1935 706 ’

371 823 548 902 fratribus
575 821 773 930 Aymerico
798 819 879 899 tlda
905 820 1132 928 presbitem‚
1164 821 1390 929 Bercngario
1418 823 1469 902 de
1491 824 1615 930 Rogas
1640 842 1677 904 et
1702 828 1795 934 Ray·
1875 923 1880 936 Ι

242 1051 248 1059 .
371 955 520 1034 mundo
540 953 686 1032 Palcort
706 951 908 1045 militibus,
931 951 1148 1044 deffunctis,
1170 969 1209 1030 et
1227 951 1455 1060 quibusdam
1484 953 1568 1034 aliis
1590 955 1797 1065 dequibus

371 1113 449 1164 non
477 1083 625 1173 recolit,
645 1083 688 1159 in
708 1083 811 1160 hunc
836 1083 994 1160 modum
1019 1111 1138 1160 :nam
1165 1112 1253 1161 cum
1282 1084 1561 1191 requisivissent
1580 1086 1796 1166 societatem

373 1215 536 1306 ordinis,
558 1232 597 1291 et
623 1213 834 1292 deliberato
866 1212 1023 1292 consssio
1053 1212 1219 1291 finaliter
1237 1216 1293 1292 eis
1311 1215 1575 1306 concessisset,
1595 1234 1634 1294 et
1650 1216 1799 1296 lecisset

371 1373 438 1424 eos
459 1373 590 1453 mgare
614 1347 739 1424 Deum
764 1359 802 1421 et
821 1343 969 1420 beatam
992 1345 1147 1422 Mariam
1174 1346 1241 1451 qni
1262 1345 1467 1454 dirigerent
1488 1371 1572 1438 eos,
1600 1364 1639 1426 et
1657 1351 1797 1453 presci-

350 1479 482 1559 ,esset
502 1475 548 1553 ab
576 1475 632 1554 sis
657 1503 726 1582 per
749 1473 1010 1581 juramentum
1036 1473 1142 1580 quod
1167 1501 1244 1552 non
1276 1492 1382 1552 erant
1410 1477 1670 1566 matrimoeiO,
1691 1477 1796 1556 alteri

369 1607 544 1715 religioni
562 1605 621 1686 vel
642 1605 875 1712 debitisque
897 1605 1040 1684 solvere
1060 1633 1138 1682 non
1153 1621 1306 1710 possent
1327 1605 1499 1713 obligati,
1519 1635 1589 1686 nec
1606 1607 1797 1686 habebant

370 1737 610 1816 infirmitates
628 1737 805 1827 latentes,
833 1735 924 1814 lecit
943 1763 1008 1812 eos
1026 1763 1159 1814 vovere
1180 1753 1219 1812 et
1238 1737 1365 1845 jurare
1393 1765 1507 1844 super
1525 1739 1729 1845 quemdam
1749 1737 1795 1814 li·

369 1870 482 1947 brom
504 1869 729 1960 castitatem,
751 1865 1031 1957 obedienciam,
1054 1883 1092 1943 et
1109 1868 1232 1944 vivere
1260 1867 1340 1944 sinc
1361 1867 1533 1974 proprio,
1550 1885 1588 1946 et
1603 1868 1711 1975 quod
1725 1897 1795 1948 suo

369 2025 476 2103 posse
494 2013 685 2074 seruarent
704 1995 838 2072 fratres
862 2011 900 2072 et
918 1996 1019 2072 bona
1039 1996 1203 2083 ordinis,
1222 2013 1260 2072 et
1278 1999 1385 2103 quod
1409 2026 1488 2076 non
1513 1998 1722 2076 revelarent
1740 2027 1796 2076 se·

368 2145 467 2204 creta
489 2126 760 2233 capitulorum,
779 2143 818 2202 et
836 2140 1026 2206 servarent
1043 2122 1167 2202 bonos
1194 2152 1283 2204 usus
1304 2143 1342 2203 et
1360 2124 1479 2202 bonas
1500 2127 1795 2206 consuetudines

369 2258 531 2344 ordinis;
556 2274 594 2336 et
614 2257 795 2364 imposuit
815 2257 869 2338 eis
888 2255 1089 2334 mantellos
1108 2255 1271 2332 dicendo
1287 2253 1475 2364 pselnuun
1495 2255 1595 2335 Ecce
1613 2285 1716 2359 quom
1737 2261 1795 2334 lto-

369 2417 465 2476 nunt,
490 2405 528 2466 et
548 2389 651 2466 dicto
668 2387 877 2496 presbitero
906 2387 1055 2464 dicente
1083 2385 1265 2492 quasdam
1292 2386 1485 2464 oraciones
1510 2402 1550 2462 et
1574 2405 1793 2496 aspergente

369 2547 504 2626 aquam
529 2519 766 2598 benedictam
796 2545 910 2624 super
939 2545 1023 2604 eos,
1037 2579 1038 2586 κ
1053 2534 1090 2594 et
1119 2543 1254 2594 omnes
1283 2533 1445 2594 anantes
1475 2516 1632 2596 lucrum
1648 2543 1712 2596 eos
1734 2545 1794 2595 os·

368 2648 481 2726 culati
512 2651 651 2727 inore.
680 2647 929 2727 Postmodum
964 2645 1074 2725 allata
1100 2646 1218 2724 nescit
1247 2673 1462 2752 perquem
1492 2645 1656 2752 quadam
1683 2674 1794 2724 onice

368 2778 580 2870 metallina,
603 2780 645 2856 in
670 2805 742 2887 qua
775 2804 853 2855 non
880 2777 974 2854 vidit
993 2777 1207 2884 ymaginem
1239 2776 1439 2868 Crueiliai,
1461 2777 1500 2854 in
1528 2793 1628 2856 terra
1655 2777 1791 2884 posita,

368 2911 536 3015 precepit
557 2911 610 2986 eis
629 2910 734 3016 quod
753 2923 932 3015 spuerent
947 2935 1060 3014 super
1079 2933 1184 2998 eam,
1211 2923 1249 2984 et
1267 2907 1349 3013 ipse
1366 2908 1474 2985 testis
1489 2907 1608 3015 spuit,
1629 2924 1666 2986 et
1688 2925 1793 3014 post-

369 3041 528 3117 modum
551 3040 673 3117 dictus
701 3039 962 3144 Raymundus3
994 3055 1178 3143 spuerunt
1195 3066 1273 3114 non
1302 3067 1416 3143 super
1434 3039 1503 3116 sed
1527 3039 1632 3145 juxta
1653 3038 1792 3118 dietam

367 3191 535 3252 crucem,
558 3164 648 3271 quis
667 3167 760 3242 dixit
776 3167 880 3271 quod
901 3167 1068 3272 predicta
1089 3184 1195 3244 erant
1215 3167 1264 3244 de
1283 3169 1436 3274 punctis
1453 3169 1615 3257 ordinis,
1636 3185 1675 3246 et
1688 3170 1792 3274 quod

367 3296 577 3374 secundum
606 3322 648 3372 aa
665 3312 840 3402 poterant
863 3294 1060 3372 eamrliter
1079 3295 1316 3377 commisceri
1340 3296 1423 3374 aliis
1441 3296 1620 3378 fratribus
1647 3299 1792 3378 ordinis

367 3441 405 3502 et
420 3407 503 3532 ipsi
513 3451 598 3502 eum
622 3427 693 3516 eis,
714 3425 788 3502 hoc
810 3440 939 3500 tameo
958 3451 1035 3502 nou
1052 3423 1141 3502 lecit
1155 3424 1235 3530 ipse
1254 3426 1380 3517 tastis,
1402 3453 1473 3504 nac
1492 3428 1612 3506 credit
1626 3429 1730 3533 quod
1750 3429 1789 3504 in

367 3555 501 3632 ordiam
517 3555 639 3634 fieret.
655 3555 827 3660 Preeepit
847 3553 964 3631 eciam
986 3555 1107 3632 dictus
1131 3572 1303 3661 receptor
1330 3557 1385 3634 eis
1410 3557 1517 3665 quod
1531 3557 1792 3638 oscularentur

368 3713 455 3763 eum
483 3687 522 3764 in
541 3715 613 3763 ano
634 3702 671 3763 et
698 3686 737 3762 in
762 3683 961 3772 umbilico,
993 3684 1120 3791 stipsi
1141 3685 1297 3763 osculati
1330 3684 1484 3766 suerum
1512 3716 1603 3768 eum
1630 3688 1671 3768 in
1702 3717 1792 3768 anca

368 3831 405 3890 et
434 3815 620 3896 umbilico
645 3843 758 3924 super
777 3843 927 3894 earnem
960 3815 1118 3905 nudam,
1142 3834 1181 3892 et
1198 3816 1319 3894 credit
1344 3818 1448 3924 quod
1468 3817 1632 3925 predicta
1663 3817 1792 3896 illicita

366 3964 405 4022 et
435 3975 514 4025 non
534 3947 603 4025 alia
634 3945 905 4024 intervenirent
930 3947 1182 4024 communiter
1208 3963 1246 4024 ct
1274 3949 1418 4054 ubique
1439 3949 1479 4026 in
1508 3948 1792 4056 receptionibus

366 4075 529 4153 aliorum
557 4076 715 4154 fratrum
746 4076 907 4167 ordinis,
929 4077 1017 4182 qnia
1045 4075 1139 4154 vidit
1171 4105 1241 4183 per
1267 4077 1446 4156 eumdem
1481 4079 1640 4158 modum
1674 4079 1790 4186 recipi

366 4185 517 4284 lmtrem
556 4207 797 4286 Bernandum
831 4205 880 4283 de
899 4208 990 4284 Bort
1015 4206 1198 4297 militem,
1242 4209 1308 4314 qui
1342 4207 1488 4315 aufugit
1530 4209 1570 4286 in
1614 4209 1792 4315 capcione

365 4338 546 4432 aliorum,
584 4339 625 4416 in
659 4338 756 4415 dicta
787 4335 945 4442 capella,·
980 4352 1070 4414 sunt
1096 4336 1244 4414 circiter
1281 4354 1367 4416 octo
1401 4339 1506 4429 anni,
1536 4365 1605 4445 per
1638 4338 1791 4422 barrem

297 4495 302 4500 ·
365 4470 599 4548 Bemardum
629 4471 677 4546 de
705 4469 831 4546 llocba
863 4467 1022 4543 militem
1050 4465 1261 4556 Provincie,
1285 4485 1548 4574 preceptorem
1562 4469 1790 4584 lentiscis,

365 4600 430 4705 qui
466 4599 673 4689 detinetur,
708 4615 752 4675 ut
786 4598 922 4686 credit,
955 4597 1052 4674 ultra
1087 4596 1304 4684 Rodanum,
1341 4598 1580 4704 presentibus
1615 4597 1793 4677 fratribus

366 4729 560 4806 bernarde
590 4727 804 4810 Ginebeudi
839 4727 976 4818 milite,
1012 4743 1232 4834 preceptore
1265 4726 1362 4804 dicte
1395 4727 1555 4820 domus,
1585 4725 1792 4806 Guillelmo

369 4859 467 4934 lloca
500 4873 539 4934 et
569 4857 793 4964 Raymundo
817 4857 969 4934 Penaria
996 4855 1260 4948 servientibus,
1281 4856 1455 4934 ‘detentis
1486 4857 1588 4963 apud
1619 4858 1729 4936 Naiae
1751 4858 1789 4934 in
