4210 5882
429 552 502 626 aas
818 531 1015 624 esoces
1041 549 1137 621 nus
1162 546 1458 620 rennuens.

429 677 543 770 suum'
558 689 662 798 quod
677 691 881 768 inhibitum
897 689 969 769 fuit
984 691 1054 768 sibi
1073 719 1121 767 ne
1139 690 1326 768 habitaret
1346 715 1430 766 cum
1445 685 1685 780 mulieribus,
1707 705 1771 768 aut
1785 688 1851 765 ali-

426 822 530 928 quod
551 821 745 900 servicium
763 821 810 899 ab
829 821 883 898 eis
899 821 1096 928 acciperet,
1112 840 1149 898 et
1164 820 1375 928 injunctum
1392 817 1464 898 fuit
1483 817 1555 897 sibi
1576 820 1680 926 quod
1699 821 1730 898 si
1751 819 1849 898 calor

427 953 605 1031 naturalis
624 969 792 1029 moveret
807 981 912 1043 eum,
930 952 1034 1059 quod
1046 951 1307 1030 commisceret
1325 977 1364 1028 se
1385 950 1658 1029 cumfratribus
1679 951 1768 1028 dicti
1789 979 1850 1028 or-

429 1083 543 1174 dinis,
565 1101 602 1162 et
622 1084 694 1162 boc
705 1083 751 1160 ab
768 1082 850 1160 aliis
863 1099 1066 1189 pateretur.
1083 1081 1298 1188 Requisitus
1313 1097 1441 1158 utrum
1454 1080 1547 1158 vidit
1561 1080 1707 1188 aliquos
1719 1081 1849 1160 iratres

428 1213 558 1318 recipi,
588 1211 682 1289 dixit
698 1212 802 1318 quod
827 1213 879 1289 sic
898 1241 1034 1302 unum,
1062 1229 1100 1289 ct
1123 1211 1217 1288 vidit
1236 1212 1342 1318 quod
1359 1227 1532 1318 receptus
1556 1208 1628 1289 fuit
1653 1239 1723 1317 per
1741 1211 1846 1288 illum

428 1343 583 1420 modum
606 1371 675 1448 per
694 1371 808 1449 quem
823 1342 915 1419 dixit
939 1371 978 1420 se
1005 1341 1119 1420 luisse
1139 1359 1349 1447 receptum,
1371 1358 1523 1448 excepto
1539 1340 1644 1446 quod
1661 1369 1740 1420 non
1759 1341 1849 1420 vidit

428 1472 522 1578 quid
539 1472 675 1548 factum
700 1473 772 1548 luit
791 1472 860 1548 sibi
883 1473 921 1548 in
947 1471 1183 1561 abscondit03
1216 1488 1253 1548 et
1271 1471 1365 1548 dixit
1382 1499 1451 1577 per
1461 1474 1716 1579 juramentum
1737 1501 1847 1550 suum

427 1601 658 1708 quodcredit
667 1602 770 1707 quod
784 1629 914 1680 omnes
930 1601 992 1678 alii
1003 1600 1133 1678 iratres
1146 1601 1193 1678 de
1210 1601 1343 1678 ordine
1357 1602 1470 1679 simili
1481 1601 1596 1680 modo
1610 1602 1845 1708 recipiantur,

427 1731 516 1838 quia
531 1760 608 1810 non
628 1731 748 1808 credit
762 1730 866 1837 quod
884 1759 1003 1808 novus
1018 1731 1156 1808 modus
1177 1729 1294 1810 factus
1308 1729 1439 1808 fuisset
1452 1759 1521 1837 pro
1538 1758 1596 1809 eo.
1615 1732 1718 1810 Dixit
1733 1733 1845 1810 eciam

425 1890 493 1968 per
508 1861 766 1968 juramentum
784 1889 894 1938 suum
913 1849 1115 1967 requisitus
1135 1860 1241 1967 quod
1261 1860 1299 1937 in
1319 1889 1386 1938 sua
1407 1860 1645 1966 deposicione
1667 1863 1845 1951 vi,·metu

426 1992 580 2070 carceris
603 1991 661 2068 vel
686 2007 977 2080 tormentorum,
1000 1989 1058 2066 vel
1085 1989 1155 2066 alia
1175 2017 1412 2096 quacumque
1433 1990 1481 2068 de
1501 2018 1626 2080 causa,
1648 2018 1726 2069 non
1756 1991 1846 2068 dixit

426 2122 484 2200 vel
504 2123 709 2200 immiscuit
735 2119 946 2210 salsitatem,
970 2121 1038 2198 sed
1063 2119 1169 2227 quod
1187 2147 1318 2225 puram
1339 2137 1377 2197 et
1395 2121 1577 2230 integram
1593 2119 1736 2199 dixerat
1754 2122 1845 2198 veri·

424 2269 549 2331 tatem.

480 2518 571 2592 Item
585 2514 698 2593 frater
710 2515 896 2593 lohannes
914 2515 961 2592 de
981 2515 1150 2604 Bersees,
1172 2515 1277 2592 etatis
1288 2541 1347 2594 xxi
1361 2541 1564 2602 annorum,
1581 2541 1730 2592 morans
1746 2516 1841 2620 apud

422 2645 624 2722 Feritatem
638 2644 829 2733 Galcheri,
848 2643 982 2721 eodem
993 2643 1110 2722 modo
1119 2644 1282 2751 juratus,
1300 2645 1523 2722 constitutus
1533 2645 1836 2752 etinterrogetus,

422 2775 513 2852 dixit
533 2805 602 2881 per
613 2776 870 2883 juramentum
891 2801 1002 2850 suum
1022 2772 1126 2878 quod
1145 2789 1317 2879 receptus
1342 2773 1414 2852 luit
1437 2775 1477 2850 in
1498 2774 1613 2852 domo
1634 2773 1681 2850 de
1701 2773 1839 2880 Campo

421 2904 579 2995 Florito,
607 2934 675 3013 per
695 2904 846 2983 fratrem
871 2902 1080 2981 Gerardum
1103 2902 1149 2980 de
1169 2901 1371 2982 Villaribus
1393 2920 1651 3010 preceptorem
1669 2904 1835 2994 Francis,

421 3062 458 3114 1x
484 3053 572 3113 sunt
600 3063 748 3113 menses
781 3034 840 3111 vel
865 3032 959 3110 circa
984 3032 1114 3139 elapsi,
1145 3033 1383 3140 presentibus
1413 3033 1524 3112 fratre
1557 3035 1758 3113 Lamberto
1794 3036 1837 3112 de

420 3166 541 3256 Toisi,
563 3165 674 3244 fraus
692 3164 862 3242 Jobanne
888 3180 1105 3272 preceptore
1127 3163 1174 3242 de
1195 3163 1354 3255 Trelou,
1379 3180 1417 3242 et
1436 3165 1660 3272 quibusdam
1688 3165 1768 3244 aliis
1793 3167 1836 3243 de

419 3325 585 3402 quorum
603 3295 820 3374 nominibus
838 3323 916 3374 non
937 3294 1079 3372 recolit.
1105 3295 1208 3374 Dixit
1232 3296 1348 3372 eciam
1368 3323 1435 3402 per
1449 3297 1709 3402 juramentum
1729 3323 1836 3374 suum

419 3430 539 3535 quod,
560 3442 646 3534 post
664 3426 800 3504 multas
806 3426 1086 3540 promissiones
1101 3426 1147 3504 de
1163 3426 1309 3504 statutis
1324 3445 1361 3504 et
1379 3427 1530 3504 secretis
1549 3426 1694 3504 ordinis
1713 3425 1837 3505 obser-

419 3557 545 3636 vandis
565 3559 672 3636 abeo
692 3557 820 3647 lactas,
837 3556 992 3662 quidam
1005 3555 1129 3645 frater,
1152 3557 1199 3632 de
1220 3557 1326 3663 cujus
1344 3557 1498 3634 nomine
1514 3585 1591 3636 non
1609 3557 1832 3645 recordatur,

418 3690 599 3795 eportavit
618 3687 690 3766 sibi
709 3686 911 3794 quamdam
926 3715 1076 3792 parvam
1095 3713 1246 3764 crucem
1267 3687 1314 3764 de
1330 3685 1447 3794 ligno,
1466 3703 1504 3764 et
1515 3705 1606 3766 tunc
1624 3686 1747 3766 dictus
1768 3686 1835 3764 lra-

417 3837 475 3896 ter
488 3818 678 3898 Gerardus
692 3817 820 3925 petivit
835 3816 882 3896 ab
896 3845 940 3894 eo
956 3834 1085 3895 utrum
1101 3817 1271 3897 crederet
1288 3817 1326 3895 in
1343 3846 1432 3896 eum
1447 3817 1513 3926 qui
1526 3846 1656 3925 passus
1667 3817 1786 3895 fuerat
1797 3818 1834 3892 in

418 3949 515 4027 dicta
536 3978 663 4038 cruce,
693 3965 730 4026 et
757 3949 836 4054 ipse
863 3946 956 4024 dixit
975 3947 1080 4053 quod
1108 3948 1171 4024 sic.
1199 3949 1247 4026 Et
1263 3965 1355 4026 tunc
1374 3948 1495 4026 dictus
1521 3948 1634 4026 irater
1655 3947 1747 4025 dixit
1767 3946 1832 4024 sibi

417 4081 522 4185 quod
541 4079 637 4156 male
653 4077 841 4167 credebat,
871 4093 908 4156 et
926 4077 1031 4182 quod
1046 4076 1207 4155 debebat
1225 4077 1377 4156 credere
1398 4077 1637 4157 solummodo
1655 4080 1694 4154 in
1713 4079 1833 4156 Deum

416 4209 666 4315 superiorem,
684 4223 722 4286 et
736 4224 865 4313 postea
884 4207 1050 4314 precepit
1061 4207 1132 4285 sibi
1147 4209 1418 4314 quodlbesum
1432 4209 1622 4288 Christum
1635 4208 1833 4315 abnegaret

304 4349 308 4356 ’
414 4359 484 4431 ter,
505 4358 541 4418 et
555 4343 715 4447 spueret
726 4369 837 4445 supra
851 4367 1001 4416 crucem
1014 4355 1083 4429 ter,
1100 4340 1189 4447 quia
1204 4339 1287 4419 talis
1302 4357 1381 4419 erut
1393 4341 1531 4420 modus
1548 4339 1708 4428 ordinis,
1725 4355 1768 4416 ut
1778 4337 1833 4414 di-

415 4471 532 4549 cebat.
547 4473 595 4547 Et
606 4487 713 4560 tunc,
732 4469 779 4546 de
798 4487 974 4575 precepto
991 4469 1079 4547 dicti
1099 4469 1327 4577 recipientis,
1344 4473 1500 4550 Jhesum
1516 4470 1708 4550 Christum
1718 4469 1832 4562 abne-

412 4601 510 4710 g'avit
528 4618 598 4690 ter,
619 4628 684 4677 ore
704 4616 743 4677 et
762 4627 840 4678 non
862 4601 990 4690 corde,
1021 4618 1060 4678 et
1084 4599 1191 4677 finxit
1209 4630 1342 4707 spuere
1361 4620 1419 4680 ter
1441 4631 1551 4708 supra
1576 4628 1743 4688 crucem,
1766 4597 1832 4676 sed

413 4749 538 4810 temen
560 4728 656 4807 nihil
675 4729 810 4807 cecidit
828 4759 940 4836 supra
957 4759 1051 4808 eam.
1072 4733 1321 4841 Interrogatus
1340 4734 1387 4810 dc
1407 4731 1552 4822 osculo,
1577 4729 1669 4808 dixit
1688 4758 1757 4836 per
1772 4728 1834 4834 ju-

413 4879 625 4941 ramentum
640 4889 753 4939 suum
764 4862 869 4968 quod
880 4861 1000 4940 dictus
1017 4862 1199 4970 recipiens
1214 4865 1381 4970 precepit
1394 4864 1464 4942 sibi
1475 4863 1578 4971 quod
1598 4860 1831 4942 oscularetur
