4208 5886
393 547 468 619 res
771 517 966 612 rnocts
997 535 1094 610 nas
1124 535 1432 612 renarrem.

392 711 558 770 crucem,
575 681 642 760 sed
658 681 782 758 Deum
796 678 920 756 noluit
929 677 1114 784 abnegare
1125 707 1134 754 z
1147 694 1184 753 et
1197 676 1288 756 dum
1305 679 1357 756 sic
1370 677 1658 766 contenderent,
1678 697 1716 756 et
1728 709 1812 784 pre-

391 812 489 890 dicta
509 812 830 892 comminarentur
848 808 991 896 eidem,
1010 805 1175 912 prefatus
1192 827 1376 915 receptor,
1394 807 1642 888 contencione
1664 811 1809 902 audita,

390 946 654 1051 superveniens
675 961 712 1020 et
731 943 874 1019 intrans
897 966 1098 1030 cameram,
1120 940 1288 1046 precepit
1314 939 1419 1047 quod
1444 940 1679 1018 dimitterent
1707 971 1811 1019 eum.

390 1073 470 1151 Alia
486 1075 616 1152 illicita
635 1101 712 1150 non
732 1073 1014 1149 intervenerunt
1032 1068 1072 1144 iu
1094 1068 1192 1146 dicta
1217 1099 1283 1146 sna
1309 1070 1530 1176 recepcione
1555 1099 1626 1148 nec
1647 1089 1750 1177 post,
1774 1090 1813 1152 et

389 1203 648 1310 quianullum
671 1201 787 1278 alium
814 1200 908 1277 vidit
924 1198 1040 1304 recipi
1065 1225 1136 1275 nec
1167 1199 1339 1276 interfuit
1365 1199 1538 1306 capitulis
1563 1203 1808 1293 eorumdem,

389 1333 508 1410 nescit
527 1334 556 1411 si
578 1334 644 1409 ista
665 1331 723 1408 vel
743 1331 812 1407 alia
826 1327 1126 1406 interveniebant
1144 1331 1397 1407 communiter
1411 1347 1450 1408 et
1464 1330 1608 1436 ubique
1628 1331 1667 1406 in
1688 1361 1811 1438 recep

388 1462 559 1540 cionibus
574 1461 736 1539 aliorum
750 1460 809 1537 vel
827 1475 934 1565 post3
954 1458 1072 1536 nescit
1084 1458 1188 1564 quod
1208 1487 1322 1566 super
1340 1459 1413 1538 hoc
1433 1460 1570 1538 credat.
1588 1461 1698 1550 Item,
1718 1462 1811 1540 dixit

386 1593 491 1696 quod
510 1593 606 1668 iufra
626 1591 829 1668 dimidium
842 1617 984 1666 annum
1005 1589 1260 1694 arecepcione
1277 1619 1344 1668 sua
1360 1589 1433 1668 luit
1453 1591 1500 1668 de
1520 1591 1700 1696 predictis
1719 1621 1811 1670 con·-

386 1721 504 1799 lessus
524 1723 681 1800 domino
698 1723 873 1827 episcopo
893 1719 1091 1808 Tarvensi,
1112 1720 1152 1794 in
1172 1719 1326 1798 ecclesia
1344 1722 1482 1800 domus
1490 1722 1639 1827 Templi
1655 1722 1702 1798 de
1716 1725 1808 1800 Eor-

388 1852 506 1930 dellas
526 1851 684 1929 diocesis
703 1850 914 1940 Turrensis,
933 1850 998 1956 qui
1018 1849 1066 1926 ad
1086 1848 1224 1926 dictam
1240 1851 1434 1928 ecclesiam
1448 1853 1669 1928 visitandam
1685 1881 1808 1931 acces-

386 2000 500 2070 serat,
518 2000 556 2060 et
576 1981 647 2058 luit
667 1980 860 2058 absolutus
878 1979 924 2056 ab
942 2007 1003 2056 eo.
1025 1980 1138 2067 Item,
1161 1979 1254 2056 dixit
1272 1982 1379 2087 quod
1404 1982 1482 2087 ipse
1505 1981 1603 2060 bene
1629 1983 1807 2062 credebat

387 2111 640 2189 ecclesiasticis
659 2110 917 2199 sacramentis,
943 2109 1099 2186 credens
1123 2111 1231 2214 qnod
1255 2110 1318 2187 alii
1344 2110 1475 2190 iratres
1500 2112 1645 2190 ordinis
1668 2114 1806 2190 eodem

385 2241 501 2319 modo
514 2242 727 2330 crederent,
741 2257 779 2316 et
792 2240 897 2346 quod
913 2269 1044 2318 eorum
1065 2241 1277 2318 sacerdotes
1293 2241 1420 2320 debite
1435 2241 1678 2320 celebrarent.
1694 2243 1806 2322 Clan-

385 2371 529 2449 destine
557 2370 843 2478 recipiebantur,
866 2369 982 2450 nullis
1005 2369 1244 2475 presentibus
1269 2371 1340 2448 nisi
1368 2371 1545 2450 fratribus
1574 2373 1735 2462 ordinis,
1763 2402 1807 2448 ex

384 2528 461 2606 quo
482 2501 601 2578 credit
615 2500 722 2606 qnod
738 2516 834 2578 esset
851 2499 947 2578 mala
963 2500 1127 2604 suspicio
1145 2517 1274 2578 contra
1288 2527 1365 2578 eos.
1387 2501 1565 2579 Cordulis
1584 2502 1685 2578 unde
1702 2503 1804 2580 vole-

382 2630 475 2706 bant
493 2631 693 2735 assumptis
713 2631 959 2735 cingebantur
977 2657 1090 2735 supcr
1109 2631 1278 2708 camisias
1295 2659 1381 2708 cum
1406 2631 1545 2737 quibus
1558 2630 1733 2738 jacebant
1756 2632 1805 2710 ad

383 2761 686 2868 restringendum
707 2789 847 2838 carnes.
864 2759 1015 2838 Audiuit
1035 2761 1107 2838 dici
1120 2763 1226 2867 quod
1245 2763 1312 2867 qui
1328 2761 1530 2840 revelasset
1547 2777 1686 2840 secreta
1707 2762 1805 2866 cepi-

383 2889 581 2980 tuborum,
597 2891 822 2996 perdidisset
840 2892 1009 2970 domum.
1027 2892 1065 2970 si
1082 2893 1148 2997 qui
1166 2911 1273 2970 erant
1287 2891 1418 2971 lratres
1432 2892 1750 2970 ordinisscientes
1763 2893 1803 2968 in

383 3047 429 3097 co
456 3049 536 3100 esse
556 3050 702 3102 errores
725 3022 882 3102 luerunt
906 3021 1154 3132 negligentes,
1174 3025 1262 3130 quia
1289 3051 1367 3102 non
1395 3041 1638 3102 correxerunt
1652 3053 1718 3101 eos
1734 3049 1804 3101 nee

383 3151 703 3230 denunciaverunt
721 3151 896 3232 Ecclesie.
913 3153 1166 3233 Elemosinam
1192 3170 1230 3230 et
1249 3155 1541 3257 hospitalitatem
1560 3154 1655 3230 vidit
1668 3181 1803 3232 conve-

381 3282 626 3360 nienterfieri
646 3299 684 3360 et
703 3283 838 3360 servari
851 3283 892 3358 in
907 3281 1084 3363 domibus
1104 3282 1249 3363 ordinis
1263 3284 1302 3359 in
1325 3283 1465 3388 quibus
1479 3281 1617 3359 exstitit
1635 3307 1805 3358 commo-

381 3428 494 3490 ratus.
512 3411 663 3490 rludivit
684 3413 756 3492 dici
777 3413 882 3518 quod
902 3441 1034 3496 eorum
1051 3412 1227 3519 capitalia
1251 3413 1346 3493 clam
1366 3412 1602 3493 tenebantur.
1621 3409 1802 3488 Ordinata

380 3569 447 3646 per
461 3543 680 3650 Magistrum
691 3571 777 3622 cunr
798 3561 984 3624 conventu
1004 3560 1182 3620 servasset
1200 3542 1423 3631 totusordo,
1435 3557 1563 3620 contra
1576 3569 1802 3646 qnemnunc

380 3689 532 3778 propter
552 3673 721 3778 predicta
744 3673 899 3782 grandia
918 3673 1109 3764 scandale,
1130 3673 1293 3778 suspicio
1314 3690 1352 3750 et
1371 3671 1524 3751 infamia
1550 3690 1640 3748 sunt
1658 3687 1800 3762 exorta3

379 3831 457 3882 non
472 3803 551 3883 luit,
561 3803 657 3882 ultra
673 3831 797 3893 mare,
821 3820 858 3880 et
879 3801 1068 3882 obtulerat
1087 3831 1125 3888 se
1139 3803 1188 3880 ad
1208 3803 1480 3888 deffensionem
1498 3802 1652 3880 ordinis.

392 3988 395 3998 ·
435 3933 650 4038 Requisitus
663 3935 693 4011 si
707 3935 760 4012 sic
775 3935 1001 4039 deposuerat
1012 3961 1138 4040 prece,
1152 3951 1347 4038 precepto,
1362 3934 1516 4024 timore,
1529 3957 1676 4022 amore,
1693 3931 1798 4021 odio,

379 4061 438 4138 vel
451 4063 650 4167 temporali
666 4065 828 4142 comodo
843 4063 973 4142 habito
988 4063 1047 4142 vel
1064 4064 1262 4150 habendo,
1283 4063 1479 4170 respoudit
1490 4062 1597 4171 quod
1616 4089 1712 4152 non,
1729 4060 1800 4138 sed

379 4219 449 4297 pro
469 4193 621 4272 veritate
643 4193 821 4283 dicenda;
844 4195 903 4275 cui
928 4192 1000 4274 fuit
1018 4195 1230 4302 injunctum
1255 4194 1361 4300 quod
1388 4220 1464 4272 non
1479 4192 1673 4270 'revelaret
1706 4193 1800 4268 banc

379 4351 486 4400 suam
506 4324 804 4431 deposicionem,
823 4353 1022 4434 quousque
1043 4327 1302 4406 attestaciones
1317 4325 1458 4402 luerint
1475 4325 1677 4431 publicata.

435 4587 563 4664 Frater
595 4589 822 4668 Bertrandus
843 4589 968 4668 Guasc
989 4589 1176 4678 serviens,
1204 4588 1456 4698 Ruthenensis
1481 4587 1663 4678 diocesis,
1684 4587 1800 4664 testis

377 4745 488 4823 supra
501 4717 666 4825 juratus,
681 4719 1023 4826 quinquagenarius
1037 4719 1096 4803 vel
1111 4719 1224 4810 circa,
1244 4716 1468 4796 mantellum
1484 4717 1693 4806 dellerens,
1715 4715 1800 4794 bar·

376 4846 464 4926 bam
480 4876 601 4930 rasam
617 4847 775 4941 habens,
792 4877 879 4926 cum
892 4878 969 4956 quo
982 4844 1205 4956 inquisitum
1221 4849 1343 4928 fuerat
1353 4875 1421 4956 per
1433 4847 1630 4926 dominum
1649 4846 1797 4953 episco-
