4208 5886
611 535 615 548 '
689 513 886 604 Pttoctts
916 527 1014 600 DES
1045 526 1348 602 TEMPLIERS.
1656 533 1729 604 227

308 673 403 752 leret
422 671 519 750 hanc
548 695 653 748 suam
676 667 975 775 deposicionem,
998 695 1198 776 quousque
1220 670 1480 750 attestaciones
1500 671 1644 750 fuerint
1661 701 1732 778 pu-

307 803 466 890 blicnter
482 818 520 879 et
530 799 765 908 intelligebat
778 799 965 876 Latinum.

365 935 494 1010 Frater
525 929 712 1010 Jordanus
742 931 858 1008 Pauta
891 927 1071 1018 serviens,
1106 928 1383 1008 Lemovicensis
1422 930 1605 1024 diocesis,¹
1626 935 1733 1010 testis
1778 965 1785 976 ·

310 1087 422 1170 mpru
436 1057 600 1171 juretus,
622 1073 707 1138 ιιι·
725 1087 913 1138 annorum
927 1059 986 1138 vei
1000 1059 1112 1147 eirca,
1137 1056 1294 1138 διώκῃ
1316 1059 1383 1137 sed
1405 1087 1481 1138 non
1507 1062 1731 1140 mantellum

311 1193 515 1282 defferens,
537 1191 626 1300 quia
649 1190 773 1298 ipsum
807 1188 1000 1268 dimiserat
1028 1205 1210 1268 vemstate
1238 1208 1522 1297 consumptum,
1546 1221 1733 1300 cumque

309 1323 533 1432 inquisitum
558 1319 697 1413 fuerat,
718 1320 915 1400 absolutus
940 1337 979 1398 et
998 1319 1263 1398 reconciliatus
1283 1347 1351 1427 per
1373 1322 1574 1400 dominum
1593 1321 1732 1402 Lemo·

309 1456 495 1532 vicensem
519 1451 757 1559 episcopum,
779 1450 887 1530 lectis
910 1467 948 1530 et
971 1449 1174 1558 diligenter
1198 1451 1373 1558 expositis
1398 1451 1470 1530 sibi
1492 1451 1670 1530 omnibus
1695 1473 1733 1530 et

311 1585 469 1691 singuiis
493 1581 681 1672 articulis,
712 1581 909 1688 respondit
930 1580 1037 1688 qarod
1062 1579 1212 1658 nulium
1239 1581 1357 1660 alium
1385 1580 1528 1658 videret
1551 1583 1665 1688 recipi
1691 1585 1731 1658 in

310 1715 460 1803 ordine,
490 1739 561 1792 nec
594 1709 814 1793 interfuerat
842 1711 1016 1818 capitulis
1043 1739 1195 1801 eorum,
1222 1711 1328 1790 unde
1353 1711 1542 1790 nesciebat
1570 1686 1733 1818 dualiter

310 1844 374 1922 alii
393 1841 671 1949 recipiebantur
689 1841 730 1918 in
747 1841 892 1920 ordine.
920 1840 1109 1920 Credebat
1128 1857 1257 1920 trmen
1280 1840 1386 1948 quod
1405 1840 1663 1946 reciperentur
1684 1841 1734 1916 si-

310 1990 375 2052 cut
408 1973 488 2078 ipse
520 1971 592 2050 fuit
627 1985 818 2077 receptus,
847 1972 944 2050 circa
974 1971 1116 2050 instans
1141 1969 1281 2050 fertum
1310 1969 1593 2076 Asmrmpcionis
1622 1971 1732 2048 beate

312 2103 429 2184 truie
445 2119 555 2180 erunt
572 2127 595 2180 v
615 2101 717 2190 anni,
742 2102 783 2178 in
803 2099 946 2208 capelia
970 2101 1107 2180 demus
1130 2099 1281 2206 Templi
1306 2101 1353 2178 de
1383 2099 1571 2178 Paulbcco
1602 2102 1735 2178 Lemo-

311 2233 468 2312 vicensis
493 2231 668 2320 diocesis,
699 2259 768 2337 per
790 2231 944 2312 fratrem
964 2231 1218 2310 Humbertum
1250 2231 1298 2310 de
1325 2231 1546 2310 Conborino
1571 2231 1733 2310 mititem

311 2365 524 2471 quondm,
547 2362 786 2470 presentibus
809 2362 988 2442 fratribus
1006 2363 1113 2442 Helia
1141 2362 1345 2471 Aymerici,
1367 2363 1522 2442 detento
1550 2362 1590 2438 in
1615 2363 1734 2440 Picta-

310 2495 382 2585 via,
409 2493 575 2573 Roberto
602 2493 801 2574 Guiileimi
832 2509 1053 2600 preceptore
1083 2493 1130 2570 de
1161 2494 1281 2573 Pedio
1311 2495 1476 2585 Bcnino,
1507 2493 1662 2572 detento
1692 2494 1733 2568 in

312 2625 585 2712 lemovicinio,
605 2623 871 2715 servientibus,
898 2639 936 2702 et
953 2621 1161 2703 Guillelmo
1188 2623 1236 2700 de
1260 2624 1433 2731 Preyssac
1462 2622 1581 2700 milite
1609 2649 1734 2730 quon·

312 2753 410 2830 dnm.
427 2752 552 2860 Aque
566 2767 760 2860 receptore
780 2753 893 2860 peciit
908 2778 1047 2860 penem
1063 2771 1101 2830 et
1120 2781 1255 2860 equam
1274 2770 1314 2830 et
1326 2754 1545 2832 societatem
1565 2751 1731 2838 ordinis,

311 2882 452 2989 quibus
477 2882 548 2960 sibi
575 2884 776 2971 concessis,
806 2883 895 2962 fecit
916 2911 1004 2986 eum
1023 2909 1156 2962 vovere
1182 2900 1220 2961 et
1237 2883 1366 2991 jurare
1391 2882 1615 2972 cntitntem,
1643 2881 1732 2958 obe·

313 3011 518 3101 dienciem,
543 3013 665 3092 vivere
687 3013 767 3090 eine
787 3013 963 3120 proprio,
985 3039 1130 3090 servare
1158 3013 1282 3090 bonos
1309 3040 1401 3090 usur
1432 3029 1470 3090 et
1495 3011 1613 3092 boues
1646 3039 1736 3088 con-

312 3139 534 3220 suetudines
553 3141 717 3230 ordinis,
742 3171 820 3220 non
846 3141 1010 3222 revelare
1036 3158 1176 3220 secreta
1199 3141 1483 3247 capituiiorum,
1505 3159 1544 3218 et
1562 3169 1632 3248 pro
1660 3140 1734 3216 aiio

312 3269 444 3348 ordine
475 3297 554 3348 non
588 3271 779 3349 dimittere
812 3271 988 3350 ordinem
1022 3272 1296 3377 supradictum,
1334 3289 1372 3350 et
1408 3271 1514 3377 quod
1539 3287 1635 3348 esset
1659 3297 1736 3346 ser

311 3427 380 3476 vus
398 3415 438 3474 et
456 3397 621 3476 esclavus
640 3399 800 3488 ordinis;
824 3417 861 3478 et
880 3399 1058 3506 imposito
1085 3400 1156 3477 sibi
1176 3400 1374 3486 manteiio,
1399 3401 1478 3505 ipse
1502 3417 1673 3506 receptor
1697 3415 1735 3477 et

311 3544 473 3606 astantes
496 3525 653 3606 fuerunt
668 3529 823 3608 oscrrlati
848 3529 888 3607 in
900 3557 983 3621 ore,
1000 3546 1039 3606 et
1059 3530 1181 3606 dictus
1193 3531 1299 3608 testis
1317 3529 1391 3607 iirit
1405 3531 1524 3608 eciam
1543 3529 1734 3608 osculatus
1851 3546 1858 3564 ¹

311 3656 436 3764 ipsum
457 3673 692 3763 receptorem
715 3659 754 3736 in
770 3661 947 3748 humero,
971 3687 1014 3736 ex
1034 3675 1137 3763 purte
1152 3659 1346 3751 anteriori,
1364 3687 1478 3765 super
1495 3676 1624 3738 vestes.
1645 3660 1734 3736 Post

312 3811 388 3893 que
409 3787 579 3893 precepit
598 3787 633 3866 ei
662 3789 701 3865 in
727 3789 919 3895 presencia
940 3788 1100 3866 aliorum
1122 3789 1227 3894 quod
1250 3789 1453 3894 abnegaret
1472 3805 1531 3865 ter
1560 3789 1732 3878 Jbesum,

314 3916 450 4024 etipse
479 3917 587 3996 testis
611 3917 808 4026 abnegavit
829 3936 889 3997 ter
915 3919 1088 4010 Jbesum,
1117 3917 1206 4026 quia
1232 3917 1355 3996 dicus
1385 3934 1556 4024 receptor
1583 3917 1677 3994 dixit
1697 3918 1733 3994 ei

311 4047 417 4154 quod
457 4075 546 4124 eum
582 4049 756 4128 similiter
790 4049 852 4126 aiii
878 4049 1010 4126 fratres
1038 4048 1182 4126 ordinis
1212 4047 1467 4155 abnegabantr
1486 4064 1523 4126 et
1544 4048 1616 4125 boc
1641 4048 1735 4124 dicit

313 4201 352 4254 se
367 4175 497 4256 iecisse
513 4205 597 4268 ore,
614 4207 692 4257 non
714 4179 847 4270 corde,
868 4196 907 4258 et
925 4179 1031 4286 quod
1045 4178 1122 4256 ¹ulia
1141 4177 1271 4256 illicita
1288 4207 1366 4256 non
1393 4179 1676 4256 intervenerunt
1693 4178 1734 4254 in

314 4307 413 4386 dicte
427 4331 494 4385 sua
513 4309 735 4415 receptione
763 4337 834 4386 nec
856 4326 957 4416 post,
974 4336 1045 4387 nec
1069 4308 1191 4386 credit
1209 4308 1313 4413 quod
1332 4308 1603 4386 intervenirent
1616 4307 1656 4384 in
1675 4335 1734 4384 re-

313 4436 556 4544 cepcionibus
573 4437 804 4516 aliorumvel
821 4455 915 4544 post.
934 4439 1045 4528 item,
1062 4438 1155 4514 dixit
1174 4438 1279 4543 quod
1300 4438 1340 4514 in
1361 4438 1422 4516 die
1433 4438 1590 4517 Veneris
1609 4453 1734 4515 sancta

314 4567 445 4644 devote
464 4585 505 4646 et
529 4584 743 4646 reverenter
762 4566 968 4648 tdornbrnt
990 4594 1162 4656 crucem,
1189 4582 1229 4644 et
1253 4568 1359 4674 quod
1378 4569 1458 4673 ipse
1481 4568 1580 4646 bene
1605 4567 1736 4646 crede-

313 4696 378 4774 bat
408 4696 665 4776 ecclesiasticis
690 4697 948 4789 sacramentis,
980 4714 1018 4774 et
1045 4695 1165 4774 credit
1191 4696 1296 4803 quod
1328 4695 1392 4774 atii
1423 4697 1553 4774 fratres
1588 4695 1733 4774 ordinis

315 4829 450 4906 eodem
472 4829 587 4907 modo
607 4828 821 4919 crederent,
844 4844 882 4907 et
900 4828 1006 4936 quod
1032 4855 1166 4908 eorum
1186 4827 1397 4908 secerdotes
1416 4827 1544 4906 debite
1568 4825 1735 4904 celebra·

1537 4983 1586 5044 29.
