4210 5882
426 558 499 633 aas
816 539 1015 631 ruccas
1041 555 1138 628 nas
1162 553 1461 628 rnnrnmas

423 702 563 809 priore,
582 715 619 776 et
630 699 740 775 fratre
755 699 942 776 bernardo
958 699 1004 775 de
1019 697 1168 774 Ardena
1179 694 1319 774 lectore
1334 697 1631 784 predicatorum,
1649 713 1686 774 et
1700 698 1851 776 duobus

425 831 607 939 [frutribus
625 829 815 910 Minoribus
823 829 872 936 η,
899 828 1039 934 scilicet
1063 826 1175 905 fratrc
1196 825 1401 906 Guillelmo
1421 825 1575 904 Amaldi
1597 826 1793 933 gurdiano,
1817 847 1852 905 et

422 961 535 1039 fratre
565 960 773 1041 Guillelmo
800 959 973 1040 Brendini
1008 959 1151 1038 ordinis
1180 957 1333 1036 fratrum
1367 958 1561 1036 Minorum
1601 977 1851 1050 conventuum

425 1091 518 1197 [cille
536 1088 795 1196 Perpinicnil];
826 1089 1005 1166 adhibitis
1032 1090 1147 1167 eciam
1172 1088 1281 1167 nobis
1309 1086 1430 1166 tribus
1455 1087 1609 1166 notariis
1631 1087 1794 1194 publicis
1814 1109 1851 1166 et

420 1224 570 1330 juratis,
587 1221 760 1300 uidelicet
770 1221 879 1298 Petro
893 1219 1099 1329 Gayraudi,
1113 1220 1225 1296 Petro
1237 1217 1436 1326 Raylneudi
1454 1234 1492 1296 st
1507 1218 1675 1326 Jolonns]
1694 1218 1743 1298 de
1755 1220 1850 1300 Villa

425 1353 546 1441 Clara,
573 1353 637 1459 qui
663 1370 876 1460 presentem
906 1352 1192 1458 inquisicionem
1213 1349 1432 1428 auctoritate
1460 1367 1498 1426 et
1522 1349 1697 1426 mandato
1722 1369 1850 1428 nostro

419 1484 512 1588 jussi
533 1501 619 1560 sunt
637 1483 799 1560 scribere
820 1496 857 1558 et
877 1481 1041 1560 fideliter
1062 1481 1109 1588 [in
1122 1484 1279 1586 sormam
1298 1479 1496 1586 pnlblicam
1515 1480 1697 1587 redigere.
1720 1481 1852 1560 Citari-

424 1641 508 1692 mus
531 1641 599 1718 per
624 1631 769 1690 nostras
796 1630 964 1718 patentes
988 1613 1145 1700 litteras,
1173 1631 1211 1690 et
1238 1612 1342 1690 citari
1367 1611 1523 1690 fecimus
1555 1639 1623 1718 per
1647 1611 1850 1690 discretum

426 1745 545 1822 virum
565 1744 742 1851 [luculum
761 1746 909 1824 Martini
931 1741 1147 1850 afficirent]
1169 1761 1340 1822 nostrum
1363 1742 1564 1820 Elnensem
1589 1770 1722 1821 omnes
1745 1743 1853 1820 Tem

424 1874 561 1979 plarios
582 1875 780 1952 existentes
799 1875 838 1950 in
859 1875 957 1952 dicta
976 1875 1091 1953 domo
1108 1874 1226 1952 Menti
1246 1874 1317 1952 Dei
1338 1891 1466 1952 nostre
1485 1873 1656 1951 Elneusis
1677 1873 1849 1962 diocesis,

427 2023 611 2080 eteorum
631 2004 814 2111 singulos,
837 2033 922 2082 cum
944 2005 1085 2112 [aliast]
1115 2005 1155 2080 in
1175 2003 1271 2082 dicta
1295 2021 1421 2083 nostra
1442 2003 1584 2082 diocesi
1607 2003 1703 2082 nulli
1732 2021 1851 2081 essent

426 2163 494 2211 nec
506 2136 581 2212 sint
594 2135 722 2213 fratres
738 2135 882 2212 ordinis
897 2135 985 2213 dicti
1000 2136 1166 2240 Templi:
1177 2163 1335 2240 quarum
1346 2135 1501 2240 quidem
1514 2135 1722 2212 litterarum
1735 2133 1850 2212 forma

311 2318 316 2328 -
427 2265 633 2343 dinoscitur
647 2293 728 2342 esse
742 2264 849 2342 talis:

483 2395 722 2500 Raymundns
750 2395 996 2472 miseracione
1017 2395 1142 2472 divina
1166 2395 1338 2472 Elnensis
1363 2396 1576 2502 episcopus,
1604 2415 1781 2475 executor
1805 2397 1850 2472 ad

426 2525 654 2631 infrascripta
673 2553 694 2600 a
715 2524 813 2602 Sede
834 2525 1034 2631 apostolica
1059 2524 1277 2630 deputatos,
1305 2524 1468 2602 discreto
1493 2525 1572 2603 viro
1598 2527 1738 2607 Jacobo
1758 2529 1851 2607 Mar-

426 2655 495 2731 tini
521 2653 669 2734 officiali
694 2674 822 2732 nostro
847 2655 998 2732 lllnensi
1026 2654 1183 2733 salutem
1204 2656 1244 2732 in
1268 2656 1435 2733 Domino
1454 2657 1734 2763 sempiternam.
1756 2658 1850 2736 Cum

427 2813 512 2873 nos,
530 2786 635 2892 juxta
661 2802 881 2892 preceptum
904 2785 1150 2891 apostolicum
1172 2783 1393 2862 litteratorie
1420 2785 1532 2864 nobis
1555 2785 1712 2878 factum,
1742 2814 1851 2893 super

428 2914 593 2991 articulis
610 2915 720 2994 nobis
740 2915 862 2992 missis
889 2943 956 3020 per
978 2915 1226 2993 reverendum
1246 2915 1286 2993 in
1306 2915 1458 2993 Christo
1484 2933 1629 3021 patrem
1653 2917 1849 2994 dominum

427 3045 619 3152 Egidium,
650 3046 774 3124 divina
798 3046 1036 3152 providencia
1061 3063 1186 3124 sancte
1215 3038 1466 3124 Narbonensis
1491 3045 1647 3126 ecclesie
1667 3046 1850 3152 archiepi-

428 3204 600 3283 scopum,
632 3194 760 3254 contra
790 3177 1024 3284 Templarios
1053 3178 1231 3285 degentes
1258 3177 1297 3253 in
1328 3178 1443 3256 domo
1471 3179 1589 3256 blansi
1613 3179 1684 3256 Dei
1713 3178 1849 3255 milicie

427 3307 591 3412 Templi,
614 3326 739 3385 nostre
758 3307 928 3386 Elnensis
948 3309 1124 3398 diocesis,
1145 3308 1335 3415 inquirere
1355 3307 1597 3388 intendamus
1616 3309 1657 3386 in
1671 3327 1791 3388 castro
1804 3309 1851 3386 de

429 3435 623 3514 Trullariis
643 3439 772 3544 (quern
793 3439 950 3545 quidem
971 3437 1097 3516 locum
1113 3439 1311 3516 decentem
1331 3455 1370 3514 et
1389 3422 1621 3548 oportunum
1641 3439 1852 3544 putavimus

428 3567 475 3642 ad
493 3566 676 3673 predicta,
699 3568 850 3646 comsit
869 3569 1106 3677 propinquus
1125 3569 1196 3676 ipsi
1223 3565 1354 3647 domui
1374 3569 1494 3646 Mansi
1515 3569 1620 3673 Dei),
1642 3567 1749 3648 robis
1769 3569 1852 3644 dici·

427 3727 511 3774 mus
529 3716 566 3775 et
584 3699 806 3778 mandamus
825 3699 1003 3807 quatinus
1020 3701 1068 3776 ad
1088 3701 1225 3777 dictam
1242 3700 1399 3778 domum
1420 3699 1537 3778 Mansi
1558 3699 1628 3778 Dei
1648 3699 1852 3805 personali-

425 3846 484 3906 ter
512 3831 747 3918 accedentes‚
779 3859 823 3908 er
851 3847 955 3938 parte
989 3849 1132 3918 nostra,
1162 3859 1251 3938 ymo
1278 3831 1401 3908 verius
1426 3829 1646 3937 apostolica,
1675 3831 1797 3908 citetis
1816 3847 1851 3905 et

426 3962 679 4067 peremptorie
710 3989 842 4039 omnes
872 3979 910 4039 et
929 3963 1098 4071 singulos
1118 3962 1249 4040 fratres
1269 3962 1367 4040 dicte
1390 3962 1527 4040 domus
1547 3979 1586 4040 et
1610 3962 1754 4040 ordinis
1774 3989 1850 4067 pre-

427 4091 549 4178 libati,
569 4109 613 4169 ut
632 4093 728 4169 sicut
745 4091 1027 4170 mundabuntur
1045 4121 1113 4198 per
1133 4121 1202 4170 nos
1223 4093 1449 4170 lieteratorie
1470 4091 1545 4170 sive
1564 4119 1633 4198 per
1652 4093 1847 4180 nuncium,

428 4219 562 4298 diebus
589 4221 746 4329 singulis
766 4239 804 4299 et
822 4221 1057 4327 temporibus
1077 4223 1321 4330 assignandis;
1342 4223 1382 4299 in
1402 4223 1504 4300 dicto
1527 4222 1612 4300 loco
1633 4223 1681 4300 de
1701 4221 1849 4301 Trulars

428 4371 667 4458 compareant
680 4352 928 4459 personaliter
947 4381 1072 4431 coram
1083 4353 1209 4445 nobis,
1227 4354 1362 4431 etviris
1376 4353 1652 4431 venerabilibus
1663 4371 1701 4430 et
1713 4353 1850 4430 discre-

426 4481 475 4559 tis
494 4481 605 4560 nobis
616 4484 721 4593 juxta
740 4483 959 4562 mandatum
980 4483 1224 4590 apostolicum
1244 4484 1449 4574 associatis,
1470 4483 1664 4562 bernardo
1684 4482 1850 4589 Hugoois

426 4612 476 4690 de
483 4612 596 4722 Urgio
606 4613 867 4692 archidiacono
882 4613 1031 4722 majori,
1041 4632 1079 4691 et
1088 4615 1310 4722 Raymundo
1325 4613 1523 4695 Guillelmi
1536 4614 1687 4692 sacrista
1698 4612 1849 4692 ecclesie

425 4741 614 4834 Elnensis,
631 4771 779 4822 necnon
789 4744 973 4853 religiosis
984 4741 1162 4824 fratribus
1175 4745 1515 4826 Bernardollatchi
1528 4744 1655 4853 priore
1670 4761 1707 4823 et
1720 4746 1851 4822 beren-

427 4875 529 4981 gario
554 4875 603 4952 de
627 4874 775 4952 Ardone
799 4875 939 4954 lectore
964 4877 1109 4954 ordinis
1132 4876 1432 4970 Predicatcrum3
1463 4875 1674 4958 Guillelmo
1699 4875 1849 4956 Amaldi
