4486 5890
757 507 1403 606 rnocrsnusrnnrmnns.
1644 557 1650 570 -
1722 525 1814 603 us·

367 667 522 746 siasticis
534 667 789 756 sacramentis,
806 667 946 774 quibus
960 669 1039 774 ipse
1055 671 1244 761 credebat,
1258 688 1297 749 et
1312 673 1418 779 quod
1432 699 1565 748 eorum
1582 668 1793 748 sacerdotes

368 798 494 876 debite
515 798 756 875 celebrarent.
778 799 889 887 ltem,
909 799 1002 878 dixit
1020 803 1125 907 quod
1146 801 1186 878 in
1213 799 1509 879 diffinicionibus
1530 798 1792 906 capituliorum

365 947 563 1036 preceptor
572 929 688 1006 laicus
699 929 763 1036 qui
775 929 989 1036 presidebat
1001 930 1167 1008 dicebat:
1183 968 1196 1000 ι
1211 933 1268 1010 De
1278 931 1352 1010 hiis
1365 960 1439 1039 que
1452 929 1644 1009 obmitetis
1655 930 1791 1022 dJ'cere,

367 1062 416 1140 ob
435 1061 698 1138 verecundiam
720 1062 839 1138 carnis
856 1060 913 1137 vel
933 1061 1109 1137 timorem
1120 1062 1289 1170 justicie,
1311 1060 1467 1140 facimus
1488 1061 1592 1138 vobis
1612 1060 1715 1137 illam
1735 1060 1793 1136 in-

367 1191 606 1301 dulgenciam
621 1221 734 1299 quarn
749 1220 968 1297 possumus,
986 1208 1023 1269 et
1037 1220 1213 1299 rogamus
1232 1193 1375 1282 Deum,
1391 1210 1429 1271 et
1443 1220 1507 1270 vos
1524 1209 1651 1302 rogate
1666 1190 1790 1299 quod,

366 1325 463 1401 sicut
482 1322 639 1400 indulsit
658 1321 876 1430 Magdalene
901 1339 1050 1430 peccata
1070 1350 1151 1413 sua,
1174 1323 1226 1400 ita
1245 1323 1438 1432 indulgeat
1457 1322 1562 1401 vobis
1582 1339 1621 1400 et
1640 1323 1760 1400 nobis.
1779 1360 1790 1390 υ

366 1453 581 1560 Requisitus
601 1453 631 1530 si
651 1481 719 1558 per
741 1453 855 1530 talem
876 1453 1158 1530 absolucionem
1182 1453 1359 1531 credebat
1384 1483 1423 1531 se
1452 1481 1531 1530 esse
1559 1453 1792 1554 absolutusa

365 1585 546 1691 peccatis,
562 1583 877 1691 responditquod
897 1611 991 1675 non,
1014 1584 1081 1660 sed
1104 1582 1228 1661 solum
1253 1614 1274 1661 a
1299 1583 1504 1690 disciplinis
1526 1582 1686 1671 ordinis,
1717 1611 1791 1688 que

366 1715 633 1822 infligebantur
648 1730 802 1822 propter
817 1741 986 1793 excessus
1009 1742 1104 1821 quos
1125 1714 1410 1792 committebant
1429 1713 1633 1790 interdum.
1655 1713 1791 1819 Requi·

366 1846 460 1924 situs
476 1846 648 1953 aquibus
668 1845 811 1923 audivit
825 1844 909 1922 fieri
924 1845 1132 1953 predictam
1150 1843 1449 1936 absolucionem,
1473 1843 1567 1921 dixit
1580 1843 1682 1950 quod
1699 1843 1792 1920 vidit

366 1976 448 2054 lieri
467 1975 566 2053 ultra
592 2005 692 2052 mare
713 2004 782 2082 per
802 1975 946 2053 dictum
967 1973 1123 2052 fratrem
1141 1975 1372 2052 Ademarum
1399 1975 1446 2052 de
1467 1976 1665 2080 Peyrucza,
1691 1991 1727 2050 et
1752 1975 1791 2050 in

366 2103 538 2184 Alvernia
557 2133 625 2212 per
641 2103 793 2182 fratrem
811 2105 965 2182 Petrum
987 2105 1034 2181 de
1057 2105 1184 2181 Dumo
1204 2105 1430 2210 predictum.
1452 2105 1533 2211 lpse
1558 2120 1596 2182 et
1614 2103 1678 2180 alii
1696 2132 1792 2211 quos

365 2237 458 2314 vidit
477 2237 590 2342 recipi
608 2237 830 2342 juraverunt
848 2263 925 2312 non
946 2236 1044 2312 exire
1061 2235 1205 2312 dictum
1225 2229 1417 2324 ordinem,
1437 2236 1594 2312 credens
1609 2234 1714 2341 quod
1729 2234 1790 2311 alii

367 2367 618 2444 communiter
634 2366 706 2442 hoc
720 2365 903 2472 jurarent.
925 2366 1059 2444 Statim
1078 2395 1146 2474 pro
1165 2365 1340 2474 professis
1357 2364 1611 2443 habebantur.
1633 2363 1793 2443 Claude-

366 2496 462 2574 stine
486 2495 779 2602 recipiebantur,
804 2523 848 2572 er
866 2525 941 2603 quo
966 2497 1084 2573 credit
1106 2497 1211 2603 quod
1236 2512 1334 2574 esset
1355 2497 1452 2574 mala
1477 2493 1641 2602 suspicio
1664 2511 1790 2571 contra

367 2655 442 2704 eos.
458 2627 635 2706 Cordulis
656 2626 902 2734 cingebantur
915 2656 1029 2734 super
1046 2628 1215 2706 camisias
1232 2657 1319 2705 cum
1332 2627 1472 2734 quibus
1482 2626 1676 2734 jacebant,
1699 2655 1791 2732 quas

366 2756 607 2835 assumebant
623 2758 727 2835 unde
746 2756 934 2836 volebant.
955 2759 1011 2835 De
1032 2757 1155 2866 ydolis
1177 2757 1293 2834 nichil
1316 2757 1420 2835 scivit
1441 2785 1512 2834 nec
1534 2755 1687 2834 audivit.
1717 2755 1792 2832 Au-

367 2889 459 2966 divit
478 2906 605 2966 tamen
625 2888 699 2966 dici
719 2887 818 2966 ultra
836 2917 938 2966 mare
955 2905 992 2966 et
1006 2888 1113 2981 citra,
1135 2917 1214 2966 non
1229 2890 1448 2967 recordatur
1467 2917 1486 2964 a
1507 2886 1663 2994 quibus,
1684 2888 1791 2994 quod

367 3019 527 3098 maiores
544 3018 688 3097 ordinis
707 3017 899 3095 habebant
919 3019 1043 3124 aliqua
1061 3019 1208 3096 occulta
1226 3020 1266 3094 in
1286 3019 1420 3097 ordine
1440 3046 1516 3125 que
1546 3045 1625 3095 non
1653 3016 1792 3094 revela-

365 3149 504 3226 bantur
523 3146 938 3226 inferioribusordinis.
957 3148 1033 3242 Qui
1053 3148 1279 3226 revelassent
1295 3164 1436 3225 secreta
1460 3145 1710 3254 capitulorum
1732 3147 1790 3223 vel

366 3280 525 3356 modum
543 3277 770 3384 recepcionis
786 3304 854 3354 sue
872 3277 1032 3386 graviter
1050 3277 1173 3384 puniti
1194 3277 1370 3366 luissent,
1394 3278 1460 3356 sed
1479 3277 1598 3355 nescit
1617 3275 1788 3383 qualiter.

367 3409 562 3502 Quamdiu
581 3407 772 3486 habebant
796 3407 941 3512 copiam
961 3409 1200 3486 sacerdotum
1218 3409 1379 3498 ordinis,
1410 3435 1488 3485 non
1507 3422 1683 3514 poterant
1709 3406 1790 3484 aliis

366 3539 553 3630 confiteri,
577 3556 613 3616 et
630 3537 681 3615 ita
696 3536 973 3644 precipiebatur
990 3538 1028 3613 in
1047 3537 1192 3615 ordine.
1212 3531 1358 3616 l't'ratres
1373 3537 1531 3616 scientes
1550 3565 1695 3618 errores
1708 3537 1789 3614 lue-

365 3687 455 3748 runt
467 3669 710 3776 negligentes,
723 3667 812 3775 quia
825 3695 902 3744 non
917 3684 1160 3745 correxerunt
1169 3697 1233 3745 eos
1249 3697 1319 3745 nec
1335 3669 1656 3758 denunciaverunt
1663 3666 1790 3745 Eccle-

365 3801 431 3878 sie.
453 3798 687 3876 Elemosinas
707 3813 744 3874 et
767 3797 1059 3905 hospitalitatem
1083 3798 1177 3876 vidit
1198 3798 1463 3877 convenienter
1482 3797 1565 3876 lieri
1590 3813 1628 3874 et
1651 3798 1788 3875 servari

366 3931 405 4006 in
431 3929 609 4007 domibus
632 3927 776 4006 ordinis
794 3927 834 4004 in
856 3927 996 4035 quibus
1019 3929 1138 4006 extitit
1158 3947 1422 4008 commoratus.
1445 3926 1716 4036 lnjungebatur
1735 3929 1789 4006 eis

365 4062 469 4168 quod
489 4076 732 4170 procurarent
752 4058 953 4136 utilitatem
975 4059 1138 4148 ordinis,
1163 4060 1230 4138 sed
1250 4089 1296 4138 ne
1317 4061 1453 4167 injuste
1477 4059 1713 4168 acquirerent
1732 4060 1790 4137 in-

365 4191 567 4270 hibebatur
580 4219 761 4299 expresse.
777 4191 1014 4296 Quandoque
1032 4192 1256 4269 tenebantur
1269 4192 1443 4298 capitulia
1454 4192 1494 4267 in
1510 4219 1659 4280 aurora,
1675 4191 1789 4269 nullis

363 4323 598 4430 presentibus
611 4322 680 4399 nisi
695 4319 883 4410 fratribus,
902 4336 940 4396 et
954 4320 1221 4427 providebatur
1236 4322 1341 4428 quod
1357 4349 1398 4397 ea
1417 4335 1492 4428 que
1513 4320 1721 4427 agebantur
1733 4321 1792 4400 iu-

363 4453 498 4543 terius,
511 4453 672 4532 exterius
682 4480 759 4531 non
771 4450 1195 4532 audirentur.0rdinata
1206 4481 1274 4560 per
1284 4480 1462 4560 magnum
1473 4451 1694 4557 Magistrum
1703 4481 1789 4530 cum

364 4591 550 4664 conventu
580 4600 721 4662 servata
741 4583 900 4660 fuissent
924 4583 964 4658 in
987 4583 1137 4668 ordine,
1161 4600 1288 4660 contra
1308 4611 1424 4690 quem
1446 4597 1601 4690 propter
1622 4581 1791 4688 predicta

363 4715 519 4826 grandia
529 4713 711 4804 scandala,
724 4713 886 4820 suspicio
903 4730 941 4790 et
954 4711 1206 4791 infamiasunt
1223 4731 1361 4792 exorta.
1380 4712 1595 4792 Conses'sata
1610 4742 1678 4819 per
1700 4742 1788 4792 eum

364 4845 485 4923 credit
505 4845 610 4954 quod
633 4861 757 4923 essent
779 4859 869 4922 nota
891 4841 1068 4922 fratribus
1091 4843 1246 4936 ordinis,
1268 4861 1396 4923 contra
1414 4871 1530 4952 quem
1551 4844 1693 4921 audivit
1714 4845 1788 4922 dici

452 4980 558 5046 esocis
579 5001 631 5044 ors
652 4999 912 5044 renarrans-u.
1601 5003 1637 5068 ¹9
