4320 5898
728 497 926 588 enocts
953 513 1048 592 ons
1075 515 1375 592 senenses.
1716 529 1763 602 ss

336 655 441 762 quod
457 682 534 732 non
551 655 697 733 viderat
710 651 936 735 intervenire
952 655 1081 734 illicita
1099 657 1267 764 predicta
1286 660 1325 736 in
1346 663 1565 768 recepcione
1590 668 1678 744 dicti
1696 669 1765 746 Ge-

253 855 257 862 .
335 785 453 873 raldi,
476 786 600 862 statim
624 815 710 862 curn
733 788 906 866 avisasset
926 815 983 878 se,
1010 788 1102 864 dixit
1121 791 1226 896 quod
1248 819 1290 866 ea
1310 792 1454 869 viderat
1473 793 1566 872 lieri.
1592 798 1764 903 Requisi-

336 936 398 995 tus
413 919 499 1025 quis
518 943 649 996 eorum
671 918 795 1025 primo
811 920 901 997 lecit
922 919 1020 997 dicta
1035 920 1181 1011 illicita,
1204 921 1402 1030 respondit
1417 951 1456 1001 se
1471 953 1547 1002 uon
1561 930 1761 1005 recordari.

336 1047 553 1154 Requisitus
572 1049 636 1156 qui
657 1048 813 1128 luerunt
831 1068 1026 1157 presentes
1049 1053 1202 1158 quando
1225 1055 1347 1130 dictus
1367 1053 1553 1134 Geraldus
1572 1056 1660 1135 lecit
1678 1089 1764 1166 pre-

337 1181 433 1257 dicta
453 1178 581 1257 illicita
597 1179 636 1256 iu
656 1182 793 1260 eodem
809 1182 892 1260 loco
908 1183 946 1259 in
963 1211 1039 1289 quo
1057 1184 1234 1290 deposuit
1251 1213 1291 1262 se
1312 1187 1479 1290 predicta
1500 1187 1647 1280 fecisse,
1671 1207 1709 1266 ct
1732 1192 1760 1267 si

334 1309 406 1388 luit
430 1311 562 1388 eadem
587 1339 694 1402 crux,
723 1311 920 1420 respondit
939 1314 1042 1420 quod
1064 1315 1127 1391 sic.
1153 1316 1265 1404 Item,
1300 1316 1392 1392 dixit
1418 1343 1457 1394 se
1478 1319 1633 1398 credere
1658 1322 1762 1426 quod

335 1468 468 1518 eorum
491 1442 703 1521 sacerdotes
718 1430 847 1522 debite
874 1444 1123 1534 celebrarent,
1147 1463 1185 1522 et
1210 1446 1317 1552 quod
1337 1447 1398 1522 alii
1419 1445 1550 1526 fratres
1565 1451 1763 1528 crederent

335 1572 594 1656 ecclesiasticis
622 1575 878 1663 sacramentis,
906 1575 1047 1681 quibus
1068 1577 1148 1682 ipse
1169 1576 1356 1654 credebat.
1385 1577 1539 1656 Dictum
1565 1579 1637 1657 lirit
1664 1581 1698 1657 ei
1723 1582 1762 1655 in

333 1703 554 1812 recepcione
568 1733 635 1784 sua
651 1705 755 1812 quod
769 1707 895 1784 statim
909 1733 980 1813 pro
994 1707 1162 1813 professo
1176 1708 1398 1786 habebatur.
1413 1707 1656 1788 Clandestine
1672 1713 1764 1788 reci-

334 1837 547 1942 piebantur,
570 1836 685 1914 nullis
705 1838 947 1944 presentibus
969 1840 1040 1916 nisi
1067 1838 1243 1917 fratribus
1273 1840 1428 1917 ordinis.
1459 1839 1638 1919 Cordulis
1658 1843 1760 1918 unde

334 1967 510 2044 volebant
529 1965 992 2075 assumptiscingebautur
1006 1997 1119 2074 super
1139 1971 1306 2047 camisias
1321 1997 1408 2048 curn
1425 1971 1568 2077 quibus
1574 1973 1759 2080 jacebant.

333 2095 549 2203 Iujunctum
570 2096 695 2174 fuitei
720 2097 826 2204 quod
846 2125 924 2175 non
953 2099 1135 2176 revelaret
1155 2117 1296 2176 secreta
1322 2101 1575 2207 capitulorum
1594 2127 1663 2178 nec
1688 2131 1764 2180 mo

335 2225 428 2304 dum
447 2227 678 2333 recepcionis
697 2253 782 2313 sue,
811 2243 849 2304 et
869 2227 942 2304 fuit
964 2228 997 2304 ci
1019 2228 1164 2305 dictum
1183 2229 1288 2334 quod
1311 2231 1340 2306 si
1361 2233 1559 2322 revelaret,
1587 2231 1763 2334 perderet

334 2357 520 2435 habitum.
547 2358 701 2464 Absque
723 2358 896 2444 licencia,
923 2377 1076 2466 excepto
1100 2385 1188 2438 casu
1213 2361 1459 2452 necessitatis,
1483 2389 1560 2439 non
1587 2379 1762 2467 poterant

334 2489 405 2564 nisi
435 2491 694 2570 sacerdotibus
719 2490 864 2568 ordinis
889 2491 1074 2568 confiteri.
1096 2489 1246 2568 Fratres
1262 2493 1421 2569 scientes
1440 2519 1588 2569 errores
1607 2491 1762 2569 luerunt

334 2621 569 2730 negligentes
588 2622 676 2726 quia
696 2649 773 2700 non
794 2639 1037 2699 correxerunt
1062 2649 1126 2698 eos
1147 2589 1216 2698 ndc
1241 2622 1564 2699 denunciaverunt
1583 2622 1760 2701 Ecclesie.

334 2751 459 2830 Nescit
478 2751 509 2828 si
531 2749 739 2829 elemosine
766 2769 804 2828 et
822 2750 1056 2857 hospitalitas
1075 2751 1320 2830 servabantur
1340 2751 1466 2829 debite
1488 2753 1526 2827 in
1549 2752 1684 2829 ordine
1704 2755 1760 2830 vel

331 2909 428 2970 non,
449 2883 539 2990 quia
559 2881 630 2958 luit
648 2899 797 2958 tantum
812 2881 852 2956 in
867 2881 1031 2986 quadam
1051 2882 1169 2958 domo
1188 2880 1333 2958 ordinis
1348 2881 1449 2986 apud
1468 2880 1666 2958 Belvacurn
1682 2911 1763 2960 mo-

333 3029 453 3105 ratus,
472 3013 510 3088 in
527 3039 601 3119 qua
616 3038 693 3089 non
710 3029 789 3088 erat
804 3027 1029 3088 consuetum
1047 3010 1269 3086 elemosinas
1283 3010 1366 3086 fieri
1383 3033 1453 3085 nec
1469 3010 1760 3115 hospitalitatem

333 3144 481 3220 servari.
504 3141 685 3222 Ordinata
701 3168 770 3247 per
784 3141 1003 3249 Magistrum
1025 3167 1113 3218 cum
1136 3157 1322 3218 conventu
1337 3141 1551 3218 totusordo
1566 3151 1758 3234 servasset,

334 3291 463 3351 contra
480 3299 620 3380 quem,
631 3288 787 3379 propter
799 3273 984 3378 predicta,
1001 3271 1156 3380 grandia
1171 3271 1361 3363 scandala,
1379 3271 1543 3377 suspicio
1556 3288 1594 3348 et
1609 3273 1760 3350 inlamia

334 3421 423 3482 sunt
446 3421 583 3482 exorta.
608 3401 824 3482 Confessam
849 3429 917 3508 per
941 3428 1029 3478 eum
1053 3403 1174 3479 credit
1198 3402 1301 3508 quod
1330 3418 1453 3479 essent
1473 3417 1561 3478 ncta
1585 3399 1762 3480 fratribus

335 3535 498 3622 ordinis,
518 3551 647 3611 contra
660 3560 773 3640 quem
792 3531 934 3610 audivit
951 3532 1026 3608 dici
1042 3556 1223 3640 magnum
1239 3533 1459 3638 Magistrum
1476 3548 1513 3609 et
1527 3531 1621 3609 alios
1638 3534 1761 3642 aliqua

335 3665 448 3744 luisse
470 3665 679 3755 conlessos3
701 3664 749 3740 ad
770 3663 878 3770 cujus
893 3663 1038 3741 ordinis
1055 3662 1331 3740 deffensionem
1344 3689 1400 3752 se,
1424 3687 1468 3738 ert
1487 3662 1657 3741 fatuitate
1676 3693 1759 3754 sua,

336 3767 544 3888 obtulerat,
566 3795 664 3873 sicut
682 3795 787 3872 dixit.
810 3795 886 3872 Nec
906 3793 958 3872 sic
982 3793 1209 3900 deposuerat
1231 3819 1359 3898 prece,
1385 3809 1582 3898 precepto,
1604 3793 1759 3883 timore,

336 3953 481 4016 amore,
505 3926 593 4006 odio
611 3927 670 4004 vel
685 3923 883 4032 temporrli
905 3923 1067 4003 eomodo
1086 3923 1219 4001 hebito
1238 3923 1295 4001 vel
1316 3921 1512 4009 babendo,
1533 3922 1602 4000 sed
1615 3948 1685 4029 pro
1701 3951 1762 4000 ve-

336 4059 444 4136 ritate
470 4059 647 4146 diceuda,
665 4057 763 4134 sicut
782 4055 895 4146 dlxii,
923 4056 984 4133 cui
1007 4053 1080 4132 luit
1104 4054 1319 4162 injunctum
1346 4055 1453 4162 quod
1480 4077 1558 4130 non
1581 4054 1762 4140 revelaret

335 4191 432 4265 lianc
451 4215 558 4266 suam
577 4187 880 4296 depositionem,
902 4212 1103 4294 quousque
1119 4187 1379 4264 attestationes
1390 4184 1533 4262 fuerint
1554 4184 1758 4290 publicate.

393 4454 521 4529 Frater
541 4449 736 4556 Philippus
749 4447 797 4526 de
818 4447 1038 4526 Lavercines
1059 4446 1241 4534 serviens,
1258 4446 1488 4524 Belvaccaeis
1513 4446 1685 4533 diocesis,
1704 4464 1761 4522 te-

337 4584 405 4660 stis
419 4609 532 4689 supra
541 4582 710 4690 juratus,
725 4579 1033 4689 septuagenarius
1052 4597 1090 4656 et
1105 4577 1223 4667 ultra,
1236 4579 1302 4685 qui
1313 4575 1523 4656 voluntarie
1536 4575 1760 4654 mantellum

337 4713 481 4791 ordinis
502 4714 695 4792 dimiserat
709 4728 749 4788 et
761 4711 843 4787 radi
863 4709 1003 4788 lecerat
1018 4708 1090 4786 sibi
1105 4705 1277 4797 barbam,
1300 4708 1392 4785 etin
1409 4707 1571 4784 concilio
1586 4707 1761 4785 Remmsi

338 4843 535 4924 absolutus
555 4860 592 4922 et
611 4840 875 4920 reconciliatus
896 4837 1020 4918 luerat
1040 4867 1109 4946 per
1129 4838 1327 4916 domiuum
1348 4837 1670 4944 archiepiscopum
1692 4839 1761 4913 Re-
