4486 5890
733 525 930 620 eneces
955 547 1050 620 nus
1077 545 1379 620 venemens.
1719 547 1766 620 ιι

245 763 248 768 -
343 703 412 782 Dei
423 703 631 814 adjutorio,
648 705 746 783 bene
767 707 894 784 omnia
912 706 1132 797 sustineret,
1155 705 1279 784 dictus
1292 722 1475 810 receptor,
1496 703 1641 809 poscito
1656 705 1703 781 ab
1719 734 1765 784 eo

342 835 449 942 quod
466 864 544 913 non
564 835 728 915 babebat
750 831 1011 934 infirmitatem
1031 837 1231 925 latentem,
1251 865 1321 914 nec
1339 853 1419 913 erat
1435 833 1573 913 debitis
1590 864 1665 942 que
1688 865 1765 916 non

342 983 468 1072 posset
485 966 628 1044 solvere
649 995 774 1074 neque
790 966 896 1046 alteri
914 966 1087 1074 religioni
1112 965 1171 1044 vel
1193 967 1434 1044 matrimonio
1452 965 1657 1072 obligatus,
1679 965 1768 1044 fecit

342 1123 429 1174 eum
446 1123 578 1174 vovere
599 1114 636 1174 et
645 1097 773 1205 jurare
788 1098 1013 1188 castitatem,
1031 1098 1293 1177 obedienciam
1309 1115 1347 1174 et
1361 1098 1482 1172 vivere
1500 1095 1580 1172 sine
1598 1097 1762 1203 proprio.

342 1226 428 1320 Quo
451 1222 564 1313 lacto,
596 1224 777 1331 imposuit
802 1227 835 1303 ei
865 1227 1107 1316 mantellum,
1132 1244 1264 1304 ettam
1286 1227 1364 1332 ipse
1385 1253 1498 1332 quam
1523 1223 1584 1300 alii
1605 1243 1766 1305 astantes

344 1354 498 1433 osculati
517 1353 672 1432 luemnt
689 1386 775 1434 eum
798 1359 837 1432 in
857 1387 934 1435 ore.
957 1357 1206 1434 Postmodum
1234 1356 1409 1433 instruxit
1435 1383 1523 1432 eum
1541 1374 1638 1462 quot
1657 1359 1768 1436 Pater

344 1502 460 1564 noster
478 1485 621 1562 diceret
638 1514 708 1592 pro
728 1487 832 1565 boris
848 1487 947 1574 suis,
965 1505 1008 1564 ‘et
1027 1487 1189 1594 qualiter
1209 1503 1353 1594 regeret
1368 1513 1407 1562 se
1423 1503 1461 1562 et
1478 1485 1635 1562 baberet
1654 1487 1693 1562 in
1707 1516 1766 1565 or-

344 1615 444 1692 dine.
462 1615 680 1722 Requisitus
696 1617 725 1693 si
743 1615 1028 1725 abnegaciones,
1054 1616 1407 1724 dogmatixaciones,
1425 1615 1607 1721 vituperia
1628 1619 1763 1709 crucis,

345 1743 471 1822 oscula
500 1745 717 1837 inhonesta,
747 1746 805 1822 vel
836 1747 906 1823 alia
932 1747 1061 1824 illicita
1088 1748 1126 1824 in
1149 1747 1257 1824 dietis
1284 1744 1449 1822 articulis
1478 1761 1673 1836 contenta,
1707 1748 1766 1824 vel

343 1872 466 1980 aliqua
484 1901 527 1949 ex
548 1874 602 1950 eis
627 1873 895 1952 intervenirent
913 1879 951 1951 in
975 1875 1072 1952 dicta
1092 1874 1311 1981 recepcione
1332 1903 1398 1950 sua
1415 1871 1473 1948 vel
1491 1891 1592 1978 post,
1615 1891 1653 1950 et
1672 1876 1765 1952 side

343 2020 494 2109 peccato
511 2002 736 2081 sodomitico
748 2003 820 2079 luit
836 2005 906 2081 sibi
923 2004 1067 2111 aliquid
1084 2005 1226 2082 dictum
1245 2004 1303 2080 vel
1315 2020 1474 2092 tactum,
1488 2005 1685 2109 respondit
1699 2033 1767 2111 per

338 2125 599 2240 juramentum
624 2161 735 2210 suum
755 2135 861 2238 quod
891 2162 978 2210 uon.
1008 2135 1222 2240 Requisitus
1239 2134 1269 2210 si
1294 2135 1378 2220 scit,
1398 2134 1518 2211 credit
1545 2133 1603 2210 vel
1625 2138 1767 2213 audivit

344 2263 417 2340 dici
434 2262 539 2368 quod
555 2262 652 2339 diota
670 2261 799 2338 illicita
818 2261 876 2338 vel
894 2262 1017 2368 aliqua
1036 2291 1080 2338 ex
1103 2263 1156 2339 eis
1174 2262 1233 2339 vel
1254 2261 1325 2338 alie
1343 2263 1626 2340 intervenerunt
1646 2265 1685 2340 in
1704 2293 1764 2342 re-

343 2391 586 2498 cepcionibus
602 2390 763 2469 aliorum
778 2391 935 2470 fratrum
950 2391 1009 2468 vel
1024 2408 1123 2498 post,
1146 2391 1239 2468 dixit
1259 2419 1297 2469 se
1320 2390 1484 2480 ne'scire3
1502 2391 1621 2470 credit
1635 2387 1762 2470 tamen

345 2521 449 2629 quod
469 2521 508 2597 in
526 2520 810 2626 recepcionibus
839 2522 1054 2628 aliquorum
1086 2521 1356 2597 intervenirent
1375 2518 1440 2596 illa
1456 2519 1584 2597 illicita
1598 2549 1673 2627 que
1689 2551 1767 2600 ma-

344 2681 441 2760 gnus
463 2652 638 2759 Magister
657 2667 695 2726 et
712 2649 775 2725 alii
792 2650 925 2728 fratres
943 2653 1085 2729 ordinis
1105 2651 1284 2729 dicuntur
1303 2650 1415 2728 luisse
1436 2649 1607 2728 confessi.
1627 2654 1767 2759 Requi-

343 2781 436 2856 situs
451 2781 481 2855 si
498 2779 592 2856 vidit
609 2778 702 2856 alios
721 2779 835 2885 recipi
856 2781 894 2856 in
911 2781 1061 2868 ordine,
1077 2781 1173 2857 dixit
1190 2759 1296 2888 quod
1312 2781 1380 2874 sic,
1397 2780 1571 2858 videlicet
1585 2812 1595 2858 ε
1611 2779 1763 2860 fratrem

343 2909 537 2986 Matheum
568 2908 614 2985 de
638 2908 762 2984 Insula
787 2910 970 2988 bochardi
1011 2911 1204 3016 quondam
1231 2910 1475 3003 servientem,
1504 2910 1570 3016 qui
1603 2909 1676 2987 suit
1707 2940 1767 2989 re-

342 3057 472 3144 ceptus
499 3039 537 3114 iu
563 3037 703 3143 capella
728 3037 865 3116 domus
886 3039 1036 3145 Templi
1063 3039 1110 3116 de
1139 3039 1264 3118 Insula
1286 3039 1488 3130 Bochardi,
1511 3039 1606 3116 circa
1625 3039 1764 3118 testum

343 3169 551 3274 Epiphanie
571 3167 741 3274 proximo
761 3169 984 3273 preteritum
1001 3168 1156 3246 luerunt
1175 3168 1363 3247 sexdecim
1386 3170 1473 3245 anni
1492 3169 1549 3246 vel
1570 3169 1682 3259 circa,
1699 3200 1767 3277 per

346 3300 489 3376 dietum
504 3297 657 3374 lratrem
668 3298 877 3377 Johannem
894 3298 941 3376 de
956 3299 1092 3378 Sancto
1102 3299 1327 3386 Benedicto,
1341 3299 1578 3405 presentibus
1592 3297 1769 3381 smtribus

344 3429 514 3507 Iohanne
529 3429 698 3506 Durandi
710 3428 898 3533 predicto,
919 3446 957 3505 et
976 3425 1186 3534 Guillelmo
1209 3429 1256 3505 de
1277 3431 1411 3508 Munac
1428 3430 1629 3518 serviente,
1644 3429 1769 3507 Turo-

345 3559 471 3635 nensis
491 3557 667 3644 diocesis,
686 3585 799 3662 quem
819 3557 943 3634 credit·
951 3557 1083 3634 vivere.
1101 3560 1194 3634 Item
1214 3557 1306 3632 vidit
1324 3557 1437 3663 recipi
1456 3555 1607 3634 fratrem
1623 3556 1769 3634 Gaulri-

347 3691 439 3766 dum
460 3688 507 3765 de
519 3689 673 3764 Tencen
687 3686 921 3764 Turonensis
935 3686 1110 3774 diocesis,
1129 3702 1262 3763 testem
1283 3715 1395 3793 supra
1413 3686 1683 3774 examinatum,
1699 3715 1769 3793 per

347 3819 490 3896 dictum
508 3819 661 3896 fratrem
680 3819 890 3896 Johannem
917 3819 964 3895 de
982 3820 1118 3897 Sancto
1138 3817 1359 3908 Benedicto,
1381 3817 1420 3893 in
1438 3817 1601 3924 quadam
1623 3843 1765 3893 camera

346 3949 485 4027 domus
497 3949 647 4056 Templi
663 3949 712 4024 de
730 3947 853 4024 Insula
870 3947 1073 4036 Bochardi,
1091 3937 1149 4024 in‘
1159 3947 1310 4024 instanti
1332 3945 1425 4023 sesto
1441 3945 1676 4025 Ascensionis
1690 3947 1769 4023 Do-

346 4078 440 4154 mini
454 4095 565 4154 erunt
578 4105 624 4157 xv
640 4076 727 4152 anni
741 4076 797 4152 vel
818 4075 931 4166 circa,
948 4075 1188 4182 presentibus
1203 4074 1379 4151 fratribus
1395 4075 1564 4151 Iohanne
1579 4075 1767 4164 Durandi,

348 4205 608 4285 ocGuitlelmo
622 4207 757 4284 Munac
776 4205 969 4312 predictis,
995 4233 1037 4282 ac
1052 4203 1220 4283 Gerardo
1239 4204 1287 4280 de
1307 4205 1435 4310 Nonay
1450 4203 1645 4308 quondam
1660 4203 1772 4282 Vien-

346 4337 471 4413 nensis
487 4334 768 4414 diocesisvidit
780 4334 896 4411 eciam
906 4335 1021 4440 recipi
1034 4321 1444 4422 fratrem’Guillelmum
1458 4330 1505 4408 de
1517 4333 1773 4410 SanctoBene-

345 4467 465 4554 dicto,
488 4466 806 4572 consanguineum
826 4465 943 4570 ipsius
957 4463 1078 4550 testis,
1091 4463 1155 4568 qui
1171 4461 1364 4539 detinetur
1381 4461 1562 4548 Turonis,
1577 4461 1616 4536 in
1627 4460 1772 4568 ¹capella

348 4595 485 4674 domus
494 4595 644 4702 Templi
661 4595 708 4672 de
722 4593 951 4672 Molendinis
961 4591 1182 4670 Pictavensis
1192 4591 1368 4678 diocesis,
1381 4619 1449 4696 per
1462 4591 1604 4667 dictutn
1618 4589 1770 4669 fratrem

347 4726 561 4803 Iohannem
578 4726 624 4801 de
645 4725 781 4804 Sancto
800 4723 1022 4813 Benedicto,
1048 4723 1144 4799 circa
1163 4720 1301 4800 festum
1324 4721 1422 4798 beati
1449 4720 1578 4798 Hilarii
1599 4721 1772 4826 p‘roximo

347 4855 570 4962 preteritum
580 4855 732 4932 luerunt
747 4853 916 4962 quinque
930 4854 1018 4930 anni
1032 4851 1090 4930 vel
1108 4831 1220 4939 circa,
1233 4851 1472 4958 presentibus
1486 4848 1663 4943 fratribus
1673 4847 1775 4928 Guil-

455 4991 564 5054 enoods
586 5011 639 5053 ors
661 5011 833 5053 rennuens.
850 5025 890 5037 -
907 5009 941 5050 ιι.
1589 4984 1625 5043 13
