4320 5898
293 467 295 471 ’
399 507 452 580 sr
796 486 989 578 esoces
1015 505 1110 577 nas
1136 503 1440 576 renarrans.

404 663 509 726 naret
519 648 559 724 in
574 675 670 756 pane
684 664 724 725 et
737 675 834 753 aqua
849 645 1074 724 serristeriis
1089 674 1110 720 a
1125 645 1303 723 Paschate
1314 629 1437 751 usque
1451 644 1710 732 Pentecosten,
1723 643 1827 752 quod

401 795 439 854 et
456 777 556 856 fecit.
573 776 876 868 Aliarinhoaesta
888 804 964 854 non
975 777 1267 854 intervenerunt
1285 775 1325 851 in
1338 775 1567 882 ¹rerepoione
1583 803 1649 854 sua
1664 776 1831 882 predicta

402 938 472 986 nec
507 927 609 1016 post,
639 927 676 986 et
701 908 821 987 eredit
851 909 957 1014 quod
987 908 1242 984 communiter
1271 906 1437 1013 predicta
1471 903 1600 984 illicita
1629 905 1832 984 interveni·
1893 933 1896 940 ’

402 1058 488 1116 rent
504 1041 543 1115 in
559 1039 845 1146 recepoionibus
859 1038 1020 1114 aliorum
1036 1037 1094 1114 vel
1115 1055 1211 1142 post.
1235 1037 1342 1128 Item,
1366 1035 1460 1112 dixit
1480 1063 1520 1114 se
1540 1037 1695 1116 credere
1714 1035 1834 1114 eoele-

402 1172 557 1249 siastiois
572 1171 832 1261 sacramentis,
853 1185 891 1246 et
910 1169 1016 1275 quod
1029 1169 1094 1244 alii
1114 1167 1246 1246 fratres
1261 1167 1406 1246 ordinis
1419 1168 1556 1246 eodem
1571 1169 1688 1246 modo
1703 1168 1833 1248 erede·

404 1319 505 1390 rent,
531 1317 568 1378 et
587 1302 693 1408 quod
705 1328 840 1378 eorum
854 1299 1068 1377 sacerdotes
1086 1297 1216 1390 debite
1231 1295 1478 1391 celebrarent.
1500 1298 1540 1377 Si
1560 1299 1646 1405 quis
1664 1299 1833 1376 exivisset

404 1433 578 1510 ordinem
594 1450 680 1538 post
696 1433 972 1538 recepeionem,
997 1419 1510 1516 suisseteroommunicatus,
1527 1447 1570 1506 ut
1583 1429 1727 1507 audivit
1743 1429 1831 1507 diei.

404 1561 655 1640 Clandestino·
672 1562 963 1669 recipiebantur,
985 1561 1104 1640 nullis
1121 1559 1361 1667 presentibus
1382 1560 1452 1637 nisi
1472 1559 1651 1639 fratribus
1670 1561 1830 1648 ordinis,

405 1693 455 1769 ita
472 1692 578 1796 quod
596 1690 665 1770 filii
685 1692 803 1797 ipsius
821 1693 949 1780 testis,
971 1719 1068 1798 quos
1089 1690 1273 1767 habuerat
1295 1691 1334 1766 in
1355 1687 1507 1781 seculo,
1531 1718 1607 1769 non
1628 1707 1834 1796 potuerunt

404 1849 470 1899 sue
491 1821 706 1928 recepoioni·
725 1821 871 1908 adesse;
896 1823 1099 1928 exquibus
1119 1821 1365 1928 creditquod
1391 1839 1489 1898 essm
1513 1821 1679 1928 suspirio
1704 1839 1833 1900 contra

407 1981 483 2030 eos.
494 1951 673 2031 Cordubs
687 1952 790 2030 unde
802 1951 977 2030 volebant
983 1952 1185 2058 assumptis
1198 1951 1561 2058 cingebantursupsr
1568 1952 1738 2029 oamisias
1746 1981 1832 2030 oum

405 2083 546 2188 quibus
552 2082 739 2190 jacebant.
751 2081 904 2161 Audivia
923 2083 997 2160 diri
1010 2081 1268 2190 quod=absque
1288 2081 1445 2159 lioenoia
1468 2109 1545 2160 non
1566 2100 1741 2188 poterant
1762 2083 1833 2160 nisi

392 2214 664 2293 sacerdotibus
685 2213 831 2290 ordinis
847 2213 1045 2303 confiteri,
1074 2214 1142 2290 sed
1163 2213 1236 2292 sibi
1263 2211 1431 2290 nonfuit
1451 2213 1671 2291 inhibitum.
1691 2215 1835 2290 Fratres

408 2344 551 2422 ordinis
563 2343 724 2422 seientes
740 2371 888 2422 errores
903 2343 1061 2422 fuerunt
1072 2343 1306 2450 negligentes
1317 2345 1406 2450 quia
1422 2372 1500 2423 non
1516 2361 1759 2422 correxerunt
1772 2371 1836 2422 eos

408 2474 1000 2552 necdenunoiaveruntEeelesie.
1022 2475 1256 2553 Elemosinss
1275 2491 1313 2550 et
1327 2473 1619 2580 hospitalitatem
1639 2473 1734 2552 vidit
1747 2503 1836 2552 con-

408 2604 601 2680 venienter
622 2601 705 2680 [ieri
726 2620 764 2680 et
782 2603 918 2682 servari
941 2606 979 2680 in
1003 2604 1179 2681 domibus
1201 2603 1348 2682 ordinis
1367 2605 1407 2679 in
1434 2604 1574 2710 quibus
1593 2604 1717 2681 extitit·
1732 2631 1836 2682 eom·

410 2749 577 2812 moratus
595 2751 681 2812 ante
698 2735 907 2842 ingressum
928 2751 966 2810 et
985 2751 1081 2839 post.
1101 2733 1254 2811 audivit
1275 2733 1348 2810 dici
1366 2735 1471 2840 quod
1487 2762 1620 2812 eorum
1636 2735 1833 2842 capitulio,

404 2865 530 2969 januis
550 2864 703 2955 clausis,
727 2863 845 2942 nuliis
858 2864 1096 2970 presentibus
1113 2865 1184 2942 nisi
1211 2864 1391 2942 fratribus
1410 2849 1574 2955 ordinis,
1596 2865 1833 2944 tenebantur.

410 2996 593 3074 Ordinato
605 3023 675 3100 per
692 2997 912 3103 Magistrum
933 3023 1019 3073 eurn
1041 3011 1229 3072 conventu
1249 3013 1429 3072 servasset
1443 3012 1549 3074 totus
1569 2995 1684 3085 ordo,
1709 3014 1836 3074 contra

409 3153 527 3230 quernw
549 3154 650 3203 nuno
668 3125 824 3232 grandia
841 3123 1033 3210 scandala,
1052 3125 1217 3230 suspicio
1238 3141 1277 3201 et
1298 3123 1451 3204 infamia
1471 3144 1560 3203 sunt
1579 3140 1716 3204 exorta.
1737 3126 1836 3204 Con-

411 3254 541 3332 fessata
572 3283 641 3362 per
672 3283 761 3334 eum
783 3255 903 3336 credit
931 3255 1037 3360 quod
1062 3272 1169 3332 orant
1198 3270 1286 3332 nota
1312 3254 1490 3334 fratribus
1519 3255 1686 3342 ordinis,
1709 3272 1836 3334 contra

410 3413 525 3489 quern
556 3413 715 3494 magnus
744 3385 919 3493 Magister
947 3401 984 3461 et
1012 3383 1075 3461 alii
1104 3385 1283 3463 dicuntur
1302 3383 1426 3492 aliqua
1453 3383 1567 3464 fuisse
1594 3383 1772 3472 consessu
1790 3387 1835 3463 ad

410 3515 518 3618 cujus
531 3513 806 3596 deffensionem
827 3544 866 3592 se
882 3543 959 3593 non
976 3516 1178 3594 obtulerat.
1194 3517 1271 3594 Neo
1290 3516 1343 3592 sic
1363 3517 1592 3624 deposuerat
1604 3545 1735 3622 praee,
1756 3545 1838 3624 pre-

409 3663 529 3752 cepto,
544 3647 692 3736 timore,
701 3676 841 3736 amore,
855 3647 944 3724 odio
958 3647 1017 3725 vel
1032 3647 1197 3726 comodo
1211 3646 1412 3753 temporali
1430 3647 1560 3725 habito
1574 3647 1632 3724 vel
1649 3647 1835 3738 habendo,
1919 3741 1925 3749 ι

409 3778 478 3855 sed
492 3778 727 3881 proteritate
746 3779 929 3868 dicenda,
951 3797 994 3854 ut
1014 3777 1117 3855 dixit.
1133 3777 1206 3856 Cui
1226 3775 1298 3856 fuit
1316 3779 1529 3886 injunctum
1551 3779 1656 3886 quod
1677 3808 1755 3858 non
1778 3808 1838 3858 re·

411 3907 549 3984 voleret
568 3909 665 3986 banc
683 3936 790 3986 suam
806 3907 1104 4013 deposicionem,
1123 3935 1323 4015 quousque
1338 3909 1601 3987 attesteciones
1614 3908 1757 3988 fuerint
1768 3939 1838 4014 pu-

411 4035 559 4114 blicate.

469 4295 597 4372 Frater
611 4295 825 4402 Stephanus
845 4297 893 4374 de
910 4295 1048 4374 Brolio.
1059 4297 1343 4376 Cathalanensis
1359 4298 1518 4378 diocesis
1538 4301 1719 4392 serviens,
1736 4301 1840 4380 testis

411 4454 523 4531 supra
537 4429 700 4533 juratus,
728 4429 986 4534 sexagenarius
1005 4427 1063 4504 vet
1089 4429 1199 4517 circa,
1224 4429 1402 4536 agricola,
1424 4457 1501 4506 non
1528 4429 1717 4508 defferens
1737 4458 1842 4508 man·

412 4558 547 4636 tellum
570 4559 712 4636 ordinis
732 4560 819 4665 quia
840 4559 1048 4636 voluntarie
1063 4560 1193 4665 ipsum
1214 4559 1424 4648 dimiserat,
1453 4579 1491 4638 et
1509 4563 1589 4639 radi
1611 4561 1752 4642 seoerat
1770 4561 1841 4640 sibi

413 4687 584 4776 barbam,
607 4718 692 4766 curn
715 4717 800 4795 quo.
814 4689 975 4767 Senonis
996 4690 1221 4795 inquisitum
1243 4690 1383 4778 suerat,
1400 4691 1597 4771 absolutus
1616 4710 1655 4771 et
1676 4694 1842 4771 reconci-

414 4816 525 4898 liatus
548 4847 615 4925 per
637 4819 837 4898 dominum
862 4820 1078 4926 episcopum
1102 4819 1430 4910 Aurelianensem,
1458 4821 1565 4900 tectis
1585 4841 1624 4901 et
1642 4823 1841 4930 diligenter
