4202 5876
699 529 897 620 rancus
923 547 1019 620 nus
1044 547 1342 622 usurarius
1377 530 1383 542 '
1665 556 1733 626 501

310 705 527 796 susceptum
547 685 696 792 Templi
717 673 889 766 ordinem
916 688 1194 795 derelinquant,
1216 690 1289 766 nisi
1310 689 1460 768 obtenta
1489 691 1641 770 licencia
1663 695 1743 802 ejus

310 819 375 926 qui
397 817 603 896 concedere
619 817 713 895 illud
735 819 868 924 possit3
890 818 1033 897 addens
1054 819 1159 926 quod
1180 820 1320 926 recepti
1340 821 1388 897 ad
1408 821 1550 900 dictum
1570 825 1741 902 ordinem

311 949 508 1028 confestim
523 976 592 1055 pro
612 926 793 1056 professio
809 949 1008 1027 habentur.
1030 951 1113 1056 lpse
1130 967 1255 1028 autem
1270 981 1456 1058 nusquam
1475 954 1564 1032 alibi
1585 954 1656 1032 fuit
1675 955 1739 1034 ubi

312 1080 470 1158 fratrum
494 1079 664 1186 recepcic
679 1079 789 1157 fieret
809 1081 1019 1164 addictum
1040 1082 1231 1172 ordinem,
1254 1083 1325 1158 nisi
1347 1082 1385 1158 in
1404 1083 1519 1161 domo
1536 1086 1653 1162 Mansi
1671 1086 1739 1162 Dei

310 1209 488 1286 duntaxat
509 1208 614 1314 quod
634 1209 741 1287 estin
757 1210 896 1288 diocesi
915 1208 1086 1300 Elnensi‚
1104 1211 1143 1286 in
1154 1212 1260 1318 cujus
1274 1209 1411 1315 capella
1431 1209 1562 1287 fratres
1576 1211 1623 1288 de
1636 1239 1741 1291 more

310 1341 545 1447 recipiuntur
554 1321 682 1446 jannis
702 1340 835 1418 clausis
857 1341 937 1448 ejus
956 1358 995 1417 et
1012 1341 1170 1420 exclusis
1185 1340 1364 1418 omnibus
1377 1358 1504 1447 preter
1521 1339 1663 1418 fratres.

365 1471 422 1548 Ad
438 1471 693 1550 xxxvnr--lvu
714 1471 889 1548 articulos
901 1471 1098 1560 inclusive,
1116 1471 1316 1578 diligenter
1327 1489 1364 1548 et
1379 1471 1567 1578 sigillatim
1581 1473 1740 1550 interro-

307 1619 430 1708 gatus,
447 1603 594 1708 negavit
607 1602 707 1708 ipsos
723 1601 898 1681 articulos
914 1619 951 1680 et
967 1602 1092 1679 omnia
1113 1619 1151 1678 et
1165 1603 1308 1708 singula
1325 1619 1496 1682 contenta
1511 1602 1549 1677 in
1565 1603 1637 1692 eis3
1659 1603 1739 1680 adi-

308 1733 410 1808 ciens
431 1759 555 1808 senec
573 1731 666 1808 scire
689 1759 760 1808 nec
780 1731 932 1809 credere
953 1731 1078 1838 aliqua
1099 1749 1272 1809 contenta
1292 1731 1424 1808 inillis
1443 1761 1528 1810 vera
1546 1761 1643 1820 esse,
1670 1761 1739 1810 nec

308 1861 346 1936 in
367 1861 502 1938 ordine
517 1859 668 1966 Templi
689 1858 816 1968 aliquo
835 1878 1004 1968 tempore
1026 1861 1140 1943 fuisse
1161 1861 1368 1940 commissa.

363 1990 423 2068 Ad
438 1990 631 2070 lvnr--lxx
646 1989 821 2067 articulos
840 1969 1036 2080 inclusive,
1057 1990 1257 2097 diligenter
1271 2007 1311 2068 et
1327 1990 1515 2097 sigillatim
1536 1993 1739 2100 interroga-

307 2139 385 2214 tus,
404 2121 551 2228 negavit
570 2120 671 2228 ipsos
692 2119 868 2198 articulos
889 2139 927 2198 et
952 2121 1078 2197 omnin
1100 2138 1138 2198 at
1157 2120 1304 2228 singula
1328 2138 1505 2199 contenta
1530 2123 1568 2198 in
1593 2124 1664 2212 cis,
1693 2152 1738 2201 eo

308 2249 406 2328 salvo
425 2252 531 2358 quod
550 2250 687 2328 fatetur
710 2250 815 2358 quod
840 2249 972 2333 fratres
993 2251 1163 2358 ejusdem
1184 2251 1345 2340 ordinis,
1373 2279 1416 2328 ex
1441 2267 1578 2328 statuto
1604 2253 1735 2358 ipsius,

302 2380 486 2487 jubentur
506 2409 572 2460 sue
593 2381 822 2487 recepcionis
839 2397 1011 2487 ternpore
1028 2410 1177 2487 semper
1195 2383 1276 2460 sine
1296 2381 1573 2461 intermissione
1588 2400 1737 2488 portare
1819 2375 1821 2382 ¹

307 2537 418 2616 supra
437 2511 604 2589 camisias
624 2509 796 2591 cordulae
812 2511 992 2618 quasdam
1009 2511 1057 2588 de
1070 2511 1166 2601 lino,
1189 2511 1247 2589 vel
1262 2513 1310 2589 de
1326 2539 1481 2618 canape,
1497 2512 1552 2588 vel
1571 2512 1618 2588 de
1635 2513 1735 2601 lana,

307 2658 439 2718 tennes
459 2659 496 2718 et
515 2641 686 2750 graciles,
710 2642 777 2719 sod
800 2666 885 2719 cum
905 2658 1087 2720 vetustate
1112 2659 1350 2748 rumpuntur,
1374 2641 1561 2748 recipiunt
1579 2659 1618 2718 et
1636 2671 1739 2720 assu-

306 2787 417 2850 munt
436 2771 542 2860 alias,
567 2800 645 2851 uon
665 2773 713 2848 ad
730 2789 867 2848 certam
887 2771 1180 2880 longitudinem,
1206 2773 1271 2850 sed
1289 2773 1385 2850 sicut
1402 2771 1456 2850 eis
1475 2772 1620 2877 placet,
1639 2788 1677 2849 et
1697 2793 1740 2849 nt

307 2903 360 2978 eis
383 2902 529 3008 possint
549 2903 658 3009 cingi.
676 2903 758 2980 Non
780 2920 907 2980 tamen
928 2900 1077 2980 audivit·
1089 2929 1159 2980 nec
1179 2903 1284 2980 scivit
1303 2929 1373 2980 nec
1392 2903 1512 2981 credit
1527 2903 1633 3010 quod
1651 2933 1736 2980 cum

308 3031 417 3112 diens
431 3033 595 3110 cordulis
615 3033 737 3138 capud
755 3033 859 3140 ydoli
879 3033 1049 3142 cingetur
1066 3061 1135 3138 per
1156 3033 1320 3139 aliquem
1341 3033 1389 3108 de
1409 3031 1518 3110 (lictis
1543 3032 1734 3122 fratribus,

306 3191 374 3242 nec
390 3193 410 3241 a
426 3194 465 3242 se
478 3163 688 3272 aliqualiter
701 3164 821 3270 capud
836 3162 894 3242 vel
912 3163 1067 3270 ydolum
1077 3192 1143 3241 sna
1159 3164 1311 3242 cordula
1321 3181 1461 3242 tactum
1473 3163 1596 3244 fuerit.
1612 3166 1738 3242 Dictus

306 3312 431 3372 antem
452 3293 641 3387 cordulae,
668 3311 710 3372 nt
730 3293 838 3382 dixit,
865 3310 1015 3400 portant
1038 3293 1247 3402 insignum
1272 3293 1479 3372 honestatis
1502 3311 1537 3372 et
1560 3294 1736 3371 castitatis

306 3455 326 3501 a
347 3453 386 3504 se
400 3427 584 3532 promisse
602 3443 773 3531 tempore
792 3451 870 3531 quo
890 3423 939 3500 ad
957 3425 1102 3501 dictum
1123 3423 1297 3502 ordinem
1317 3441 1571 3501 assumuntur.

363 3557 421 3634 Ad
440 3556 680 3634 lxm-lxxxii
695 3555 870 3633 articulos
886 3553 1080 3643 inclusive,
1100 3553 1300 3659 diligenter
1319 3571 1358 3631 et
1372 3553 1559 3661 sigillatim
1577 3552 1737 3631 interro·

304 3705 426 3794 gatus,
457 3686 690 3794 respondens
712 3685 858 3794 negavit
874 3686 975 3792 ipsos
993 3684 1169 3762 articulos
1189 3701 1227 3763 et
1246 3683 1390 3791 singula
1410 3701 1585 3782 contenta
1606 3684 1732 3774 ineis,

306 3834 460 3923 excepto
478 3845 525 3896 eo
538 3817 643 3924 quod
654 3815 848 3894 confessus
869 3816 1046 3923 estquod
1066 3843 1109 3892 ea
1126 3843 1201 3922 que
1218 3811 1317 3891 liunt
1333 3815 1372 3890 in
1388 3813 1558 3920 capitulis
1571 3813 1660 3890 dicti
1675 3842 1735 3891 or-

306 3947 405 4025 dinis
420 3947 571 4055 Templi
589 3945 732 4025 debent
752 3963 892 4024 secreta
908 3962 1035 4024 tenere
1059 3944 1114 4024 illi
1136 3946 1201 4052 qui
1224 3944 1276 4022 ibi
1301 3944 1553 4022 interfuerunt
1576 3962 1614 4023 et
1639 3944 1733 4021 nulli

305 4077 364 4154 alii
385 4079 565 4168 revelare,
589 4077 706 4156 eciam
729 4077 759 4154 si
784 4076 916 4156 fratres
936 4076 1009 4156 sint
1024 4075 1194 4186 ejusdem
1214 4075 1374 4164 ordinis,
1401 4075 1472 4153 nisi
1494 4074 1733 4152 interfuerint
1869 4103 1876 4118 ·

303 4207 342 4283 in
360 4209 514 4287 eisdem.

359 4339 455 4418 Item
472 4340 564 4417 dixit
579 4339 684 4446 quod
698 4337 829 4416 fratres
844 4337 1014 4446 ejusdem
1028 4339 1190 4428 ordinis,
1205 4355 1318 4446 prout
1335 4339 1472 4428 credit,
1490 4367 1567 4416 non
1580 4337 1734 4415 fuerunt

303 4471 536 4579 negligentes
555 4470 740 4578 corrigere
762 4495 908 4548 errores
928 4470 975 4547 de
997 4470 1136 4577 quibus
1156 4469 1277 4576 agitur
1296 4470 1336 4545 in
1360 4467 1540 4558 articulis,
1564 4497 1635 4548 nec
1653 4467 1733 4546 fue-

301 4617 392 4678 runt
412 4600 561 4677 desides
579 4627 644 4678 eos
663 4599 828 4678 Ecclesie
848 4599 1040 4676 nunciare.
1061 4599 1109 4676 Et
1133 4599 1207 4676 hoc
1224 4599 1311 4676 ideo
1333 4597 1426 4675 dixit
1440 4598 1545 4703 quod
1567 4597 1606 4672 in
1628 4596 1729 4673 dicto

303 4730 545 4821 ordine,'nec
563 4731 603 4807 iu
623 4731 746 4836 aliqua
767 4730 848 4840 ejus
873 4745 994 4836 parte,
1021 4758 1092 4808 uec
1110 4729 1212 4836 apud
1231 4727 1363 4806 fratres
1384 4727 1547 4834 aliquos,
1569 4725 1729 4833 predicti

304 4887 450 4940 errores
469 4861 625 4940 inicium
646 4861 772 4970 aliquo
792 4878 963 4967 tempore
983 4861 1213 4953 hahuerunt,
1240 4877 1278 4938 ct
1296 4859 1384 4938 ideo
1406 4887 1475 4936 nec
1499 4857 1633 4964 corrigi
1660 4885 1730 4934 nec
