4320 5898
728 494 1374 590 raoctsorsraurmrus.
1483 459 1484 462 Ὺ
1700 521 1760 590 *77

240 685 244 694 ’
340 652 492 734 ordinis.
515 651 692 732 Cordulis
711 654 814 734 unde
839 656 1014 734 volebant
1034 657 1235 764 assumptis
1255 655 1501 764 cingebantur
1517 684 1632 764 super
1649 657 1763 736 cami·

338 782 409 862 sias
437 812 524 861 cum
556 783 696 890 quibus
724 786 909 893 jacebant.
943 787 1159 895 lnjunctum
1188 787 1262 864 luit
1291 786 1362 865 sibi
1387 803 1424 864 et
1452 786 1527 863 illis
1549 814 1645 893 quos
1670 788 1764 865 vidit

338 912 453 1020 recipi
473 942 521 991 ne
539 913 748 992 revelarent
762 934 904 994 secreta
921 915 1187 1023 capitulorum,
1206 917 1254 994 de
1270 916 1386 994 modo
1407 916 1637 1021 recepcionis
1657 916 1761 995 nulla

337 1043 487 1151 speciali
506 1043 632 1122 habita
652 1046 866 1136 mancione,
889 1062 927 1122 et
946 1046 1064 1124 credit
1082 1046 1189 1152 quod
1203 1046 1306 1124 idem
1327 1047 1586 1154 injungeretur
1604 1045 1703 1138 aliis,
1725 1064 1762 1124 et
1841 1049 1845 1058 '

337 1173 368 1252 si
396 1173 643 1268 revelassent,
670 1176 789 1254 nescit
808 1175 839 1254 si
860 1193 898 1252 ct
922 1175 1085 1283 qualiter
1102 1175 1224 1282 puniti
1242 1175 1412 1254 fuissent.
1432 1175 1585 1283 Absque
1606 1177 1761 1255 licencia

337 1331 414 1383 non
443 1322 615 1412 poterant
639 1305 722 1383 aliis
749 1335 862 1414 quam
887 1305 1144 1385 sacerdotibus
1169 1306 1313 1384 ordinis
1338 1305 1532 1399 confiteri,
1553 1308 1642 1415 quia
1660 1308 1762 1386 dice·

335 1435 447 1514 batur
461 1436 515 1514 eis
533 1465 647 1543 quarn
664 1436 727 1514 alii
746 1465 826 1514 non
841 1437 1031 1516 habebant
1049 1452 1272 1543 potestatem
1295 1436 1510 1516 absolvendi
1529 1440 1700 1531 eosdem,
1723 1456 1762 1516 et

336 1565 414 1671 ipse
435 1566 600 1644 obtinuit
616 1566 809 1644 licenciam
826 1565 1032 1645 confitendi
1046 1583 1175 1644 curato
1191 1567 1374 1672 predicto.
1390 1566 1623 1646 Elemosinas
1643 1585 1680 1646 et
1695 1569 1760 1646 ho

336 1697 576 1805 spitalitatem
593 1697 687 1777 vidit
706 1698 973 1776 convenienter
986 1697 1068 1774 fieri
1086 1715 1124 1774 ct
1142 1697 1277 1775 servari
1293 1697 1332 1773 in
1354 1697 1533 1776 domibus
1549 1697 1693 1778 ordinis
1719 1700 1759 1774 in

335 1826 475 1934 quihus
499 1828 637 1906 exstitit
664 1845 929 1907 commoratus.
954 1827 1253 1907 Dellendebatur
1278 1827 1333 1906 eis
1358 1854 1405 1904 ne
1430 1828 1569 1946 ipjuste
1593 1827 1760 1933 acquire-

335 1974 421 2035 rent
449 1957 585 2036 ordini.
617 1957 771 2038 Audivit
798 1959 872 2037 dici
905 1959 1011 2064 quod
1038 1986 1170 2036 eorum
1201 1958 1378 2066 capitalia
1404 1945 1499 2034 clard
1519 1957 1757 2048 tenebantur,

335 2085 453 2166 nullis
471 2088 710 2195 presentibus
734 2088 805 2166 nisi
824 2087 1002 2166 iratribus
1023 2089 1192 2179 ordinis,
1209 2105 1247 2166 et
1271 2088 1376 2194 quod
1400 2087 1569 2165 ordinata
1591 2115 1659 2194 per
1681 2087 1760 2166 Ma-

334 2216 492 2323 gistrum
509 2245 596 2295 cum
611 2235 797 2296 conventu
815 2234 996 2296 servasset
1007 2234 1109 2296 totus
1125 2218 1236 2307 ordo,
1256 2234 1386 2295 contra
1402 2245 1516 2324 quem
1532 2246 1635 2294 nunc
1648 2243 1758 2324 gran-

335 2347 397 2424 dia
412 2348 601 2437 scandala,
622 2348 786 2456 suspicio
804 2365 843 2426 et
862 2347 1014 2426 infamia
1030 2365 1120 2425 sunt
1138 2365 1279 2439 exorta,
1294 2347 1341 2424 ad
1360 2346 1467 2453 cujus
1484 2345 1756 2424 deffensionem

333 2503 373 2554 se
393 2476 584 2557 obtulerat
601 2505 678 2556 una
695 2505 784 2556 cum
801 2477 981 2583 pluribus
997 2477 1092 2555 aliis.

388 2585 605 2715 llequisitus
619 2609 650 2686 si
664 2608 716 2686 sic
731 2608 958 2714 deposuerat
975 2635 1105 2714 prece,
1116 2623 1311 2714 precepto,
1327 2607 1479 2694 timore,
1489 2632 1634 2694 amore,
1647 2606 1754 2695 odio,

332 2735 391 2814 vel
410 2737 611 2844 temporali
626 2737 787 2816 comodo
808 2737 939 2815 habito
954 2736 1012 2815 vel
1030 2735 1220 2825 habendo,
1241 2735 1437 2842 respondit
1455 2734 1560 2843 quod
1577 2763 1667 2824 non,
1689 2737 1757 2814 sed

332 2895 402 2972 pro
426 2867 580 2947 veritate
607 2867 782 2959 dicenda3
811 2867 871 2946 cui
898 2867 971 2946 luit
994 2867 1206 2976 injunctum
1231 2867 1335 2974 quod
1358 2893 1434 2943 non
1454 2865 1636 2945 revelaret
1661 2866 1757 2944 hanc

332 3026 439 3076 suam
459 2999 757 3106 depositionem,
778 3025 977 3110 quousque
994 2998 1255 3080 attestaciones
1270 2995 1412 3076 luerint
1430 2996 1630 3104 publicato.

387 3261 558 3340 Prolatus
574 3261 686 3338 frater
701 3259 897 3368 Philippus
917 3263 965 3340 de
986 3263 1125 3351 Mania,
1148 3261 1201 3338 eri
1223 3261 1465 3354 examinatus,
1486 3260 1558 3339 suit
1577 3262 1756 3340 reductus

331 3391 380 3470 ad
399 3392 630 3498 presenciam
654 3390 845 3469 dictorum
874 3391 1118 3470 dominorum
1149 3391 1504 3483 commissariorum,
1526 3391 1566 3468 in
1590 3399 1754 3498 quorum

331 3522 522 3628 presencia
542 3521 616 3602 tuit
636 3520 671 3598 ei
691 3521 787 3598 lecta
800 3537 839 3598 et
858 3521 897 3598 in
914 3522 1057 3632 vulgari
1078 3522 1243 3627 exposita
1274 3521 1465 3627 deposicio
1488 3549 1554 3598 sua
1574 3519 1753 3628 predicta,

331 3677 444 3757 quarn
464 3655 566 3733 idem
590 3653 704 3732 frater
726 3651 924 3761 Philippus
949 3653 1111 3742 iteravit,
1135 3669 1174 3730 et
1193 3679 1261 3760 per
1275 3651 1536 3758 juramentum
1556 3651 1752 3756 prestitum

331 3811 414 3862 eam
434 3813 513 3866 esse
540 3815 665 3865 veram
690 3784 850 3863 asseruit
872 3801 987 3891 prout
1004 3784 1219 3862 continetur
1242 3783 1281 3859 in
1304 3811 1358 3862 ea.

386 4045 514 4122 Frater
525 4046 715 4124 lohannes
726 4043 899 4124 Rocherii
915 4045 963 4126 de
975 4046 1121 4125 Grandi
1132 4044 1277 4124 Vill'arii
1297 4045 1478 4136 serviens,
1493 4045 1755 4125 Ambianensis

331 4173 505 4267 diocesis,
520 4175 627 4253 testis
640 4204 751 4283 supra
762 4177 921 4284 juratus,
937 4178 1045 4256 etatis
1057 4203 1170 4254 xxxur
1184 4204 1371 4258 annorum
1388 4176 1446 4252 vel
1464 4177 1569 4265 circa,
1584 4176 1648 4283 qui
1665 4175 1755 4253 citra

330 4303 428 4382 duos
444 4332 592 4382 menses
607 4305 814 4384 voluntarie
835 4307 980 4386 dimisit
998 4305 1223 4384 mantellum
1239 4323 1278 4384 et
1291 4306 1373 4384 radi
1388 4304 1477 4383 lecit
1494 4306 1565 4384 sibi
1580 4306 1753 4396 barbam,

328 4431 521 4513 absolutus
541 4452 579 4513 et
588 4435 850 4514 reconciliatus
866 4465 934 4543 per
951 4437 1151 4516 dominum
1172 4435 1494 4544 archiepiscopum
1511 4439 1753 4526 Remensem,

328 4564 395 4671 qui
407 4565 647 4673 inquisiverat
662 4595 749 4644 cum
766 4565 915 4658 eodem,
929 4568 1036 4646 lectis
1047 4583 1084 4666 et
1095 4566 1295 4674 diligenter
1305 4567 1481 4673 expositis
1491 4567 1563 4646 sibi
1576 4568 1755 4646 omnibus

328 4710 367 4772 et
385 4695 543 4802 singulis
561 4695 741 4787 articulis,
764 4699 960 4805 respondit
975 4727 1014 4776 se
1029 4698 1190 4790 nescire,
1211 4727 1281 4776 nec
1298 4697 1470 4790 credere,
1482 4727 1552 4776 nec
1568 4699 1753 4778 audivisse

330 4824 402 4902 dici
413 4825 462 4902 de
471 4827 704 4905 coutentisin
715 4827 846 4905 eisnisi
855 4828 961 4935 quod
972 4828 1262 4936 sequitur.Dixit
1272 4829 1375 4905 enim
1386 4827 1548 4908 sefuissc
1559 4848 1751 4935 receptum
