4210 5882
432 533 506 608 teo
822 509 1019 601 Pnocts
1045 529 1140 600 ons
1166 526 1462 600 reuertens

429 667 572 754 vendis,
596 684 632 744 et
652 665 828 744 mantello
850 667 921 745 sibi
937 667 984 742 ad
997 666 1136 744 collum
1150 666 1290 773 posito,
1307 665 1428 743 dictus
1441 665 1624 771 recipiens
1643 666 1751 744 traxit
1767 695 1846 744 eum

430 797 478 873 ad
492 815 634 904 partem
654 797 694 873 in
710 797 871 904 quadam
891 796 1031 904 capelle
1050 811 1152 874 retro
1176 797 1303 885 altare,
1324 815 1361 874 et
1380 795 1546 873 ostendit
1565 795 1636 874 sibi
1651 800 1845 903 quamdam

429 955 578 1005 crucem
593 927 640 1003 de
660 926 760 1034 ligno
777 928 815 1003 in
835 956 907 1033 qua
929 943 1006 1004 erat
1019 954 1152 1034 ymago
1172 926 1290 1003 Ihesu
1305 924 1469 1003 crucifixi
1490 925 1652 1032 depicta,
1676 945 1713 1006 et
1732 956 1847 1033 prece·

427 1059 485 1164 pit
499 1059 604 1164 quod
620 1075 770 1163 spueret
788 1075 846 1134 ter
860 1086 970 1161 supra
991 1057 1126 1132 dictam
1149 1085 1299 1134 crucem
1322 1073 1361 1134 et
1378 1057 1610 1164 ymaginem,
1633 1075 1670 1134 et
1689 1057 1784 1163 ipse,
1805 1057 1845 1135 de

429 1189 602 1265 mandato
618 1187 750 1292 ipsius,
766 1185 870 1263 [inxit
880 1187 984 1292 quod
995 1203 1147 1294 spueret
1157 1213 1268 1292 supra
1279 1215 1443 1276 crucem,
1456 1187 1523 1266 sed
1535 1217 1727 1295 nunquam
1740 1189 1843 1294 spuit.

485 1319 734 1423 Interrogatus
760 1317 807 1392 de
834 1317 978 1405 osculo,
1001 1317 1093 1393 dixit
1116 1345 1184 1423 per
1205 1317 1461 1424 juramentum
1486 1347 1599 1396 suum
1620 1321 1726 1426 quod
1748 1319 1846 1396 finxit

428 1447 582 1525 osculari
600 1446 739 1523 dictum
755 1447 998 1552 recipientem
1015 1447 1054 1523 in
1074 1447 1149 1522 fine
1170 1446 1275 1553 spine
1292 1447 1410 1538 dorsi;
1432 1449 1500 1524 sed
1518 1477 1714 1556 nunquam
1733 1451 1845 1556 tetigit

427 1577 535 1655 illum
556 1577 625 1666 ibi,
648 1594 685 1654 et
700 1594 828 1682 postea
850 1576 1035 1655 osculatus
1055 1575 1126 1654 suit
1151 1606 1238 1654 eum
1260 1576 1299 1654 in
1326 1579 1506 1656 umbilico
1531 1597 1568 1656 et
1591 1582 1630 1656 in
1653 1608 1732 1658 ore.
1752 1581 1845 1658 Dixit

426 1683 544 1784 eciam
564 1735 632 1812 per
644 1705 901 1813 juramentum
918 1735 1029 1784 suum
1045 1706 1149 1812 quod
1168 1705 1370 1784 inhibitum
1386 1706 1456 1785 fuit
1469 1708 1538 1785 sibi
1551 1737 1597 1786 ne
1614 1728 1845 1819 cognosceret

425 1835 620 1925 mulieres,
643 1834 711 1912 sed
730 1835 760 1911 si
782 1835 882 1912 calor
905 1835 1081 1912 naturalis
1102 1854 1270 1912 moveret
1288 1865 1392 1925 eum,
1415 1837 1675 1914 commisceret
1700 1867 1738 1914 se
1763 1866 1842 1916 cum

287 2049 298 2074 ⁹
426 1964 601 2042 fratribus
621 1966 714 2052 suis,
737 1982 775 2041 et
789 1966 863 2042 hoe
879 1965 925 2041 ab
950 1965 1030 2041 aliis
1048 1981 1248 2068 pateretur.
1269 1965 1371 2041 Dixit
1390 1983 1517 2044 tamen
1538 1967 1643 2072 quod
1659 1995 1842 2075 nunquam

425 2095 528 2186 fecit,
550 2123 620 2172 nec
639 2094 711 2171 Iuit
724 2094 940 2200 requisitus.
1166 2091 1168 2099 ’

480 2227 731 2330 Interrogatus
751 2242 879 2300 utrum
903 2223 1051 2330 aliquos
1067 2225 1198 2302 fratres
1217 2227 1402 2332 receperit
1428 2227 1468 2302 in
1495 2228 1642 2318 ordine,
1673 2229 1764 2306 dixit
1781 2259 1843 2334 per

419 2358 678 2463 juramentum
697 2383 807 2431 suum
828 2355 933 2462 quod
953 2355 1005 2432 sic
1026 2355 1137 2444 duos,
1160 2384 1324 2462 quorum
1343 2384 1443 2434 unus
1463 2358 1661 2435 vocabatur
1684 2359 1846 2444 Thomas,

422 2484 634 2591 bergerius‚
659 2502 697 2562 et
711 2485 817 2561 iIIum
841 2486 983 2590 recepit
995 2513 1063 2591 per
1082 2485 1190 2562 ilIum
1205 2485 1379 2577 modum3
1406 2505 1445 2564 et
1461 2488 1556 2565 alter
1580 2487 1695 2566 freter
1717 2491 1842 2566 Petrus

424 2615 471 2692 de
491 2616 680 2705 Fontanis,
700 2631 737 2692 et
747 2616 888 2721 recepit
901 2644 969 2720 per
979 2615 1087 2692 illum
1098 2615 1255 2692 modurn
1265 2645 1458 2724 perquem
1469 2619 1562 2695 dixit
1575 2618 1842 2698 seIuisserece-

422 2764 541 2850 ptum.
563 2745 779 2852 Requisitus
798 2762 926 2822 utrum
945 2745 1039 2823 vidit
1064 2746 1206 2850 aliquos
1226 2746 1355 2825 fratres
1375 2749 1491 2854 recipi
1512 2749 1550 2824 in
1573 2749 1674 2826 dicto
1695 2751 1838 2838 ordine,

424 2875 515 2951 dixit
530 2875 635 2980 quod
650 2875 703 2952 sic
717 2875 845 2980 viginti
858 2876 917 2953 vel
931 2876 1042 2966 circa,
1061 2894 1097 2953 et
1110 2876 1230 2954 credit
1244 2879 1350 2983 quod
1364 2907 1496 2956 omnes
1508 2907 1576 2984 per
1589 2880 1751 2958 similem
1764 2909 1841 2957 mo-

423 3005 515 3080 dum
529 3005 796 3112 reciperentur.
808 3007 1022 3109 Requisitus
1036 3022 1165 3082 utrum
1175 3007 1227 3094 vi,
1241 3008 1298 3081 veI
1309 3025 1414 3084 metu
1430 3011 1585 3084 carceris
1604 3039 1671 3084 seu
1684 3028 1840 3086 tormen-

421 3153 564 3224 torum,
587 3153 650 3212 aut
671 3135 743 3212 alia
761 3137 808 3212 de
826 3163 953 3228 causa,
971 3134 1134 3241 aliquam
1155 3134 1290 3213 dixerit
1306 3134 1502 3213 falsitatem
1521 3153 1586 3214 aut
1605 3137 1840 3214 immiscuerit

421 3269 460 3342 in
482 3265 724 3371 deposicione
751 3293 832 3355 sue,
860 3265 953 3343 dixit
977 3293 1045 3371 per
1064 3266 1319 3372 juramentum
1344 3294 1455 3343 suum
1478 3266 1584 3372 quod
1608 3295 1700 3354 nom
1727 3267 1838 3344 immo

420 3395 511 3473 dixit
532 3425 664 3500 puram
688 3413 726 3474 et
741 3424 882 3472 meram
897 3396 1099 3474 veritatem.
1135 3485 1137 3492 y
1664 3381 1667 3388 ’

474 3659 568 3734 Item
585 3656 699 3736 frater
719 3659 892 3736 Matheus
914 3659 960 3736 de
977 3659 1125 3737 Tabula
1142 3676 1267 3738 custos
1286 3661 1421 3737 domus
1443 3659 1489 3737 de
1506 3659 1678 3739 Druelles
1695 3660 1838 3738 Ambia-

419 3789 545 3865 nensis
556 3788 732 3880 diocesis,
755 3789 861 3867 etatis
874 3789 1143 3896 quinquaginta
1156 3818 1341 3868 annorum
1353 3790 1412 3867 vel
1426 3791 1535 3883 circa,
1544 3793 1693 3898 juratus
1708 3792 1837 3870 eodem

418 3919 533 3996 modo
550 3917 597 3994 de
618 3947 657 3994 se
674 3935 712 3994 et
726 3919 806 3996 aliis
819 3921 858 3994 in
874 3948 982 3997 causa
997 3919 1088 3996 fidei
1105 3921 1228 3998 dicere
1246 3921 1457 4010 veritatem,
1479 3939 1516 3997 at
1531 3921 1777 4028 interrogatus
1792 3921 1834 3997 de

416 4065 587 4153 tempore
609 4065 647 4124 et
665 4049 780 4126 modo
801 4077 868 4126 sue
887 4051 1135 4154 reccpcionis,
1151 4050 1243 4126 dixit
1261 4079 1328 4156 per
1339 4051 1596 4157 juramentum
1612 4081 1721 4130 suum
1738 4051 1835 4159 quod

418 4178 488 4254 suit
502 4196 673 4283 receptus
688 4179 728 4255 in
744 4180 858 4256 domo
875 4180 922 4256 de
940 4180 1134 4270 Fortunio,
1157 4209 1225 4287 per
1243 4182 1470 4258 visitatorem
1485 4182 1638 4260 Francie
1658 4200 1765 4273 tunc,
1783 4182 1837 4259 de

418 4336 497 4384 cem
519 4308 604 4385 anni
622 4326 731 4386 erunt
745 4326 829 4415 post
847 4310 990 4386 instans
1005 4308 1141 4387 festum
1160 4311 1362 4390 Natiuitatis
1376 4311 1530 4389 Domini
1552 4311 1607 4390 veI
1629 4313 1739 4402 circa,
1759 4339 1837 4417 prc-

418 4438 588 4516 sentibus
602 4437 712 4515 Iratre
724 4439 893 4518 Garnero
907 4441 955 4517 de
968 4441 1206 4548 Compendio
1222 4458 1259 4518 et
1270 4440 1383 4519 fratre
1402 4441 1572 4519 Johenne
1592 4443 1834 4529 thesaurario,

415 4586 634 4674 preceptore
658 4569 756 4646 dicte
780 4569 928 4648 domus.
954 4571 1057 4648 Dixit
1084 4572 1198 4650 eciam
1229 4599 1297 4678 per
1314 4572 1570 4679 juramentum
1592 4601 1701 4650 suum
1717 4571 1834 4680 quod,

410 4699 628 4806 juramento
647 4699 752 4776 abeo
772 4701 928 4805 prestito
952 4702 999 4777 de
1020 4702 1260 4779 observandis
1279 4703 1431 4778 secretis
1450 4719 1488 4776 et
1507 4703 1651 4779 statutis
1671 4703 1760 4779 dicti
1780 4730 1836 4778 or-

418 4828 531 4918 dinis,
550 4845 588 4906 et
600 4828 779 4907 mantello
794 4830 841 4908 ad
854 4830 995 4908 collum
1016 4832 1158 4937 posito,
1177 4831 1299 4908 dictus
1320 4832 1504 4938 recipiens
1518 4831 1623 4909 duxit
1637 4859 1724 4909 eum
1740 4848 1835 4908 retro
