4202 5876
370 551 443 626 teo
748 527 957 624 'nnocns
983 548 1080 623 ons
1107 551 1406 626 rnuenlnas,

371 692 468 771 dicta
487 690 547 768 vel
566 690 709 798 prolata
729 692 768 770 in
792 691 961 800 capitulis
984 692 1150 800 pandant
1173 693 1329 799 recepti,
1355 720 1447 769 neve
1468 691 1641 796 detegant
1660 691 1794 797 cuique

370 824 449 913 alii,
473 823 590 900 eciam
610 823 639 899 si
660 821 772 900 lrater
786 824 833 901 sit
852 823 942 902 dicti
961 822 1118 911 ordinis,
1140 823 1211 904 nisi
1239 825 1314 902 illis
1340 824 1515 906 duntaxat
1541 820 1607 928 qui
1634 821 1795 928 capitulo

368 982 435 1032 sue
455 953 686 1060 recepcionis
704 970 875 1060 tempore
895 953 1093 1032 affuerunt.

423 1083 481 1160 Ad
502 1083 643 1173 lxxxnr,
660 1083 798 1162 lxxxnn
809 1101 846 1162 et
860 1084 965 1164 lxxxv
985 1084 1159 1162 articulos
1179 1084 1374 1175 inclusive,
1390 1083 1590 1190 diligenter
1610 1101 1647 1160 ct
1662 1083 1797 1190 sigilla-

367 1215 437 1291 tim
459 1215 727 1322 interrogatus‚
747 1215 979 1322 respondens
999 1215 1093 1293 dixit
1109 1244 1148 1294 se
1162 1217 1316 1294 credere
1331 1233 1522 1295 contentas
1538 1215 1796 1322 deposiciones
1816 1249 1822 1259 ·

368 1344 408 1420 in
428 1344 551 1423 littera
576 1345 874 1424 excellentissimi
901 1346 1044 1424 domini
1069 1348 1186 1424 nostri
1210 1347 1347 1426 summi
1370 1345 1559 1452 pontificis
1578 1345 1741 1453 vulgatas
1762 1363 1797 1422 et

367 1473 568 1580 publicatas
588 1476 627 1550 in
647 1476 726 1583 ejus
747 1504 849 1553 sacro
865 1476 1102 1564 consistorio,
1118 1474 1228 1556 lactas
1244 1505 1323 1554 esse
1344 1505 1412 1582 per
1430 1476 1620 1582 predictos
1639 1476 1704 1582 qui
1725 1476 1797 1554 fra·

365 1622 441 1682 tres
460 1605 573 1682 brisso
595 1607 773 1682 dicuntur
791 1606 935 1683 ordinis
956 1606 1045 1682 dicti
1066 1606 1233 1713 Templi3
1256 1608 1349 1685 dixit
1365 1624 1491 1684 tamen
1510 1607 1615 1712 quod
1634 1635 1793 1712 semper,

367 1735 462 1812 salva
477 1735 700 1814 excellencia
715 1750 754 1814 et
768 1737 913 1814 honore
927 1736 1097 1846 ejusdem
1115 1737 1259 1815 domini
1272 1739 1387 1816 nostri
1401 1737 1538 1815 summi
1554 1737 1743 1842 pontilicis
1759 1757 1796 1814 ct

368 1867 449 1973 ejus
469 1865 679 1944 consistorii
700 1883 810 1972 atque
832 1866 1006 1956 fratrum,
1028 1867 1218 1973 predictos
1237 1867 1368 1948 fratres
1386 1867 1534 1976 Templi
1554 1868 1594 1944 in
1615 1867 1724 1945 dictis
1744 1897 1796 1945 ar-

367 1995 490 2072 ticulis
510 2010 704 2072 contentos
723 1993 814 2073 salso
834 1996 948 2074 modo
966 2013 1003 2072 et
1017 2013 1146 2074 contra
1161 1999 1353 2076 veritatem
1368 1997 1432 2076 illa
1447 2025 1520 2103 que
1534 1997 1694 2076 confessi
1711 2017 1797 2074 sunt

368 2124 503 2202 dixisse
525 2140 564 2201 et
584 2124 770 2204 confessos
791 2153 887 2216 esse,
909 2155 994 2202 cmn
1015 2125 1079 2202 hic
1099 2127 1164 2233 qui
1185 2126 1354 2234 loquitur
1378 2157 1447 2206 nec
1472 2129 1563 2204 sciat
1582 2155 1652 2204 nec
1671 2128 1795 2205 credat

369 2253 489 2332 dictos
514 2279 660 2331 errores
678 2253 735 2332 vcl
764 2255 811 2330 dc
836 2254 910 2332 illis
931 2255 1097 2362 aliquem
1119 2258 1159 2333 in
1185 2257 1285 2336 dicto
1304 2256 1437 2335 ordine
1457 2256 1607 2362 Templi
1628 2287 1793 2363 unquam

367 2383 482 2460 fnisse
502 2400 665 2489 patratos
686 2413 754 2462 nec
775 2385 892 2464 eciam
907 2385 1131 2482 nominatos.

423 2513 482 2589 Ad
496 2513 615 2592 lxxxvr
628 2515 824 2591 articulum
840 2515 1042 2622 diligenter
1057 2517 1322 2624 interrogatus,
1343 2518 1575 2624 respondens
1586 2517 1678 2594 dixit
1690 2521 1795 2624 quod

367 2643 481 2721 frater
498 2643 682 2720 Amaldus
703 2645 750 2722 de
765 2645 987 2723 Torrosclha
1011 2664 1211 2751 preceptor
1236 2647 1370 2725 domus
1389 2647 1538 2750 Templi
1562 2647 1609 2724 de
1630 2649 1796 2728 Garden-

369 2773 448 2849 chis
470 2775 506 2849 in
526 2790 623 2850 terra
642 2773 832 2852 Catalonie
856 2773 996 2880 recepit
1016 2774 1138 2880 ipsum
1161 2773 1200 2852 in
1221 2774 1373 2854 fratrem
1393 2774 1482 2852 dicti
1503 2775 1662 2866 ordinis,
1678 2777 1716 2852 in
1738 2805 1796 2852 ca-

368 2902 466 3008 pella
490 2903 588 2980 dicte
614 2904 769 2993 domus,
797 2904 891 2980 circa
915 2903 1052 2982 festum
1078 2906 1192 2982 sancti
1218 2905 1409 2986 Michaelis
1433 2905 1601 3012 proxime
1627 2906 1793 3013 preteriti

368 3031 521 3110 luerunt
539 3031 633 3111 rur*im
652 3035 737 3110 anni
759 3035 815 3112 vel
837 3035 931 3112 circa
957 3034 1085 3141 elapsi,
1108 3037 1346 3143 presentibus
1371 3053 1408 3112 et
1427 3034 1569 3114 ibidem
1590 3036 1794 3115 astantibus

368 3163 478 3240 Petro
500 3164 547 3240 de
569 3165 810 3243 Montecnrvo
830 3166 967 3254 milite,
988 3167 1254 3246 Bartholomeo
1270 3168 1428 3245 Navarro
1445 3167 1652 3272 presbitero
1673 3167 1795 3272 capel-

368 3293 470 3382 lano,
493 3293 694 3372 Guillelmo
712 3295 759 3372 de
778 3297 987 3386 Passerem,
1009 3300 1047 3375 P.
1071 3297 1119 3374 de
1141 3297 1405 3404 Montesquino
1428 3315 1464 3374 et
1482 3295 1564 3374 aliis
1579 3297 1707 3374 multis
1721 3297 1794 3372 lra-

367 3424 487 3500 tribus
510 3424 680 3531 ejusdem
697 3425 849 3504 ordinis.

425 3555 481 3632 De
500 3556 616 3632 modo
636 3573 760 3632 autem
780 3585 846 3634 sue
867 3559 1113 3664 recepcionis,
1136 3558 1228 3636 dixit
1245 3576 1359 3664 prout
1377 3557 1489 3634 frater
1507 3556 1794 3636 Bartholomeus

371 3684 418 3760 de
436 3685 556 3761 Turre
577 3685 680 3762 testis
699 3687 857 3791 primus,
886 3705 922 3764 et
946 3688 1057 3765 frater
1077 3689 1288 3796 capellanus
1312 3689 1481 3796 ejusdcm
1500 3687 1662 3776 ordinis,
1683 3717 1792 3794 supra

370 3815 462 3892 dixit
481 3832 517 3892 et
537 3815 713 3924 deposuit
733 3817 771 3892 in
790 3846 856 3896 sua
875 3819 1143 3897 testificatione.

426 3946 485 4022 Ad
510 3945 658 4037 lxxxvrn
689 3946 837 4026 lxxxvrn
862 3968 899 4024 et
924 3949 1101 4028 ultimum
1127 3950 1302 4028 articulos
1326 3949 1523 4058 diligenter
1547 3967 1584 4027 et
1604 3949 1792 4050 sigillatim

370 4077 633 4184 interrogatus,
661 4079 892 4180 respondens
917 4081 1064 4182 negavit
1087 4077 1307 4181 simpliciter
1331 4073 1500 4150 universa
1523 4090 1560 4150 et
1587 4071 1730 4178 singula
1754 4072 1791 4148 in

292 4249 307 4274 .
370 4205 460 4310 ipsis
479 4203 643 4281 articulis
661 4213 832 4281 contenta
848 4221 885 4281 et
899 4204 1123 4311 specificata;
1145 4202 1289 4284 addens
1306 4203 1413 4310 quod
1425 4231 1494 4280 nec
1508 4201 1577 4280 scit
1593 4230 1662 4278 nec
1676 4201 1793 4278 credit

371 4362 517 4412 errores
526 4333 715 4441 predictos
725 4333 876 4412 traxisse
888 4335 945 4414 vel
953 4335 1129 4440 habuisse
1139 4335 1321 4442 originem
1333 4361 1550 4411 necnomen
1565 4329 1718 4438 aliquod
1729 4332 1795 4408 ha-

369 4465 496 4544 buisse
514 4465 553 4541 in
573 4465 875 4571 ordineTempli‚
893 4467 1154 4573 etpluseciam
1168 4467 1257 4572 quia
1273 4465 1394 4544 necin
1406 4464 1526 4570 aliqua
1545 4479 1649 4569 parte
1661 4462 1791 4538 mundi

370 4593 468 4702 apud
487 4594 618 4672 fideles
631 4594 777 4704 aliquos
789 4596 1035 4686 Christianos,
1052 4627 1138 4676 cum
1153 4594 1337 4674 diabolica
1352 4597 1425 4674 sint
1440 4625 1482 4672 ca
1492 4622 1566 4702 qne
1581 4611 1794 4672 asseruntur

372 4744 409 4815 et
420 4725 597 4803 dicuntur
611 4726 649 4802 in
667 4727 829 4805 articulis
845 4757 989 4806 errores
1003 4727 1294 4835 exprimentibus
1311 4726 1536 4834 sepedictos;
1557 4753 1626 4802 nec
1644 4723 1714 4801 scit
1725 4751 1793 4800 nec

371 4886 536 4962 unquam
556 4857 648 4936 vidit
666 4886 736 4936 nec
756 4859 917 4938 credidit
937 4860 1054 4966 capita
1072 4859 1129 4938 vel
1148 4858 1259 4966 ydola
1282 4887 1448 4965 unquam
1469 4856 1583 4934 luisse
1602 4856 1640 4934 in
1660 4854 1791 4932 ordine
