4208 5886
385 512 459 584 eoo
760 491 958 584 esoces
988 511 1085 584 uns
1116 511 1426 586 rnurcruas.

381 652 464 741 lite,
487 649 670 728 avunculo
690 651 807 757 ipsius
828 653 951 740 testis,
971 651 1036 758 qui
1063 651 1207 760 aufugit
1227 655 1266 731 in
1288 653 1465 760 capcione
1490 651 1666 742 aliorum,
1694 653 1805 730 Petro

382 781 590 890 Grangero,
607 783 719 860 Petro
735 784 783 862 de
795 782 1021 862 Castellione
1040 781 1305 876 servientibus,
1322 801 1361 862 et
1383 785 1548 890 Symone
1567 781 1615 860 de
1633 779 1806 860 lemvilla

382 913 612 1019 presbitero,
645 913 841 990 defunctis.
873 913 905 990 A
934 941 1012 1020 quo
1035 931 1227 1020 receptore
1257 915 1372 1020 petite
1396 913 1571 994 societate
1598 911 1743 990 ordinis
1771 931 1811 990 et

383 1069 574 1128 concessa,
603 1042 691 1119 fecit
716 1071 805 1120 eum
830 1070 963 1122 vovere
991 1060 1029 1119 et
1048 1043 1176 1149 jurare
1205 1045 1432 1137 castitatem,
1465 1043 1743 1130 obedienciam,
1771 1059 1812 1120 et

383 1173 505 1248 vivere
524 1172 605 1248 sine
621 1173 789 1278 proprio,
813 1189 851 1248 et
865 1199 942 1250 non
956 1171 1121 1248 revelare
1137 1191 1277 1250 secrete
1294 1172 1559 1279 capituliorum
1574 1199 1644 1248 nec
1656 1170 1722 1247 illa
1734 1199 1809 1276 que

385 1301 601 1378 dicerentur
632 1301 777 1390 eidemx
815 1318 853 1379 et
875 1302 1055 1407 imposito
1078 1302 1150 1379 sibi
1182 1303 1383 1390 mantello,
1415 1319 1586 1407 receptor
1615 1318 1653 1378 et
1678 1328 1812 1378 omnes

385 1447 545 1508 astantes
574 1429 728 1506 fuerrmt
755 1458 843 1508 eum
872 1430 1028 1509 osculati
1052 1431 1093 1506 in
1117 1459 1198 1523 ore,
1229 1449 1266 1510 et
1293 1432 1373 1537 ipse
1400 1432 1506 1510 testis
1534 1430 1606 1508 fuit
1623 1429 1812 1508 osculatus

386 1561 550 1640 eundem
571 1576 805 1665 receptorem
826 1560 867 1636 in
887 1559 1069 1638 umbilico
1090 1561 1131 1638 in
1151 1590 1261 1638 carne
1279 1563 1392 1642 nuda.
1419 1563 1598 1666 Postque
1615 1561 1724 1638 allata
1744 1589 1812 1666 per

387 1691 528 1768 dictum
548 1690 800 1795 presbiterum
826 1689 1000 1768 (11111111
1024 1692 1186 1798 quadam
1215 1721 1324 1771 cruce
1348 1691 1542 1770 metallina
1571 1692 1610 1767 in
1632 1719 1707 1797 qua
1732 1709 1813 1768 erat

384 1849 518 1928 ymago
534 1820 726 1914 Crucifixi,
743 1849 856 1926 supra
872 1821 1066 1928 quoddam
1080 1851 1273 1902 scamnum
1296 1823 1492 1914 collocate,
1504 1823 1626 1906 dictus
1638 1838 1811 1927 receptor

385 1952 501 2056 peciit
519 1952 565 2030 ab
584 1950 719 2030 eodem
742 1969 835 2030 teste
859 1953 890 2030 si
910 1953 1087 2030 credebat
1112 1955 1150 2030 in
1173 1954 1281 2032 illum
1305 1955 1370 2060 qui
1393 1953 1719 2059 representabatur
1744 1980 1811 2056 per

387 2081 524 2158 dictam
546 2083 778 2187 ymaginem3
803 2100 841 2158 et
861 2110 906 2158 eo
928 2084 1181 2188 respondente
1202 2086 1307 2190 quod
1334 2085 1401 2172 sic,
1431 2083 1524 2160 dixit
1547 2081 1709 2187 siquod
1733 2108 1812 2158 non

387 2213 558 2289 crederet
576 2213 615 2288 in
633 2241 739 2301 eum,
757 2231 795 2292 et
811 2214 917 2320 quod
930 2214 1055 2320 ipsum
1070 2216 1288 2323 abnegaret,
1304 2216 1392 2321 quia
1411 2215 1484 2292 hoc
1501 2230 1579 2290 erat
1594 2213 1643 2290 (11
1666 2212 1813 2318 punctis

356 2449 362 2458 ι
387 2341 486 2420 dicte
499 2341 705 2448 religionis.
727 2344 824 2421 Cum
839 2361 966 2422 autem
988 2345 1067 2450 ipse
1090 2346 1195 2424 testis
1213 2345 1471 2454 refragaretur,
1497 2344 1617 2420 dictus
1642 2355 1813 2444 receptor

388 2471 481 2549 dixit
506 2473 540 2548 ei
568 2475 673 2578 quod
693 2473 895 2581 abnegaret
917 2501 1066 2567 secure,
1098 2476 1187 2583 quia
1211 2475 1425 2582 capellanus
1450 2474 1640 2579 predictus
1668 2485 1814 2577 poterat

388 2631 476 2680 eum
496 2602 705 2691 absolvere,
732 2620 771 2680 et
791 2604 914 2680 dictus
935 2604 1049 2681 frater
1067 2607 1199 2682 Petrus
1224 2607 1271 2683 de
1294 2606 1506 2684 Castalione
1528 2602 1644 2682 suasit
1659 2601 1694 2678 ei
1708 2599 1813 2706 quod

387 2730 718 2837 faceretpredicta,
731 2747 771 2808 et
783 2749 876 2809 tunc
892 2735 972 2838 ipse
985 2737 1091 2810 testis
1107 2735 1298 2841 abnegavit
1315 2735 1469 2810 ihesum
1486 2760 1569 2820 ore,
1587 2758 1664 2808 non
1681 2727 1812 2818 corde,

389 2862 457 2940 sed
483 2863 531 2938 ad
555 2862 775 2940 mandatum
809 2889 941 2940 eornm
969 2863 1093 2939 noluit
1116 2891 1249 2969 spuere
1276 2861 1547 2969 supradictam
1575 2887 1742 2946 crucem,
1772 2874 1815 2934 ut

391 2991 494 3068 dixit..
521 2992 770 3070 Postmodum
790 2991 883 3068 dixit
904 2992 939 3068 ei
960 2992 1083 3071 dictus
1099 3009 1270 3098 receptor
1291 2993 1393 3099 quod
1416 3019 1493 3068 non
1510 2989 1681 3066 crederet
1696 3013 1813 3066 sacra-

391 3123 529 3200 mentis
543 3123 683 3214 altaris,
701 3151 770 3200 nec
783 3139 880 3200 esset
895 3123 934 3198 in
949 3122 1036 3200 loeo
1048 3126 1176 3229 inquo
1191 3122 1327 3227 aliquis
1338 3122 1590 3226 baptizaretur
1604 3118 1663 3196 vel
1676 3117 1815 3194 mulier

387 3253 526 3358 jaceret
539 3253 587 3329 de
599 3253 814 3358 puerperio,
836 3281 905 3329 nec
920 3251 1025 3356 quod
1040 3249 1192 3328 offerret
1212 3250 1439 3334 admissam,
1460 3275 1530 3324 nec
1543 3245 1816 3324 confiterentur

391 3383 462 3472 nisi
485 3382 741 3460 sacerdotibus
764 3381 907 3459 ordinis
932 3408 1077 3458 eorum.
1102 3379 1184 3456 Alia
1205 3378 1334 3456 illicita
1356 3405 1434 3454 non
1456 3375 1589 3453 recolit
1606 3372 1754 3450 affuisse
1776 3372 1816 3448 in

392 3512 490 3590 dicta
502 3542 568 3590 sua
586 3513 805 3621 recepciono
820 3539 890 3588 nec
902 3528 1003 3618 post,
1026 3511 1183 3589 credens
1196 3509 1301 3616 quod
1317 3508 1450 3586 eadem
1468 3523 1506 3582 et
1522 3533 1599 3584 non
1620 3501 1691 3579 alia
1706 3503 1816 3578 inter·

393 3645 563 3720 venirent
591 3643 843 3722 communiter
868 3659 905 3720 et
927 3641 1071 3747 ubique
1100 3642 1139 3718 in
1165 3639 1449 3746 recepcionibus
1469 3637 1629 3714 aliorum
1660 3633 1816 3710 fratrum

393 3774 537 3854 ordinis
559 3775 618 3851 vel
643 3791 745 3880 post,
775 3771 864 3880 quia
885 3801 951 3877 per
977 3772 1143 3850 eundem
1167 3771 1325 3850 modum
1353 3768 1445 3845 vidit
1470 3769 1508 3842 in
1540 3766 1637 3842 dicta
1660 3761 1813 3869 capella,

394 3923 482 3984 sunt
493 3905 641 3982 circiter
658 3931 693 3984 11
711 3904 817 3990 anni,
838 3903 952 4007 recipi
973 3900 1124 3978 fratrem
1144 3901 1345 3980 Falconem
1366 3900 1413 3978 de
1435 3897 1531 3976 Milli
1551 3895 1728 3984 militem,
1750 3896 1816 4000 qui

394 4035 538 4142 aufugit
564 4035 604 4112 in
629 4035 804 4139 capcione
834 4033 994 4108 aliorum
1015 4032 1376 4139 consanguineorum
1404 4029 1576 4135 ejusdem
1594 4024 1717 4112 testis,
1749 4053 1818 4130 per

394 4164 547 4241 fratrem
560 4166 772 4242 lohannem
794 4162 842 4240 de
857 4163 955 4240 Mars
972 4161 1361 4270 militemquondam,
1383 4159 1620 4267 presentibus
1642 4155 1818 4234 fratribus

394 4295 554 4373 Arberto
575 4295 622 4372 de
642 4294 1029 4400 Villa-super-terram
1048 4293 1248 4383 serviente,
1273 4312 1311 4371 et
1330 4293 1489 4371 Arberto
1508 4289 1733 4396 presbitero,
1756 4315 1819 4364 cu·

328 4463 332 4470 ·
395 4443 477 4502 rato
497 4426 543 4504 de
573 4425 775 4504 Arenteriis
804 4424 1049 4532 lingonensis
1082 4424 1262 4516 diocesis,
1299 4441 1336 4502 et
1363 4421 1502 4504 Viardo
1533 4420 1581 4496 de
1608 4418 1643 4495 la
1670 4415 1818 4496 Talaria

395 4575 613 4663 preceptore
634 4558 771 4638 domus
790 4555 940 4661 Templi
962 4557 1010 4632 de
1031 4555 1065 4633 la
1085 4555 1248 4646 Talaria,
1270 4551 1334 4663 qui
1356 4553 1508 4632 fuerunt
1527 4550 1623 4656 capti
1641 4576 1715 4626 una
1732 4575 1817 4626 cum

395 4689 478 4768 aliis
491 4689 732 4795 Templariis,
754 4689 800 4765 de
816 4716 979 4793 quorum
1001 4687 1071 4764 vita
1091 4687 1148 4764 vel
1164 4703 1285 4766 morte
1307 4713 1385 4764 uon
1402 4683 1518 4760 habet
1532 4678 1813 4760 certitudinem.

395 4819 505 4909 Item,
534 4819 627 4896 dixit
654 4835 871 4926 preceptum
890 4817 961 4894 sibi
981 4817 1095 4896 fuisse
1119 4845 1189 4923 per
1213 4817 1356 4896 dietum
1381 4830 1615 4920 receptorem
1633 4811 1672 4887 in
1688 4837 1819 4915 recep-
