4242 5890
733 533 930 624 esocis
956 550 1052 624 nus
1077 551 1374 624 teupernus.
1693 553 1765 626 337

345 689 589 797 recipientem
609 689 649 768 in
669 717 750 780 ore,
768 691 806 767 in
818 689 999 768 umbilico
1016 707 1052 768 et
1072 709 1188 782 retro,
1203 691 1334 770 subtus
1353 718 1497 783 zonam,
1513 719 1639 770 versus
1652 693 1769 772 {inem

344 823 451 927 spine
471 820 584 900 dorsi.

389 956 494 1034 ,trem
516 953 607 1030 dixit
628 981 695 1059 per
704 953 961 1060 juramentum
981 952 1086 1060 quod
1104 953 1287 1058 recipiens
1299 955 1467 1060 precepit
1480 954 1552 1032 sibi
1566 954 1670 1060 quod
1688 955 1769 1032 abs-

345 1083 482 1159 tineret
495 1109 516 1158 a
529 1081 768 1175 mulieribus,
787 1100 824 1159 et
841 1083 911 1159 iret
930 1082 978 1158 ad
998 1081 1129 1160 fratres
1148 1109 1251 1171 suos,
1273 1083 1320 1159 ad
1341 1082 1559 1161 habendum
1579 1110 1662 1159 rem
1681 1113 1766 1160 cum

347 1211 416 1300 eis,
439 1211 467 1288 si
484 1211 585 1288 calor
603 1212 782 1290 naturalis
801 1227 969 1290 moveret
988 1239 1089 1288 eum.

401 1344 494 1419 Item
510 1341 604 1418 dixit
616 1370 685 1448 per
694 1343 950 1449 juramentum
964 1340 1069 1448 quod
1087 1342 1138 1431 vi,
1158 1341 1216 1419 vel
1229 1359 1335 1420 metu
1354 1342 1510 1419 carceris
1526 1359 1590 1418 aut
1603 1360 1770 1422 tormen-

346 1489 487 1561 torum,
507 1499 584 1550 non
605 1472 697 1550 dixit
716 1471 817 1550 eliud
836 1501 948 1580 quem
969 1473 1180 1561 veritatem,
1203 1501 1272 1549 nec
1294 1472 1333 1547 in
1352 1472 1543 1579 premissis
1563 1473 1771 1552 immiscuit

345 1602 507 1710 aliquem
529 1601 742 1691 falsitatem,
764 1619 828 1680 aut
846 1602 1024 1680 subticuit
1039 1604 1248 1693 veritatem,
1268 1619 1306 1680 et
1315 1604 1420 1708 quod
1431 1631 1564 1708 puram
1573 1604 1767 1682 veritatem

348 1733 438 1810 dixit
450 1761 521 1841 pro
539 1731 656 1811 salute
676 1733 799 1810 anime
819 1761 898 1810 sue.

402 1998 496 2074 ltem
520 2019 636 2088 anno,
660 1994 867 2084 indicione,
893 1993 1130 2102 pontificatu,
1158 2021 1256 2072 enno
1285 2011 1324 2071 et
1348 1995 1410 2071 die
1435 1993 1630 2101 predictis,
1659 1993 1772 2071 frater

348 2124 568 2230 Redulpbus
595 2125 642 2202 de
666 2123 922 2214 Bretencurie,
946 2125 1051 2202 etatis
1084 2149 1166 2204 xxvt
1192 2150 1378 2202 ennortun
1402 2122 1461 2200 vel
1489 2122 1603 2212 circa,
1635 2123 1772 2200 eodem

348 2253 463 2332 modo
477 2255 717 2344 constitutus,
725 2255 872 2363 juratus
885 2272 924 2332 et
936 2256 1199 2362 interrogatus,
1213 2253 1306 2332 dixit
1314 2277 1382 2358 per
1388 2253 1646 2360 juramentum
1661 2281 1771 2331 suum

347 2383 453 2488 quod
472 2383 545 2461 luit
562 2400 734 2489 receptus
752 2385 929 2474 Parisios,
950 2411 1020 2490 per
1037 2385 1189 2462 fratrem
1208 2385 1406 2489 Hugonem
1430 2382 1478 2460 de
1501 2382 1670 2461 Pereudo
1687 2385 1773 2461 visi-

347 2529 507 2590 tatorem
532 2513 699 2604 Francie,
730 2514 769 2590 in
798 2513 893 2592 lesto
913 2515 1016 2592 Beati
1040 2513 1220 2592 lobannis
1247 2514 1409 2618 Baptiste
1433 2513 1567 2592 ultimo
1591 2514 1770 2619 preterito

349 2642 500 2719 luerunt
519 2643 686 2750 quinque
706 2643 811 2732 anni,
833 2642 1071 2748 presentibus
1089 2644 1202 2720 fratre
1225 2641 1395 2720 lobanne
1419 2643 1467 2720 de
1491 2645 1623 2723 Turno
1650 2674 1771 2752 quon·

350 2771 435 2849 dam
466 2773 728 2852 elemosinario
761 2774 904 2852 domini
931 2773 1045 2880 regis,
1077 2772 1188 2850 fratre
1213 2772 1405 2880 Stephano
1435 2773 1568 2863 Peton,
1601 2775 1773 2854 Johenne

349 2903 603 2993 Bras-de-Fer,
620 2905 809 2982 Richardo
826 2906 973 2994 Besoot,
994 2905 1180 2982 Richardo
1197 2903 1243 2981 de
1264 2902 1438 3010 Ceprosia
1457 2901 1665 3010 quadrifico
1685 2906 1773 2984 dicti

350 3034 492 3112 ordinis
511 3034 551 3110 in
572 3035 684 3114 domo
697 3034 847 3139 Templi
867 3034 1092 3128 Pan‘siensis.

404 3168 499 3244 ltem
518 3165 610 3243 dixit
627 3190 696 3271 per
706 3165 963 3274 juramentum
977 3192 1088 3244 suum
1107 3165 1211 3272 quod
1230 3165 1416 3271 recipiens
1436 3161 1524 3244 lecit
1545 3191 1633 3242 eum
1647 3165 1774 3272 jurare

350 3323 494 3374 servare
508 3311 643 3374 statuta
656 3310 693 3374 et
707 3311 848 3374 secrete
863 3295 1024 3383 ordinis,
1039 3311 1077 3372 et
1091 3296 1216 3401 posuit
1231 3293 1303 3374 sibi
1319 3294 1540 3373 mantellum
1553 3295 1602 3373 ed
1616 3294 1772 3384 collum,

351 3443 390 3503 et
407 3423 595 3504 osculatus
614 3423 685 3502 iirit
705 3451 793 3504 eum
813 3424 853 3499 in
874 3450 956 3514 ore,
974 3440 1013 3500 et
1031 3440 1159 3529 postea
1179 3423 1345 3502 ostendit
1363 3423 1436 3500 sibi
1456 3449 1606 3500 crucem
1625 3424 1665 3500 in
1680 3451 1778 3530 quo-

352 3554 438 3631 dem
459 3553 575 3643 libro,
597 3554 662 3634 sed
678 3581 755 3632 non
768 3551 904 3631 recolit
923 3571 1050 3632 utrum
1070 3568 1150 3631 erat
1168 3553 1208 3630 in
1224 3580 1267 3631 ea
1285 3579 1421 3660 ymago
1433 3553 1550 3630 Jbesu
1567 3552 1705 3631 Christi
1717 3553 1776 3631 vel

351 3711 444 3776 non,
466 3701 505 3762 et
525 3684 618 3762 dixit
637 3683 741 3791 quod
759 3682 943 3788 recipiens
966 3681 1134 3789 precepit
1152 3681 1223 3761 sibi
1242 3681 1346 3789 quod
1366 3683 1567 3790 abnegaret
1585 3681 1692 3760 illum
1709 3686 1775 3790 qui

353 3841 481 3919 pessus
500 3812 621 3891 fuerat
633 3813 673 3891 in
687 3813 783 3891 dicto
796 3840 923 3902 cruce,
941 3826 980 3889 et
994 3827 1053 3889 ter
1072 3829 1225 3918 spueret
1238 3831 1352 3918 supra
1365 3839 1464 3903 eam3
1481 3829 1519 3890 et
1537 3813 1617 3918 ipse
1637 3813 1703 3919 qui
1721 3811 1777 3890 lo·

353 3944 482 4052 quitnr
496 3944 588 4022 dixit
602 3943 705 4050 quod
721 3970 797 4022 non
809 3941 961 4032 faceret,
978 3959 1016 4020 et
1026 3956 1116 4020 tunc
1132 3942 1316 4049 recipiens
1327 3942 1451 4020 adbuc
1461 3941 1533 4022 sibi
1548 3941 1774 4049 injunxit,in

354 4074 486 4155 virtute
499 4072 739 4163 obediencie,
755 4072 859 4180 quod
871 4070 945 4150 boc
959 4071 1110 4162 laceret,
1130 4072 1258 4154 dicens
1273 4072 1344 4150 sibi
1357 4073 1462 4180 quod
1474 4071 1550 4150 boc
1566 4070 1715 4150 luceret.
1730 4074 1778 4154 Et

353 4219 444 4280 tunc
460 4204 540 4310 ipse
556 4205 621 4312 qui
634 4203 813 4310 loquitur,
835 4202 966 4280 videns
984 4202 1089 4310 quod
1102 4201 1217 4309 janue
1233 4202 1386 4282 ecclesie
1404 4217 1511 4281 erent
1524 4200 1647 4281 clause
1665 4231 1774 4308 supro

355 4361 458 4423 eum,
477 4349 515 4410 ct
531 4331 636 4442 quod
653 4332 761 4412 multi
772 4349 877 4410 erant
890 4332 943 4410 ibi
958 4331 1089 4410 fratres
1099 4331 1189 4410 dicti
1205 4331 1350 4410 ordinis
1363 4331 1502 4439 quibus
1512 4331 1683 4412 resistcre
1698 4361 1776 4412 non

354 4479 516 4568 poterat,
529 4463 724 4572 abnegavit
733 4489 819 4541 eum
830 4463 896 4570 qui
905 4489 1034 4570 pessus
1041 4461 1114 4540 fuit
1128 4462 1169 4539 in
1184 4461 1283 4540 dicta
1297 4489 1405 4542 cruce
1420 4461 1553 4551 semet,
1572 4479 1609 4544 et
1620 4464 1720 4569 spuit
1730 4466 1778 4542 ed

355 4609 510 4684 terram,
522 4591 714 4700 lingensse
726 4620 860 4701 spuere
870 4619 981 4700 supra
993 4592 1471 4686 crucem,ethoofecitore,
1483 4593 1638 4673 sednon
1650 4595 1775 4674 corde.

410 4723 506 4800 Item
529 4723 623 4802 dixit
641 4752 710 4832 per
724 4723 983 4832 juramentum
1006 4749 1116 4802 suum
1142 4723 1247 4831 quod
1264 4722 1450 4830 recipiens
1470 4722 1564 4801 dixit
1582 4722 1654 4802 sibi
1675 4723 1780 4830 quod

357 4853 386 4928 si
407 4851 508 4932 calor
522 4853 701 4933 naturalis
721 4869 889 4932 moveret
911 4881 1016 4943 eum,
1034 4855 1139 4960 quod
1160 4853 1297 4932 melius
1317 4871 1396 4932 emt
1414 4881 1481 4961 pro
1500 4853 1696 4932 honestate
1717 4881 1780 4932 or-

463 5004 568 5064 rnocts
591 5021 645 5063 oss
666 5019 934 5064 mutusne-n.
1592 4999 1632 5067 43
1688 5085 1696 5128 t
