4486 5890
480 538 549 606 170
776 501 785 524 ’
865 508 1511 601 rnoctsossrenrmsns.

475 674 652 752 mandato
681 671 817 779 ipsius,
844 669 916 748 luit
941 669 1131 751 osculatus
1156 668 1195 745 in
1221 667 1542 778 umbilico‘super
1563 699 1713 750 carnem
1743 675 1899 754 nudam.

474 803 570 880 Cum
592 803 740 882 fecisset
760 829 846 880 cnm
867 801 991 908 primo
1013 828 1145 879 vovere
1165 817 1204 878 et
1219 802 1348 908 jurare
1369 801 1593 895 castitatem,
1618 801 1900 900 obedienciam,

474 951 513 1010 et
528 937 651 1013 vivere
676 936 757 1014 sine
776 934 949 1040 proprio,
977 959 1121 1010 servare
1143 930 1265 1009 bonos
1289 959 1381 1009 usus
1402 949 1440 1008 et
1469 932 1588 1012 bonas
1608 937 1903 1018 consuetudines

476 1065 637 1159 ordinis,
650 1085 689 1144 et
705 1065 947 1172 imposuisset
960 1065 995 1140 ei
1012 1061 1254 1153 mantellum,
1272 1079 1311 1140 et
1325 1060 1457 1142 luisset
1470 1093 1559 1142 eum
1575 1065 1766 1146 osculatus
1785 1069 1902 1148 inore

476 1225 548 1272 una
573 1226 659 1274 cum
684 1197 906 1286 astantibus,
929 1193 1022 1272 dixit
1041 1194 1075 1270 ei
1096 1194 1252 1300 insuper
1270 1193 1375 1300 quod
1394 1192 1572 1274 iratribus
1591 1197 1737 1276 ordinis
1757 1217 1904 1306 poterat

476 1328 674 1406 carnaliter
702 1325 936 1405 commisceri
965 1342 1002 1403 et
1028 1325 1099 1432 ipsi
1128 1353 1214 1401 cum
1246 1350 1311 1412 eo;
1340 1325 1413 1403 hoc
1440 1341 1569 1404 tamen
1599 1355 1678 1406 non
1702 1328 1808 1421 fecit,
1834 1362 1903 1411 nec

476 1458 619 1535 audivit
634 1458 708 1536 dici
723 1457 828 1564 quod
843 1456 941 1534 dicta
958 1454 1089 1533 illicita
1106 1453 1165 1532 vel
1184 1453 1255 1532 alia
1274 1454 1547 1535 intervenirent
1562 1457 1601 1536 in
1616 1462 1902 1569 recepcionibus

475 1587 636 1666 aliorum
657 1587 816 1665 fratrum
841 1585 899 1664 vel
922 1603 1026 1694 post;
1064 1613 1134 1662 nec
1159 1585 1229 1662 scit
1252 1585 1358 1693 quod
1378 1587 1506 1664 credat
1533 1617 1648 1697 super
1670 1591 1761 1676 hoc.
1790 1612 1903 1700 pmut

474 1721 671 1826 respondit
690 1719 910 1825 requisitus,
929 1716 1109 1825 adjiciens
1129 1743 1168 1794 se
1189 1743 1267 1794 non
1282 1716 1437 1796 credere
1454 1719 1560 1826 quod
1578 1749 1663 1799 vera
1684 1723 1761 1800 sint
1780 1724 1902 1832 aliqua

476 1850 523 1928 de
548 1851 735 1930 contentis
756 1851 797 1926 in
816 1847 926 1926 dictis
951 1847 1133 1939 articulis,
1154 1846 1224 1926 nisi
1250 1875 1294 1925 ea
1315 1875 1391 1956 que
1412 1877 1527 1956 super
1547 1851 1742 1960 deposuit,
1765 1872 1803 1932 et
1826 1884 1901 1963 que

475 1999 698 2089 sequuntur.
719 1981 823 2060 Dixit
841 1980 944 2058 enim
964 1979 1069 2088 quod
1089 1980 1168 2087 ipse
1189 1978 1289 2058 bene
1308 1979 1484 2060 credebat
1505 1982 1765 2063 ecclesiasticis
1781 2015 1902 2066 sacra·

476 2113 630 2203 mentis,
655 2131 693 2189 et
712 2111 832 2189 credit
851 2110 956 2219 quod
979 2110 1041 2186 alii
1063 2110 1197 2187 fratres
1221 2109 1365 2188 ordinis
1386 2113 1524 2191 eodem
1544 2115 1664 2193 modo
1683 2117 1899 2206 crederent,

476 2261 514 2321 et
534 2242 639 2349 quod
659 2270 792 2320 eorum
815 2237 1028 2321 sacerdotes
1046 2240 1174 2319 debite
1191 2241 1437 2322 celebrarent.
1462 2242 1618 2323 Dictum
1634 2243 1706 2324 fuit
1726 2247 1760 2325 ei
1782 2249 1821 2326 in
1844 2278 1903 2326 re-

475 2376 653 2480 cepcione
667 2403 732 2452 sua
748 2374 855 2480 quod
869 2372 993 2449 statim
1007 2400 1076 2481 pro
1092 2370 1267 2479 professis
1283 2371 1533 2464 habebantur,
1551 2391 1591 2453 et
1608 2377 1713 2484 quod
1727 2378 1900 2456 ordinem

477 2506 575 2584 exire
590 2533 669 2584 non
683 2519 869 2611 poterant.
887 2502 1129 2582 Clandestine
1143 2502 1433 2609 recipiebantur,
1448 2503 1566 2584 nullis
1577 2507 1818 2612 presentibus
1831 2510 1900 2586 nisi

476 2636 656 2716 fratribus
673 2634 835 2724 ordinis,
856 2661 898 2710 ex
914 2660 991 2740 quo
1012 2633 1133 2712 credit
1151 2633 1256 2740 quod
1275 2650 1373 2712 esset
1389 2635 1552 2741 suspicio
1570 2655 1698 2714 contra
1716 2665 1791 2715 eos.
1813 2639 1902 2717 Cor·

478 2766 579 2843 dulis
594 2765 697 2842 unde
716 2761 893 2842 volebant
907 2762 1107 2868 assumptis
1126 2789 1166 2838 se
1178 2760 1379 2869 cingebant
1393 2791 1506 2870 super
1525 2765 1695 2844 camisias
1710 2797 1796 2844 cum
1818 2771 1901 2876 qui-

478 2901 550 2975 bus
569 2896 755 3005 jacebant.
786 2891 1058 2971 Promittebant
1083 2921 1161 3001 non
1184 2892 1349 2972 revelare
1374 2911 1513 2974 secreta
1544 2895 1812 3004 capituliorum
1834 2928 1900 2978 nec

478 3029 637 3107 modum
676 3053 745 3106 sue
775 3024 1025 3132 recepcionis‚
1059 3041 1098 3100 et
1130 3022 1327 3134 dicebatur
1359 3025 1414 3102 eis
1444 3026 1571 3133 quod,
1611 3028 1642 3106 si
1676 3028 1897 3120 revelarent,

479 3160 651 3238 habitum
678 3158 895 3266 perderent.
929 3153 1200 3265 lnjungebatur
1226 3156 1280 3234 eis
1306 3155 1413 3262 quod
1440 3157 1626 3264 quamdiu
1655 3178 1807 3266 possent
1839 3163 1900 3238 ba·

480 3295 570 3370 bere
604 3290 736 3366 fratres
763 3286 924 3375 ordinis,
955 3313 1033 3363 non
1061 3285 1333 3365 confiterentur
1360 3284 1455 3364 aliis.
1485 3287 1524 3366 si
1549 3289 1747 3394 quierant
1772 3287 1900 3368 fratres

480 3423 639 3500 seientes
665 3418 795 3497 illicita
819 3415 1023 3495 confessata
1046 3444 1114 3521 per
1132 3443 1238 3503 eum,
1259 3415 1416 3494 fuerunt
1436 3416 1692 3528 negligentes,
1716 3419 1899 3526 quianon

480 3568 725 3630 correxerunt
753 3577 818 3626 eos
841 3575 912 3625 nec
935 3546 1259 3624 denunciaverunt
1287 3545 1465 3626 Ecclesie.
1490 3551 1535 3627 ln
1558 3549 1739 3628 domibus
1759 3551 1901 3628 ordinis

479 3683 672 3790 inquibus
687 3679 809 3758 extitit
820 3694 1091 3766 commoratus,
1104 3677 1197 3757 vidit
1210 3694 1248 3755 et
1262 3676 1405 3755 audivit
1424 3677 1649 3760 elemosinas
1662 3696 1700 3757 et
1711 3680 1901 3788 hospitali-

478 3830 595 3891 tatem
615 3810 881 3889 convenientcr
904 3805 988 3884 fieri
1011 3823 1049 3884 et
1072 3809 1223 3901 servari,
1245 3825 1285 3887 et
1301 3807 1468 3886 deffendi
1495 3835 1543 3886 ne
1569 3837 1613 3886 ex
1632 3827 1732 3920 certa
1746 3809 1902 3888 sciencia

480 3942 647 4020 indebite
665 3940 903 4048 acquirerent
918 3938 1063 4026 ordini3
1085 3956 1124 4016 et
1142 3938 1317 4046 capitulla
1335 3938 1430 4017 clam
1445 3939 1586 4032 teneri,
1610 3939 1726 4018 nullis
1752 3967 1903 4047 presen-

480 4073 582 4152 tibus
596 4072 666 4150 nisi
682 4070 859 4148 fratribus
880 4067 1041 4158 ordinis,
1062 4069 1128 4176 qui
1144 4088 1325 4148 servasset
1343 4070 1449 4177 quod
1466 4068 1515 4148 de
1528 4070 1686 4150 consilio
1699 4088 1902 4149 conventus

482 4203 671 4280 statuisset
705 4201 882 4308 Magister
908 4197 1073 4286 ordinis,
1103 4217 1232 4277 eontra
1258 4229 1373 4308 quem
1408 4191 1511 4278 nunc
1533 4201 1688 4310 grandia
1715 4201 1901 4290 scandala,

481 4334 643 4440 suspicio
660 4351 697 4412 et
714 4329 866 4408 infamia
882 4347 971 4408 sunt
986 4348 1123 4408 exorta.
1143 4333 1190 4408 Et
1207 4331 1350 4409 audivit
1372 4331 1446 4408 dici
1465 4332 1610 4410 dictum
1624 4332 1848 4440 Magistrum
1868 4351 1903 4410 et

481 4465 574 4543 alios
588 4465 712 4572 aliqua
727 4461 840 4540 luisse
854 4461 1043 4539 confessos
1059 4480 1186 4540 contra
1202 4462 1348 4540 dictum
1364 4462 1556 4554 ordinem,
1577 4461 1624 4539 ad
1638 4463 1747 4571 cujus
1761 4463 1903 4541 dellen-

481 4599 627 4674 sionem
643 4625 683 4674 se
705 4623 784 4673 non
802 4593 1019 4672 obtulerat..

538 4725 754 4833 Requisitus
767 4723 797 4802 si
815 4724 866 4801 sic
879 4723 1106 4829 deposuerat
1121 4751 1247 4829 prece,
1264 4739 1455 4829 precepto,
1469 4723 1624 4813 timore,
1641 4751 1782 4811 amore,
1800 4723 1898 4810 odio,

479 4861 539 4938 vel
554 4854 753 4964 temporali
770 4852 930 4932 comodo
951 4852 1079 4931 babito
1103 4853 1161 4931 vel
1178 4853 1372 4941 habendo,
1389 4852 1585 4959 respondit
1597 4853 1703 4961 quod
1715 4880 1814 4946 non,
1836 4853 1900 4932 sed
