4208 5886
415 516 489 586 220
794 499 990 593 rancus
1022 518 1118 590 uns
1150 518 1454 594 rsurmnns

413 671 451 734 et
471 653 590 731 credit
605 653 709 760 quod
726 655 824 734 bene
844 660 1042 736 crederent
1058 658 1314 736 ecclesiasticis
1331 658 1586 747 sacramentis,
1605 656 1746 764 quibus
1757 659 1837 765 ipse

412 785 548 874 credit,
566 801 605 860 et
618 785 723 890 quod
740 813 871 864 eorum
888 787 1115 878 sacerdotes,
1137 789 1233 866 sicut
1245 805 1283 865 et
1297 789 1376 896 ipse
1391 789 1497 866 testis
1509 787 1687 879 faciebat,
1709 788 1837 866 debite

350 921 352 926 ’
411 933 449 992 et
468 917 677 993 secundum
698 915 857 996 sormam
876 918 1039 996 Ecclesie
1059 916 1303 997 celebrarent.
1327 920 1460 998 Statim
1484 947 1553 1025 pro
1573 918 1750 1025 professis
1773 920 1839 996 ba-

381 1115 385 1122 .
410 1044 608 1123 bebantur.
630 1045 869 1126 Clandestine
886 1047 1176 1156 recipiebantur,
1189 1048 1312 1126 'nullis
1325 1048 1563 1155 presentibus
1575 1048 1647 1124 nisi
1662 1045 1839 1126 fratribus

411 1174 571 1264 ordinis,
594 1163 637 1252 ex
656 1204 735 1282 quo
757 1177 877 1254 credit
901 1178 1006 1284 quod
1020 1195 1117 1256 esset
1132 1179 1294 1285 suspicio
1309 1197 1438 1258 contra
1454 1207 1529 1257 eos.
1542 1177 1721 1257 Cordulis
1733 1177 1837 1255 unde

412 1304 585 1384 volebant
600 1309 799 1414 assumptis
816 1307 1063 1416 cingebantur
1079 1337 1192 1417 super
1208 1309 1377 1388 camisias
1390 1339 1478 1388 cum
1498 1309 1637 1417 quibus
1647 1308 1834 1417 jacebant.

410 1434 431 1510 J
434 1434 590 1512 urabant
609 1465 686 1514 non
701 1438 865 1516 revelare
880 1456 1021 1517 secreta
1041 1439 1323 1547 capituliorum,
1346 1442 1464 1518 eciam
1480 1436 1657 1518 tratribus
1676 1439 1835 1546 quinon

410 1563 607 1642 adfuerant
629 1565 668 1642 in
687 1567 854 1660 eisdem,
874 1569 922 1646 de
943 1569 1060 1646 modo
1074 1569 1304 1676 recepcionis
1324 1568 1476 1675 speciali
1495 1597 1574 1647 non
1589 1568 1716 1646 habita
1734 1595 1836 1646 men-

409 1694 534 1786 sione,
558 1712 595 1772 et
614 1698 681 1802 qui
700 1698 942 1792 revelassent,
963 1699 1088 1806 puniti
1108 1697 1284 1788 fuissent,
1309 1717 1348 1776 et
1368 1699 1542 1777 habitum
1561 1699 1832 1806 perdidissent,

410 1840 453 1900 ut
473 1824 603 1901 eredit.
623 1827 894 1935 injungebatur
911 1830 964 1907 eis
984 1830 1088 1936 quod
1108 1830 1293 1936 quamdiu
1313 1846 1487 1937 poterant
1512 1827 1685 1909 confiteri
1714 1857 1834 1906 sacer-

409 1951 563 2031 dotibus
579 1956 739 2046 ordinis,
758 1987 835 2036 non
848 1957 1121 2037 confiterentur
1138 1958 1231 2037 aliis.
1248 1961 1397 2038 Fratres
1412 1959 1552 2066 quibus
1566 1959 1687 2036 credit
1705 1975 1833 2036 notam

407 2081 520 2162 luisse
539 2085 832 2194 abnegationem
847 2088 1092 2167 confessatam
1120 2117 1189 2195 per
1203 2118 1291 2167 eum
1306 2090 1461 2168 luerunt
1480 2088 1728 2198 negligentes,
1745 2087 1835 2196 quia

407 2242 484 2292 non
505 2236 748 2295 correxerunt
770 2248 841 2297 nec
865 2221 1185 2298 denunciaverunt
1203 2220 1379 2298 Ecclesie.
1396 2219 1632 2298 Elemosinas
1649 2235 1687 2296 et
1706 2219 1834 2326 bospi-

405 2344 588 2424 talitatem
610 2347 703 2425 vidit
731 2352 998 2430 convenienter
1024 2351 1107 2428 lieri
1127 2370 1165 2429 et
1189 2351 1325 2430 servari
1353 2352 1393 2428 in
1421 2350 1599 2429 domibus
1623 2348 1767 2428 ordinis
1791 2351 1833 2428 in

405 2477 545 2582 quibus
567 2477 689 2556 extitit
708 2499 976 2572 commoratus,
1000 2499 1038 2558 et
1059 2480 1335 2588 precipiebatur
1358 2481 1411 2559 eis
1432 2481 1538 2587 quod
1561 2478 1688 2558 debite
1707 2482 1834 2588 acqui-

404 2624 532 2683 rerent
561 2609 699 2686 ordini.
725 2609 879 2687 eludivit
901 2612 974 2688 dici
1003 2612 1107 2718 quod
1134 2641 1265 2690 eorum
1282 2611 1458 2717 capitulis
1477 2611 1574 2688 clam
1593 2609 1831 2700 tenebantur,

405 2736 522 2814 nullis
542 2738 780 2844 presentibus
800 2741 873 2817 nisi
890 2740 1066 2820 fratribus
1093 2742 1253 2829 ordinis,
1267 2740 1394 2849 januis
1421 2742 1558 2819 domus
1573 2739 1612 2815 in
1633 2769 1707 2846 qua
1725 2758 1833 2818 tene·

404 2866 518 2944 batur
542 2869 748 2976 capitulum
771 2871 918 2949 clausis.
939 2873 1122 2950 Ordinata
1140 2901 1209 2979 per
1220 2873 1440 2982 Magistrum
1455 2899 1542 2948 cum
1560 2887 1748 2948 conventu
1764 2899 1835 2948 ser-

404 3017 523 3075 vasset
542 3016 644 3077 totus
670 3001 784 3090 ordo,
810 3021 938 3080 contra
958 3032 1072 3110 quem
1099 3032 1200 3081 nunc
1224 3002 1378 3109 grandia
1400 3000 1590 3092 scandala,
1607 3001 1768 3107 suspicio
1797 3020 1834 3078 et

405 3127 557 3210 infamia
583 3149 673 3209 sunt
693 3150 835 3225 exorta,
857 3152 895 3212 et
923 3153 1050 3213 contra
1072 3163 1187 3241 quem
1213 3133 1334 3212 dictus
1352 3134 1528 3242 Magister
1554 3131 1680 3210 etalii
1707 3131 1832 3240 aliqua

406 3257 584 3338 dicuntur
597 3261 711 3340 fuisse
725 3264 904 3354 confessi,
926 3265 973 3340 ad
990 3265 1096 3371 cujus
1113 3265 1256 3343 ordinis
1269 3263 1544 3343 deffensionem
1565 3291 1604 3340 se
1624 3291 1702 3340 non
1721 3261 1832 3340 obtu-

404 3391 514 3478 lerat,
530 3420 599 3469 nec
614 3393 736 3470 suerat
756 3395 854 3472 ultra
866 3425 981 3473 mare.

460 3525 676 3630 Requisitus
692 3526 723 3602 si
738 3526 790 3604 sic
805 3526 1033 3633 deposuerat
1047 3556 1176 3635 prece,
1199 3544 1390 3634 precepto,
1401 3527 1551 3618 timore,
1565 3552 1705 3616 amore,
1723 3525 1828 3612 odio,

265 3655 271 3672 “
404 3655 462 3736 vel
479 3656 676 3762 temporali
700 3657 862 3734 comodo
877 3658 1008 3736 habito
1026 3659 1084 3734 vel
1102 3657 1292 3748 habendo,
1314 3657 1509 3764 respondit
1527 3655 1632 3762 quod
1653 3682 1745 3746 nnn,
1765 3654 1832 3732 sed

404 3815 473 3892 pro
493 3787 644 3863 veritate
671 3786 847 3876 dicenda,
873 3789 934 3865 cui
963 3787 1034 3865 luit
1058 3789 1272 3895 injunctum
1296 3786 1401 3893 quod
1426 3814 1504 3864 non
1531 3784 1714 3862 revelaret
1737 3783 1831 3860 banc

404 3943 510 3992 suam
531 3915 829 4022 depositionem,
851 3945 1049 4024 quousque
1069 3917 1329 3997 attestationes
1347 3916 1488 3996 suerint
1507 3914 1706 4021 publicata.

460 4185 590 4260 Frater
609 4185 717 4290 Hugo
742 4183 789 4258 de
811 4183 931 4258 Fauro
952 4180 1077 4272 miles,
1099 4181 1374 4258 Lemovicensis
1398 4181 1575 4271 diocesis,
1596 4179 1701 4255 testis
1721 4205 1830 4284 supra

399 4315 563 4421 juratus,
580 4312 923 4421 quinquagenarius
937 4311 997 4388 vel
1011 4311 1122 4402 circa,
1139 4339 1217 4388 non
1231 4311 1418 4389 defferens
1431 4308 1656 4388 mantellum
1671 4306 1829 4393 ordinis,

404 4445 493 4551 quia
517 4445 641 4552 ipsum
663 4444 858 4521 dimiserat
877 4458 1057 4520 vetustate
1078 4459 1362 4548 consumptum,
1388 4441 1545 4519 barbam
1565 4457 1694 4516 tamen
1714 4436 1831 4515 deffe-

404 4574 531 4664 rebat,
562 4603 649 4651 cnm
676 4603 752 4680 quo
781 4573 1003 4680 inquisitum
1028 4573 1167 4664 luerat,
1195 4571 1389 4650 absolutus
1414 4588 1453 4649 et
1478 4568 1740 4648 reconciliatus
1764 4593 1856 4674 per,

404 4704 604 4782 dominum
633 4703 938 4782 Lemovicensem
964 4701 1200 4809 episcopum,
1227 4700 1335 4779 lectis
1359 4717 1396 4778 et
1423 4699 1624 4806 diligenter
1654 4697 1829 4805 expositis

403 4834 475 4914 sibi
492 4833 671 4914 omnibus
687 4851 725 4910 et
739 4833 897 4941 singulis
916 4832 1097 4922 articulis,
1120 4831 1315 4938 respondit
1334 4859 1373 4908 se
1394 4831 1550 4924 nescire,
1572 4857 1642 4909 nec
1662 4828 1827 4916 eredere,
