4486 5890
468 463 516 536 oo
855 433 1054 530 rnocts
1079 453 1176 526 ons
1194 450 1504 526 rnnmrnas.

465 600 628 689 ordinis,
651 614 689 675 et
710 623 934 704 responsum
959 595 992 673 ei
1019 593 1150 673 fuisset
1168 593 1272 700 quod
1295 593 1396 671 bene
1417 591 1660 678 deliberaret,
1680 593 1767 697 quia
1788 619 1894 697 opor-

465 748 564 809 teret
588 757 676 808 eum
697 757 717 806 a
738 757 778 808 se
806 727 978 806 abdicare
1001 724 1190 833 propriam
1214 723 1447 802 voluntatem
1469 741 1507 800 et
1527 721 1665 829 subjici
1687 721 1830 810 aliene,
1856 739 1894 800 et

466 860 586 939 multa
606 860 701 937 dura
724 875 763 935 et
784 887 913 964 aspera
937 857 1141 946 sustinere;
1163 852 1326 932 finaliter
1353 883 1439 932 cum
1467 854 1589 932 dictus
1609 871 1781 960 receptor
1802 853 1894 931 deli·

465 989 633 1068 berasset
652 1017 740 1066 eum
762 987 944 1093 recipere,
967 987 1110 1092 poscito
1130 985 1177 1061 ab
1198 984 1343 1062 sosine
1358 984 1576 1092 juramento
1597 983 1703 1089 quod
1719 1010 1796 1060 non
1817 999 1896 1060 erat

466 1119 609 1199 servilis
634 1118 886 1208 condicionis,
915 1145 986 1194 nec
1011 1115 1371 1208 excommunicatus,
1399 1143 1468 1191 nec
1492 1113 1756 1203 matrimonio,
1788 1113 1894 1192 alteri

464 1250 639 1358 religioni
663 1277 733 1326 nec
756 1247 986 1354 debitisque
1008 1275 1084 1324 non
1104 1263 1231 1353 posset
1249 1245 1391 1322 solvere
1412 1244 1616 1350 obligatus,
1642 1273 1710 1322 nec
1733 1245 1896 1322 habebat

467 1380 725 1458 infirmitatem
748 1379 944 1466 latentem,
967 1377 1056 1455 fecit
1083 1406 1171 1454 eum
1189 1404 1321 1454 vovere
1344 1393 1383 1453 et
1400 1376 1529 1483 jurare
1556 1375 1778 1463 castitatem,
1802 1376 1894 1453 obe-

467 1510 673 1600 dienciam,
695 1509 816 1587 vivere
836 1509 918 1586 sine
939 1508 1109 1616 proprio,
1135 1525 1171 1584 et
1194 1535 1338 1584 servare
1358 1505 1481 1585 bonos
1497 1535 1588 1583 usus
1610 1523 1649 1582 et
1667 1504 1786 1582 bonas
1805 1533 1895 1582 con-

467 1640 687 1718 suetudines
708 1640 775 1746 qni
797 1657 890 1716 tunc
913 1655 1019 1716 erant
1044 1639 1081 1714 in
1109 1637 1260 1727 ordine,
1290 1655 1329 1714 et
1357 1637 1482 1744 quiin
1512 1652 1707 1742 posterum
1724 1636 1896 1741 impone-

467 1786 599 1847 rentur
618 1799 704 1846 cum
727 1769 884 1848 consilio
907 1768 1113 1874 probomm
1138 1767 1302 1856 ordinis;
1333 1783 1370 1844 et
1393 1766 1571 1872 imposito
1598 1766 1670 1844 sibi
1695 1764 1895 1854 mantello,

468 1916 640 2005 receptor
660 1916 698 1976 et
717 1900 814 1977 alius
833 1897 941 1976 miles
961 1897 1116 1974 fuerunt
1136 1926 1223 1974 eum
1248 1895 1404 1974 osculati
1425 1897 1464 1973 in
1486 1924 1570 1986 ore;
1592 1913 1630 1974 et
1650 1924 1695 1973 eo
1714 1897 1896 1973 instructo

468 2046 563 2135 quot
581 2031 695 2108 Pater
710 2044 826 2106 noster
842 2056 911 2134 pro
931 2027 1037 2106 horis
1058 2027 1136 2105 suis
1159 2028 1303 2105 diceret
1322 2046 1361 2104 et
1379 2027 1541 2134 qualiter
1560 2055 1598 2106 se
1623 2028 1663 2103 in
1687 2026 1820 2103 ordine
1840 2053 1898 2102 re·

467 2176 588 2266 geret,
605 2176 857 2247 recesserunt;
875 2176 912 2235 et
931 2187 999 2264 per
1013 2159 1178 2235 eundern
1195 2159 1355 2236 modum
1375 2158 1469 2235 vidit
1490 2158 1606 2263 recipi
1627 2157 1895 2262 infrascriptos,

467 2287 642 2366 videlicet
654 2288 788 2367 fratres
799 2287 1063 2368 Guaufredum
1074 2287 1243 2366 Goumar
1257 2286 1419 2366 militem
1439 2289 1633 2395 quondam
1648 2289 1898 2366 Xantonensis

469 2418 644 2508 diocesis,
673 2436 711 2496 et
739 2420 951 2496 Johannem
975 2419 1023 2495 de
1049 2420 1190 2508 Ruans,
1216 2435 1351 2498 testem
1378 2447 1490 2525 supra
1512 2419 1681 2526 juratum
1708 2420 1776 2496 sed
1802 2447 1897 2496 non-

470 2549 562 2625 dum
588 2549 857 2639 examinatum,
888 2549 1111 2626 servientem
1134 2548 1320 2641 similiter,
1345 2549 1440 2626 circa
1467 2550 1609 2628 instans
1637 2549 1776 2626 festum
1797 2549 1897 2627 beati

469 2677 638 2756 bernabe
657 2695 766 2756 erunt
792 2705 839 2755 rur
862 2679 950 2754 anni
966 2677 1024 2756 vel
1037 2677 1149 2766 circa,
1174 2678 1214 2755 in
1229 2679 1370 2785 capella
1385 2680 1523 2758 domus
1540 2679 1690 2786 Templi
1709 2681 1757 2757 de
1772 2679 1895 2766 Ouso,

471 2835 538 2913 per
562 2805 715 2885 fratrem
740 2809 894 2885 Petrum
915 2809 962 2886 de
982 2807 1186 2886 Villaribus
1205 2809 1416 2916 quondam,
1441 2826 1534 2887 tunc
1561 2827 1822 2916 preceptorem
1840 2811 1900 2886 Pi·

470 2937 607 3030 ctavie,
635 2938 874 3045 presentibus
903 2937 1081 3016 fratribus
1110 2937 1317 3016 Guillelmo
1349 2939 1427 3016 deu
1451 2940 1564 3047 Liege
1594 2957 1814 3046 preceptore
1851 2940 1897 3016 de

471 3068 645 3173 Rupella,
670 3085 764 3146 teste
784 3097 896 3175 supra
921 3069 1147 3157 examinato,
1175 3069 1285 3146 Petro
1307 3069 1355 3146 de
1380 3070 1545 3147 Turonis
1565 3085 1602 3148 et
1621 3068 1830 3148 Guillelmo
1851 3069 1897 3146 ds

470 3183 595 3290 Blere,
611 3200 676 3306 qui
689 3198 928 3277 detinebatur
943 3200 1046 3306 apud
1057 3198 1275 3306 Caynonem
1293 3200 1517 3278 Pietavensis
1539 3201 1716 3292 diocesis,
1731 3200 1898 3279 Gerardo

472 3328 520 3405 de
536 3329 773 3437 Anguihaco,
792 3331 882 3407 alias
902 3329 1165 3438 cognominato
1187 3330 1349 3420 Judicis,
1368 3347 1464 3408 teste
1481 3349 1567 3408 ante
1593 3333 1646 3409 eri
1670 3333 1896 3416 examinato,

472 3472 510 3533 et
526 3457 701 3562 pluribus
713 3459 805 3538 aliis.
827 3460 931 3538 Vidit
943 3461 1060 3538 eciam
1075 3461 1191 3567 recipi
1203 3461 1354 3538 fratrem
1369 3461 1633 3554 Salomonem,
1648 3462 1898 3570 presbiterum

473 3587 520 3666 de
535 3589 738 3678 Xantonia,
761 3590 868 3697 cujus
884 3618 1095 3699 cognomen
1111 3591 1272 3698 ignorat,
1295 3621 1408 3700 quem
1429 3592 1550 3671 credit
1565 3593 1686 3670 vivere
1704 3593 1743 3670 in
1760 3591 1899 3699 capella

472 3717 610 3798 domus
629 3719 780 3827 Templi
804 3721 851 3798 de
876 3720 1021 3828 Campo
1041 3721 1189 3801 Gilonis
1211 3723 1435 3801 Pictavensis
1460 3723 1635 3812 diocesis,
1659 3752 1728 3829 per
1748 3723 1897 3802 fratrem

472 3847 721 3928 Guillelmum
747 3851 795 3929 de
824 3851 933 3930 Blera
959 3870 1220 3959 preceptorem
1246 3853 1346 3931 dicte
1375 3855 1528 3947 domus,
1554 3855 1594 3931 in
1626 3854 1779 3932 instanti
1805 3854 1899 3932 sesto

471 3981 677 4056 Remorum
701 3980 915 4088 palmorum
945 4000 1057 4060 erunt
1078 4011 1101 4061 r
1125 3986 1215 4062 anni
1238 3986 1295 4063 vel
1319 3985 1430 4078 circa,
1461 3985 1702 4093 presentibus
1725 3985 1900 4063 fratribus

475 4108 642 4189 lloberto
665 4112 718 4189 de
737 4111 894 4203 Chesat,
922 4130 961 4190 et
976 4113 1206 4219 quibusdam
1231 4116 1313 4193 aliis
1334 4118 1381 4195 de
1402 4145 1567 4224 quorum
1586 4116 1805 4195 nominibus
1825 4145 1899 4193 non

446 4272 459 4291 ·
475 4240 706 4318 recordatur.
714 4242 818 4320 Vidit
838 4244 955 4320 eciam
977 4245 1093 4353 recipi
1113 4245 1267 4324 insimul
1282 4245 1415 4324 fratres
1426 4249 1579 4326 Petrum
1595 4232 1643 4326 de
1654 4247 1900 4327 Chastanhatz

473 4370 793 4479 Engolismensis,
821 4390 858 4451 et
884 4374 1093 4453 Rob'ertum
1119 4375 1158 4452 lo
1176 4377 1400 4455 Chamalent
1422 4377 1721 4466 Aurelianensis,
1750 4395 1794 4455 ut
1821 4405 1899 4455 cre-

476 4499 549 4588 dit,
570 4501 795 4594 diocesium‚
816 4505 1019 4590 servientes
1034 4506 1260 4598 deffunctos,
1277 4509 1316 4584 in
1337 4508 1478 4616 capella
1499 4509 1637 4587 domus
1657 4508 1705 4586 de
1725 4507 1900 4613 Espaucis

473 4629 697 4709 Pietavensis
717 4633 893 4726 diocesis,
916 4665 985 4742 per
1005 4636 1156 4716 fratrem
1178 4639 1333 4716 Petrum
1355 4638 1402 4718 de
1425 4638 1572 4718 Medico
1596 4638 1756 4717 militem
1778 4666 1900 4746 quon·

474 4757 580 4852 dam,
610 4778 701 4840 tunc
730 4761 855 4858 locum
882 4782 1078 4845 tenentem
1105 4768 1318 4859 visitatoris,
1347 4787 1464 4848 erunt.
1483 4795 1542 4849 xxi
1568 4769 1628 4848 vel
1648 4795 1722 4849 xxu
1747 4769 1836 4848 anni
1860 4769 1898 4845 in
