4302 5886
381 553 454 627 aas
764 535 960 627 Procas
987 553 1083 626 nes
1109 554 1409 628 rnurtrsns

379 694 496 772 Mansi
520 693 608 780 Dei,
631 692 671 768 in
691 693 832 799 capella
856 695 974 801 ipsius
996 694 1149 784 domus,
1175 696 1417 800 presentibus
1433 711 1471 773 et
1489 693 1632 772 ibidem
1652 695 1804 774 astanti-
1921 686 1926 699 ’

379 825 449 902 bus
465 827 528 903 Ar.
545 825 592 902 de
612 824 738 901 Rocba
753 825 977 913 cambrerio,
993 826 1261 903 bartholomeo
1279 825 1326 904 de
1340 829 1462 903 Turre
1483 825 1693 932 capellano,
1710 829 1804 932 Ray·

280 976 284 984 ’
378 955 523 1032 mundo
545 956 657 1060 Sapte
678 953 888 1059 capellano,
910 955 1134 1062 Raymundo
1152 955 1199 1032 de
1213 957 1349 1035 Sancto
1367 959 1475 1035 lusto
1493 957 1631 1047 milite,
1659 974 1697 1035 et
1718 957 1805 1064 plu-

377 1085 481 1162 ribus
492 1085 574 1162 aliis
584 1084 762 1162 fratribus
777 1085 921 1163 ordinis
931 1086 1147 1191 supradicti.
1161 1088 1216 1164 De
1232 1087 1349 1165 modo
1359 1104 1487 1171 sutem
1498 1117 1565 1166 sue
1575 1089 1804 1196 recepcionis

377 1232 415 1290 et
446 1214 687 1320 tangentibus
709 1215 845 1320 ipsam,
871 1232 909 1291 ot
938 1214 1020 1292 aliis
1045 1215 1223 1294 omnibus
1249 1215 1553 1322 dependentibus
1577 1245 1621 1293 ex
1648 1218 1801 1307 eadem,

376 1347 471 1424 dixit
485 1347 524 1422 in
541 1344 718 1423 omnibus
733 1363 772 1422 et
780 1374 849 1451 per
860 1348 988 1424 omnia
1003 1348 1204 1455 utprimus
1217 1349 1322 1427 testis
1338 1350 1656 1456 deponenssuper
1666 1351 1804 1430 eodem

377 1477 553 1564 articulo,
583 1494 620 1552 et
640 1493 683 1552 ut
707 1478 923 1555 continetur
941 1479 980 1552 in
1001 1479 1103 1555 dioto
1124 1477 1223 1556 libro
1251 1480 1456 1586 peripsum
1472 1481 1639 1584 primum
1668 1498 1804 1559 testem

378 1607 558 1696 exhibito,
582 1606 799 1684 continente
819 1623 956 1685 statuta
974 1625 1012 1684 et
1026 1607 1195 1714 regulam
1216 1608 1360 1686 ordinis
1381 1609 1597 1715 supradicti.

432 1736 490 1813 ad
500 1737 634 1814 lxxxvrr
647 1753 685 1812 et
696 1737 843 1814 lxxxvrrr
852 1754 891 1814 et
904 1737 1085 1814 ultimum
1099 1739 1275 1816 articulos
1290 1739 1525 1846 respondens
1535 1741 1801 1847 interrogatus,

378 1867 470 1942 dixit
483 1895 522 1942 se
543 1895 612 1942 nec
632 1866 726 1944 scire
743 1896 813 1943 nec
828 1867 981 1945 credere
1000 1867 1145 1973 aliquid
1160 1868 1218 1944 vel
1235 1868 1360 1974 aliqua
1381 1870 1428 1947 de
1446 1872 1630 1948 contentis
1647 1872 1685 1947 in
1701 1873 1801 1977 ipsis.

433 1998 556 2102 Super
577 1996 659 2074 aliis
681 2026 768 2075 vero
798 1998 845 2074 de
875 1999 1016 2103 quibus
1038 2000 1247 2105 precipitur
1270 1999 1353 2077 lieri
1383 2001 1578 2107 inquisitio
1602 2004 1800 2110 generalis,

376 2143 490 2230 prout
502 2127 624 2204 visum
639 2127 711 2204 suit
731 2127 833 2205 dicto
854 2129 1010 2206 domino
1029 2130 1205 2236 episcopo
1227 2147 1264 2206 et
1280 2129 1458 2236 predictis
1472 2131 1554 2208 aliis
1571 2132 1804 2210 dominiscr-

377 2258 521 2334 nonicis
536 2276 574 2334 et
588 2259 773 2366 religiosis
788 2260 874 2335 viris
888 2260 1169 2366 inquirentibus
1185 2262 1418 2366 paritercum
1432 2263 1584 2351 eodem,
1599 2265 1803 2368 requisitus

376 2387 468 2464 dixit
487 2415 527 2464 se
540 2388 701 2495 amplius
718 2387 835 2466 nichil
850 2390 957 2466 scire.

431 2519 540 2596 Anno
557 2547 633 2625 quo
649 2547 780 2624 supra,
803 2545 862 2597 xvr
876 2519 1053 2596 kalendas
1072 2518 1263 2598 februarii.

429 2781 471 2857 V.
494 2781 623 2855 Frater
638 2781 883 2884 Berengarius
905 2780 952 2856 de
974 2780 1083 2858 Collo
1102 2781 1227 2870 miles,
1251 2782 1396 2860 ordinis
1427 2783 1567 2860 milicie
1589 2783 1740 2888 Templi
1765 2800 1802 2860 et

375 2909 474 2984 dicte
491 2909 628 2984 domus
644 2909 763 2984 Mansi
777 2909 865 2998 Dei,
883 2908 1030 3015 juratus
1049 2911 1097 2988 ad
1116 2928 1242 2988 sancta
1256 2913 1330 2990 Dei
1351 2913 1571 3018 Evangelia,
1598 2931 1643 2990 ut
1661 2915 1808 3019 princig

374 3037 468 3142 palis
484 3038 532 3114 de
547 3067 586 3114 se
601 3039 699 3143 ipso,
718 3055 756 3116 et
773 3056 817 3114 ut
830 3040 937 3116 testis
952 3041 1000 3118 de
1020 3040 1120 3132 aliis,
1142 3070 1255 3150 super
1275 3044 1442 3120 articulis
1456 3043 1726 3149 supradictiset
1738 3072 1802 3122 eo·

374 3195 460 3243 rum
472 3167 644 3274 quolibet
652 3167 724 3244 sibi
734 3171 909 3275 expositis
923 3171 961 3247 in
972 3171 1131 3277 vulgari,
1147 3187 1185 3251 et
1198 3172 1401 3279 diligenter
1413 3173 1678 3281 interrogatus,

431 3299 553 3404 Super
567 3298 705 3405 primo,
724 3327 860 3377 rr——rv
873 3301 1038 3378 articulis
1052 3301 1232 3380 inclusive
1247 3303 1495 3408 respondens,
1513 3304 1660 3409 negavit
1676 3306 1801 3382 omnia
1900 3295 1902 3300 ¹

375 3443 412 3502 et
431 3419 575 3533 singula
593 3445 765 3506 contenta
783 3430 823 3506 in
845 3431 914 3520 eis,
935 3430 1100 3508 adiciens
1115 3432 1219 3536 quod
1235 3431 1274 3507 in
1290 3433 1434 3509 honore
1450 3432 1569 3510 crucis
1584 3448 1623 3509 et
1637 3433 1800 3510 crucifixi

373 3557 391 3630 J
396 3556 489 3634 besu
498 3557 631 3635 fratres
644 3557 760 3665 ipsius
771 3560 915 3636 ordinis
925 3560 1081 3637 adorant
1096 3587 1246 3637 crucem
1259 3578 1318 3638 ter
1328 3562 1367 3636 in
1377 3589 1476 3638 anno
1490 3561 1752 3667 sollempniter
1765 3583 1802 3640 et

373 3705 597 3780 reverenter,
615 3689 770 3767 infestis
786 3691 918 3768 Sancte
935 3691 1064 3768 Crucis
1085 3691 1225 3767 mensis
1240 3688 1464 3796 septembris
1481 3708 1520 3764 et
1537 3692 1676 3767 mensis
1692 3693 1798 3784 maii,

373 3833 410 3892 et
424 3818 486 3894 die
505 3819 661 3897 Veneris
681 3833 823 3909 sancta,
845 3836 882 3895 et
901 3819 1083 3925 quociens
1104 3818 1262 3897 adorant
1280 3820 1399 3925 ipsam
1415 3845 1564 3896 crucem
1578 3819 1648 3925 ipsi
1669 3819 1800 3898 fratres

373 3947 412 4023 in
427 3949 489 4024 die
503 3948 662 4026 Veneris
676 3965 816 4037 sancta,
834 3948 1034 4055 deponunt
1053 3950 1237 4028 sotulares
1255 3978 1352 4055 quos
1371 3965 1523 4053 portant
1546 3966 1585 4024 et
1601 3948 1745 4056 gladios
1761 3967 1800 4027 et

373 4076 471 4153 cosas
483 4075 650 4154 lineaset
662 4077 846 4183 quicquid
859 4095 1010 4180 portant
1025 4079 1128 4156 aliud
1141 4095 1242 4156 extra
1259 4095 1384 4182 caput,
1402 4076 1531 4155 dicens
1549 4077 1665 4154 eciam
1677 4080 1796 4185 quod,

374 4203 423 4280 ob
443 4206 694 4282 reverenciam
718 4206 882 4283 crucifixi
901 4208 1055 4284 Domini
1080 4210 1216 4297 Jlresu,
1236 4235 1370 4286 ornnes
1390 4207 1522 4286 fratres
1542 4207 1634 4286 dicti
1655 4209 1799 4288 ordinis

372 4350 521 4439 portant
531 4335 570 4409 in
582 4333 750 4442 clamyde
762 4363 922 4414 crucem.
931 4339 978 4415 Et
987 4339 1083 4416 sicut
1097 4339 1266 4418 Christus
1278 4340 1413 4417 lbesus
1425 4337 1562 4416 effudit
1577 4341 1798 4447 sanguinem

335 4455 338 4460 Α
372 4463 566 4570 proprium
580 4465 618 4540 in
629 4493 738 4542 cruce
748 4494 817 4571 pro
833 4467 958 4555 nobis,
982 4468 1022 4544 in
1038 4468 1101 4548 illa
1119 4469 1390 4576 significatione
1404 4469 1534 4546 fratres
1549 4469 1638 4546 dicti
1655 4471 1798 4549 ordinis

372 4612 524 4700 portant
543 4622 694 4672 crucem
713 4599 827 4702 panni
851 4597 958 4675 rubei
983 4599 1022 4674 in
1042 4599 1216 4686 clamide,
1238 4617 1281 4675 ut
1301 4599 1500 4676 effundant
1518 4627 1632 4676 suum
1651 4601 1798 4708 sangui-

372 4754 460 4803 nem
475 4725 672 4832 proprium
688 4742 815 4803 contra
835 4727 962 4806 hostes
974 4727 1115 4806 *Christi
1133 4728 1354 4806 Sarracenos
1369 4729 1408 4804 iu
1421 4743 1519 4804 terra
1535 4731 1791 4820 transmarina,

373 4872 410 4932 et
428 4855 516 4933 alibi
537 4873 666 4934 contra
687 4855 815 4934 bostes
831 4857 920 4935 fidei
941 4858 1164 4936 Christiane.
