4486 5890
474 499 542 572 iss
856 486 1052 576 proces
1079 503 1172 576 ons
1198 505 1502 580 senonens,

468 642 652 722 Cordulns
677 641 779 720 unde
804 641 980 722 volebant
1003 662 1212 752 assumptas
1239 647 1438 754 portabant
1459 679 1574 757 super
1610 651 1779 730 camisias
1804 677 1890 730 cum

466 772 604 879 quibus
620 769 807 881 jacebant.
833 775 964 854 Credit
983 775 1088 882 quod
1107 775 1272 882 predicta
1297 778 1426 858 illicita
1441 779 1562 860 lacere
1582 799 1811 874 recusantes,
1832 785 1889 860 vel

467 933 509 982 ea
525 923 589 982 ant
607 922 747 984 secreta
764 906 1028 1014 capitoliorum
1048 906 1270 1001 revelantes,
1290 911 1462 1018 graviter,
1483 912 1552 989 sed
1577 913 1695 990 nescit
1712 913 1888 1019 qualiter,

465 1037 589 1142 puniti
611 1035 778 1118 fuissent.
802 1036 954 1143 Absque
975 1037 1130 1116 licencia
1154 1066 1233 1116 non
1255 1056 1429 1143 poterant
1449 1041 1531 1118 aliis
1550 1071 1664 1149 quam
1687 1043 1890 1124 sacerdoti-

465 1168 538 1246 bus
563 1169 705 1246 ordinis
737 1167 920 1246 confiteri.
955 1169 1103 1244 Fratres
1138 1195 1234 1273 quos
1260 1169 1381 1247 credit
1415 1171 1564 1250 scivisse
1594 1172 1716 1250 dictos
1744 1201 1890 1254 errores

466 1299 699 1408 negligentes
719 1297 886 1387 bierunt,
915 1296 1004 1404 quia
1024 1325 1101 1376 non
1116 1315 1360 1376 correxerunt
1384 1326 1450 1376 eos
1469 1327 1540 1376 nec
1566 1300 1890 1384 denunciaverunt

421 1421 640 1508 ''Ecclesie
672 1431 714 1508 ln
742 1428 923 1506 domibus
951 1427 1096 1506 ordinis
1127 1425 1334 1534 inquibus
1364 1428 1489 1506 extitit
1516 1449 1771 1512 commoratus
1795 1436 1888 1514 vidit

465 1558 688 1638 elemosinas
707 1576 745 1638 et
762 1557 1054 1664 hospitalitatem
1074 1557 1342 1636 convenienter
1361 1557 1443 1636 fieri
1465 1574 1503 1636 et
1521 1561 1675 1652 servaris
1702 1579 1744 1640 et
1768 1566 1886 1644 semel

464 1693 503 1768 in
524 1690 877 1771 Monte-Passalano
895 1687 1121 1795 capitulum,
1144 1706 1230 1794 post
1246 1689 1412 1768 mediam
1432 1707 1599 1782 noctem,
1619 1721 1799 1772 sermone
1821 1725 1888 1802 per

465 1851 584 1901 unum
611 1822 848 1930 religiossum
876 1819 987 1908 lacto,
1017 1819 1111 1896 clam
1138 1847 1206 1927 per
1228 1817 1382 1898 fratrem
1414 1821 1621 1926 quemdam
1644 1823 1885 1904 Rossolinunr

464 1953 600 2044 teneri,
618 1953 745 2062 januis
772 1951 920 2040 clausis,
943 1949 1059 2026 nullis
1079 1948 1318 2054 presentibus
1346 1948 1419 2028 nisi
1446 1947 1624 2028 iratribus
1652 1953 1795 2032 ordinis
1823 1985 1888 2032 an·

463 2085 610 2173 tedicti‚
633 2083 672 2160 in
697 2110 772 2189 quo
795 2098 982 2160 servatum
1012 2079 1145 2158 luisset
1164 2079 1272 2186 quod
1302 2107 1459 2186 magnus
1490 2081 1668 2188 Magister
1693 2111 1778 2162 etun
1799 2113 1887 2164 con-

463 2233 576 2294 ventu
608 2213 809 2292 statuisset.
844 2213 986 2292 Contra
1019 2240 1136 2318 quem
1163 2209 1338 2290 ordinem
1371 2235 1472 2290 nnnc
1507 2213 1664 2319 grandia
1693 2216 1882 2306 scandala,

462 2346 623 2452 suspicio
646 2361 686 2422 et
709 2341 864 2421 infamia
889 2359 978 2422 sunt
998 2359 1141 2432 exorte.
1171 2352 1361 2420 et'contra
1384 2369 1498 2448 quem
1529 2343 1672 2422 audivit
1702 2345 1778 2424 dici
1807 2375 1885 2426 ma·

461 2505 579 2585 gnurn
600 2475 821 2583 Magistrum
846 2493 885 2553 et
901 2474 995 2554 alios
1019 2474 1145 2581 alique
1169 2472 1283 2552 fuisse
1309 2471 1516 2562 confessosa
1536 2473 1584 2552 ad
1609 2475 1719 2582 cujus
1740 2478 1883 2556 ordinis

464 2606 737 2685 deffensionem
759 2633 798 2683 se
817 2633 897 2684 non
912 2599 1113 2684 obtulerat.

518 2736 733 2842 Requisitus
759 2736 790 2814 si
824 2736 877 2814 sic
901 2735 1130 2842 deposuerat
1157 2755 1288 2842 prece,
1317 2753 1515 2845 precepto,
1549 2735 1702 2824 timore,
1737 2764 1880 2826 amore,

483 2867 588 2956 odio,
617 2867 674 2944 vel
692 2865 891 2974 temporali
918 2868 1081 2946 comodo
1112 2867 1242 2946 habito
1263 2866 1322 2947 vel
1343 2868 1531 2958 habendo,
1551 2867 1750 2974 respondit
1778 2869 1883 2974 qnod

460 3023 554 3090 non,
568 2997 637 3075 sed
649 3025 719 3104 pro
738 2998 890 3076 veritate
906 2997 1084 3086 dicenda;
1103 2998 1164 3074 cui
1182 2995 1255 3076 luit
1269 2997 1481 3104 injunctum
1494 2997 1600 3106 quod
1611 3025 1688 3077 non
1704 2999 1883 3078 revelaret

461 3129 556 3208 hanc
576 3157 682 3208 suam
704 3129 1005 3236 depositionem,
1026 3153 1227 3234 quousque
1246 3127 1508 3208 attestnciones
1525 3124 1666 3204 luerint
1679 3131 1880 3232 publicare.

516 3416 644 3489 Frater
659 3411 790 3488 Petrus
806 3407 968 3489 Gotandi
988 3423 1186 3513 preceptor
1205 3404 1343 3483 domus
1366 3404 1415 3482 de
1444 3403 1479 3482 la
1499 3403 1690 3484 Garalaria
1723 3404 1882 3484 diocesis

459 3543 726 3630 Ruthenensis‚
753 3540 932 3632 serviens,
960 3537 1068 3615 testis
1098 3563 1210 3644 supra
1230 3535 1396 3644 juretus,
1423 3531 1647 3614 mantellum
1669 3552 1706 3612 et
1723 3535 1879 3613 barbam

459 3671 660 3761 defferens,
685 3669 1030 3780 quinquagenarius
1057 3667 1117 3745 vel
1136 3667 1251 3757 circa,
1281 3691 1368 3743 cum
1396 3691 1474 3772 quo
1499 3664 1721 3772 inquisitum
1742 3663 1877 3754 lucrm,

457 3805 651 3883 absolutus
671 3821 708 3880 et
731 3801 995 3882 reconciliatus
1016 3827 1087 3905 per
1106 3797 1304 3876 dominum
1330 3795 1551 3902 episcopum
1577 3795 1875 3883 narbonensem,

457 3935 730 4042 protestacione
759 3933 942 4040 premissa
965 3931 1072 4037 quod
1102 3957 1180 4006 non
1198 3927 1362 4006 intendit
1385 3926 1563 4012 recedere
1588 3953 1610 4002 a
1636 3925 1877 4033 deposicione

457 4091 524 4170 per
543 4093 632 4142 eum
654 4065 748 4141 lacta
770 4091 894 4141 coram
916 4061 1016 4140 dicto
1037 4059 1193 4137 domino
1210 4057 1403 4164 episcopo,
1422 4056 1528 4134 lectis
1544 4073 1583 4134 et
1600 4055 1805 4165 diligenter
1821 4086 1881 4135 ex·

367 4187 369 4190 ⁵
456 4197 588 4301 positis
607 4193 678 4273 sibi
704 4193 883 4272 omnibus
903 4209 941 4292 et
961 4191 1119 4300 singulis
1138 4189 1323 4277 articulis,
1344 4187 1542 4296 respondit
1560 4215 1600 4266 se
1619 4188 1784 4280 nescire,
1811 4215 1879 4266 nec

457 4327 629 4420 credere,
652 4351 722 4403 nec
739 4324 924 4404 audivisse
954 4322 1027 4400 dici
1055 4321 1103 4398 de
1129 4320 1315 4399 contentis
1334 4319 1375 4395 in
1396 4320 1450 4396 eis
1477 4318 1547 4396 nisi
1568 4317 1676 4426 quod
1694 4319 1877 4426 sequitur.

456 4459 556 4538 Dixit
573 4485 710 4564 nempe
740 4485 779 4535 se
799 4473 838 4534 et
857 4454 1011 4532 fratrem
1030 4453 1295 4562 Raymundum
1315 4450 1505 4530 Remandi
1527 4450 1769 4540 servientem,
1794 4451 1877 4528 dio-

455 4591 548 4669 cesis
570 4588 816 4680 Lodovensis,
841 4585 1035 4695 quondam
1056 4583 1168 4662 fuisse
1193 4598 1363 4690 receptos
1383 4581 1422 4658 in
1442 4580 1585 4688 capella
1607 4581 1743 4659 domus
1762 4583 1879 4659 Tem-

453 4721 506 4828 pli
528 4721 661 4800 Sancte
691 4715 836 4796 Eulalie
863 4717 960 4794 dicte
989 4713 1163 4804 diocesis,
1198 4729 1323 4792 octava
1357 4714 1419 4791 die
1454 4729 1540 4818 post
1567 4712 1709 4790 instans
1737 4709 1878 4789 festum

453 4854 691 4930 Pentecostes
711 4863 824 4926 erunt
841 4846 990 4926 circiter
1008 4873 1081 4925 xxti
1100 4845 1203 4933 anni,
1227 4869 1295 4950 per
1318 4842 1470 4920 fratrem
1491 4843 1643 4920 Petrum
1664 4841 1877 4951 llaymundi
