4486 5890
755 506 950 598 Procas
976 522 1068 595 ons
1094 522 1396 596 rnnrmnns.
1713 527 1784 602 teo

360 662 603 742 celebrarent.
625 661 778 742 Audivit
798 665 872 742 dici
892 664 996 770 quod
1017 663 1102 740 laici
1126 679 1298 742 tenentes
1324 692 1457 743 eorum
1478 663 1653 770 capitolia
1673 663 1787 744 lacie-

358 791 450 870 bant
468 795 506 870 in
531 821 665 872 eorum
684 795 953 872 terminacione
973 794 1117 901 aliquas
1137 793 1417 888 absoluciones,
1439 795 1559 872 nescit
1585 797 1617 873 si
1638 825 1658 872 a
1678 799 1786 902 penis

358 923 417 1000 vel
437 925 648 1031 apeccatis,
667 953 746 1004 non
767 942 895 1003 tamen
916 925 1036 1003 credit
1055 925 1162 1032 quod
1181 943 1335 1033 possent
1358 925 1549 1004 absolvere
1570 955 1591 1002 a
1609 928 1782 1032 peccatis.

332 1145 335 1154 .
359 1053 539 1132 Jurabant
558 1056 732 1134 ordinem
748 1084 826 1134 non
847 1057 965 1146 exire,
986 1055 1110 1134 statim
1126 1084 1195 1161 pro
1210 1056 1387 1162 professis
1408 1055 1656 1135 habebantur.
1678 1056 1785 1135 Clan-

359 1185 505 1264 destine
531 1187 820 1294 recipiebantur,
852 1187 971 1265 nullis
1001 1186 1240 1292 presentibus
1268 1189 1340 1266 nisi
1366 1186 1545 1266 fratribus
1575 1187 1695 1294 ipsius
1724 1217 1785 1267 or-

359 1315 474 1408 dinis,
497 1345 542 1394 er
560 1345 638 1423 quo
658 1318 779 1396 credit
803 1318 908 1424 quod
934 1335 1032 1396 esset
1051 1317 1215 1423 suspicio
1235 1334 1362 1396 contra
1392 1345 1468 1396 eos.
1490 1321 1532 1396 ln
1553 1319 1635 1426 ejus
1654 1346 1785 1426 recep-

360 1445 468 1524 cione
516 1445 588 1525 fuit
628 1447 701 1525 sibi
741 1448 876 1526 tradita
911 1445 1075 1554 quedam
1119 1446 1274 1525 cordula
1318 1477 1392 1554 qua
1435 1475 1549 1553 super
1590 1448 1781 1526 camisiam

359 1577 583 1685 cingeretur.
610 1579 826 1687 lnjunctnm
854 1578 927 1656 fuit
956 1579 990 1656 ei
1018 1606 1066 1655 ne
1086 1577 1268 1656 revelaret
1287 1596 1429 1656 secreta
1446 1577 1714 1684 capitulorum,
1736 1580 1784 1658 de

358 1709 476 1787 modo
499 1711 728 1818 recepcionis
748 1708 898 1817 speciali
928 1737 1006 1788 non
1033 1709 1159 1786 habita
1188 1710 1399 1788 mancione.
1429 1710 1505 1804 Qui
1538 1709 1781 1800 revelassent,
1855 1711 1858 1718 ’
1926 1695 1930 1712 ’

357 1840 527 1946 graviter,
549 1842 617 1918 sed
637 1841 758 1920 nescit
775 1840 948 1948 qualiter,
970 1840 1094 1947 puniti
1108 1839 1278 1918 luissent.
1298 1843 1443 1918 Fratres
1457 1841 1618 1920 scientes
1638 1869 1784 1920 errores

357 1969 590 2078 negligentes
619 1970 776 2050 bierunt
794 1971 882 2076 quia
912 1998 989 2049 non
1014 1988 1258 2048 correxerunt
1286 1998 1350 2048 eos
1370 1999 1440 2048 nec
1460 1971 1784 2050 denunciaverunt

356 2099 532 2178 Ecclesie.
554 2102 597 2178 ln
617 2099 807 2208 aliquibus
827 2101 919 2179 locis
939 2101 1082 2178 ordinis
1102 2100 1307 2178 elemosine
1334 2119 1372 2178 et
1390 2101 1622 2206 hospitalitas
1645 2102 1782 2181 melius

357 2259 470 2336 quam
491 2232 530 2308 in
555 2231 637 2308 aliis
657 2231 911 2310 servabantur.
934 2230 1116 2310 Ordinata
1138 2259 1208 2337 per
1232 2233 1451 2340 Magistrum
1479 2261 1566 2308 cum
1594 2251 1780 2311 conventu
1856 2225 1863 2240 ’

357 2377 535 2438 servasset
554 2377 657 2440 totus
677 2361 789 2450 ordo,
813 2378 941 2438 contra
960 2388 1075 2467 quem
1102 2387 1203 2437 nnnc
1228 2359 1383 2468 grandia
1405 2360 1593 2450 scandala,
1616 2362 1779 2468 suspicio

358 2507 395 2566 et
422 2489 575 2568 infamia
604 2506 692 2568 sunt
716 2509 859 2580 exorta;
881 2491 988 2598 cujus
1017 2490 1195 2568 tratribus
1214 2491 1335 2568 credit
1354 2490 1460 2596 quod
1480 2507 1605 2569 essent
1625 2509 1713 2570 nota
1733 2493 1780 2570 il·

355 2616 454 2696 licita
475 2618 678 2698 confessata
704 2649 773 2726 per
800 2649 907 2710 eum,
931 2637 970 2698 et
988 2621 1095 2728 qnod
1120 2649 1278 2726 magnus
1304 2620 1480 2728 Magister
1507 2637 1544 2698 et
1563 2620 1626 2697 alii
1645 2623 1778 2700 eadem

355 2748 430 2828 sint
449 2749 621 2828 confessi.

409 2879 624 2986 Requisitus
654 2880 684 2956 si
715 2881 768 2958 sic
805 2882 1032 2988 deposuerat
1064 2909 1190 2988 prece,
1220 2899 1414 2987 precepto,
1447 2880 1601 2970 timore,
1630 2909 1776 2971 amore,

355 3009 461 3098 odio,
487 3008 546 3086 vel
574 3009 774 3115 temporali
802 3011 964 3088 comodo
983 3010 1113 3088 habito
1134 3009 1194 3086 vel
1224 3009 1417 3099 habendo,
1444 3011 1640 3115 respondit
1673 3011 1780 3116 quod

355 3166 448 3228 non,
471 3139 538 3216 sed
563 3167 634 3245 pro
652 3139 807 3216 veritate
828 3140 1005 3228 dicenda3
1038 3140 1100 3217 cni
1119 3139 1191 3216 luit
1215 3139 1428 3247 injunctum
1449 3139 1556 3246 quod
1576 3167 1654 3217 non
1678 3169 1780 3219 reve-

353 3267 448 3346 laret
466 3268 563 3345 hanc
582 3297 688 3346 suam
710 3269 1013 3376 deposicionem,
1039 3297 1238 3376 quousque
1263 3270 1526 3347 attestaciones
1549 3268 1690 3348 luerint
1709 3300 1780 3377 pu-

352 3397 504 3489 blicate3
527 3417 565 3476 et
585 3428 661 3476 non
683 3399 874 3478 obtulerat
888 3429 928 3476 se
948 3399 996 3478 ad
1017 3398 1290 3476 deffensionem
1309 3399 1464 3477 ordinis.

408 3531 499 3610 Acta
517 3529 672 3608 fuerunt
687 3531 759 3608 hec
781 3530 889 3606 dictis
909 3530 970 3607 die
990 3546 1028 3607 et
1041 3529 1140 3620 loco,
1159 3529 1399 3635 presentibus
1423 3529 1600 3636 magistro
1616 3527 1776 3620 Amisio,

351 3689 413 3738 me
433 3661 688 3738 Floriamonte
708 3660 929 3754 Dondedei,
950 3678 987 3739 et
1001 3661 1083 3738 aliis
1102 3660 1257 3738 notariis
1274 3689 1386 3766 supra
1400 3661 1537 3739 ultimo
1555 3663 1775 3756 nominatis,

351 3792 426 3869 hoc
445 3791 543 3868 salvo
567 3790 672 3898 quod
696 3791 820 3870 dimus
844 3791 1020 3901 magister
1048 3793 1158 3900 Hugo
1188 3819 1266 3869 non
1287 3790 1458 3870 interluit
1476 3793 1694 3899 juramento
1720 3810 1777 3872 te·

351 3921 465 3998 su'um
481 3921 596 4000 hodie
607 3921 833 4028 juratorum.

407 4185 609 4276 Posthac,
642 4185 704 4264 die
734 4185 863 4264 Martis
898 4185 1089 4292 sequenti,
1121 4213 1195 4292 que
1230 4185 1303 4262 luit
1333 4185 1544 4291 penultima
1576 4185 1658 4263 dies
1685 4184 1776 4264 dicti
1879 4203 1889 4216 '

349 4316 489 4392 mensis
517 4315 662 4403 Marcii,
683 4314 755 4393 suit
774 4315 960 4394 adductus
985 4316 1034 4393 ad
1063 4316 1296 4420 presenciam
1323 4314 1512 4392 dictorum
1530 4315 1776 4394 dominorum
1816 4357 1821 4364 ·

349 4446 613 4553 episcoporum
648 4462 686 4524 et
716 4446 968 4524 archidiaconi
999 4445 1234 4538 Tridentini,
1268 4444 1350 4523 aliis
1378 4445 1546 4552 legitime
1575 4445 1774 4537 excusatis,

348 4577 388 4654 in
404 4575 520 4654 domo
539 4575 707 4684 predicta
724 4574 871 4655 domini
890 4577 990 4654 Petri
1003 4577 1051 4654 de
1072 4575 1278 4666 Sabaudia,
1297 4573 1410 4654 irater
1428 4575 1658 4656 Guillelmus
1677 4577 1775 4654 Tex-

348 4707 441 4784 toris
459 4706 657 4814 presbiter,
686 4725 836 4785 curatus
860 4707 1015 4786 ecclesie
1039 4706 1087 4784 de
1120 4706 1236 4786 Cellis
1255 4707 1573 4787 Claramontensis
1595 4707 1774 4797 diocesis,

347 4835 454 4914 testis
473 4863 586 4943 supra
597 4837 764 4942 juratus,
788 4854 832 4916 ut
852 4838 1061 4944 deponeret
1080 4836 1224 4916 dictum
1255 4867 1385 4931 suum3
1413 4841 1699 4951 nonagenarius
1715 4836 1776 4918 vel

435 4971 544 5035 esocis
566 4993 618 5037 nrs
638 4993 860 5037 reuertem-
874 4994 897 5034 n
1013 5027 1017 5036 .
1590 4997 1625 5058 ¹7
