4242 5890
401 520 473 594 un
791 503 986 596 procus
1013 521 1107 594 ons
1133 519 1433 594 rnurcrnus

398 661 510 750 factas
530 659 576 738 ab
597 688 642 738 eo
663 659 711 738 de
728 662 873 741 statutis
889 661 978 738 dicti
997 660 1141 738 ordinis
1157 661 1413 748 observandis,
1430 676 1468 738 et
1487 658 1664 738 mantello
1678 661 1726 738 ad
1745 662 1823 740 coI-

397 791 477 868 lum
489 792 629 897 posito,
643 789 745 870 idem
757 791 940 897 recipiens
952 790 1116 869 ostendit
1129 790 1199 870 sibi
1213 792 1416 898 quamdam
1430 818 1594 878 crucem,
1609 808 1647 868 et
1657 793 1823 900 precepit

397 923 469 1004 sibi
489 923 594 1030 quod
611 952 723 1028 supra
742 922 845 999 illam
866 940 1033 1028 spueret,
1052 939 1089 1000 et
1111 922 1216 1030 quod
1235 921 1438 1030 abnegaret
1454 923 1602 1029 signum
1619 923 1758 1014 crucis;
1784 940 1823 999 et

397 1053 476 1158 ipse
501 1053 682 1132 recusavit
706 1051 825 1130 facere
850 1071 1032 1160 quantum
1054 1053 1195 1158 potuit,
1219 1071 1255 1131 et
1276 1069 1365 1132 ωηο
1385 1053 1506 1134 dictus
1525 1052 1709 1158 recipiens
1731 1053 1822 1132 dixit

398 1184 468 1261 sibi
482 1185 602 1292 quod,
619 1184 689 1262 nisi
706 1182 859 1272 faceret,
875 1183 954 1289 ipse
969 1202 1129 1291 poneret
1143 1211 1230 1262 eum
1245 1185 1285 1261 in
1303 1211 1446 1264 carcere
1466 1201 1667 1290 perpetum
1682 1201 1720 1262 et
1733 1201 1823 1262 tunc

396 1313 485 1391 fecit
503 1315 729 1421 compulsus.

453 1448 704 1552 Interrogatus
719 1447 767 1522 de
783 1446 927 1534 osculo,
951 1446 1043 1522 dixit
1064 1474 1131 1551 per
1144 1446 1404 1552 jurameutum
1425 1475 1536 1524 suurn
1559 1447 1666 1553 quod
1681 1446 1821 1524 oscula-

396 1593 456 1651 tns
482 1575 554 1652 Iuit
579 1576 721 1654 dictum
742 1575 982 1680 recipientem
1005 1577 1044 1651 in
1063 1575 1241 1657 umbilico
1267 1594 1304 1653 et
1327 1576 1367 1654 in
1391 1603 1469 1654 ore.
1495 1577 1598 1656 Dixit
1617 1577 1732 1654 eciam
1755 1603 1821 1682 per

391 1705 647 1811 juramentum
665 1734 776 1784 suum
795 1707 900 1813 quod
919 1707 1087 1812 precepit
1104 1705 1175 1784 sibi
1195 1707 1299 1813 quod
1318 1706 1548 1786 oscularetur
1572 1735 1660 1786 eum
1681 1708 1721 1788 in
1744 1705 1820 1782 fine

396 1837 502 1942 spine
523 1837 642 1922 dorsi,
664 1837 732 1912 sed
750 1834 883 1914 noluit.
901 1836 1116 1942 Requisitus
1136 1837 1289 1918 devoto
1310 1836 1500 1926 castitatis,
1524 1836 1616 1918 dixit
1633 1866 1702 1944 per
1717 1837 1820 1942 jura-

396 1983 566 2044 mentum
585 1995 697 2044 suum
717 1966 822 2072 quod
844 1965 1048 2044 inhibitum
1073 1966 1145 2044 fuit
1170 1966 1240 2044 sibi
1268 1967 1373 2072 quod
1399 1994 1476 2046 non
1503 1969 1761 2048 commisceret
1780 1994 1819 2045 se

396 2125 482 2174 cum
498 2095 734 2185 mulieribus,
752 2113 790 2172 et
808 2096 914 2203 quod
933 2097 963 2172 si
980 2096 1079 2174 calor
1093 2095 1271 2188 naturalis
1288 2114 1455 2176 moveret
1470 2124 1575 2188 eum,
1591 2099 1698 2206 quod
1718 2125 1819 2179 corn-

396 2229 569 2305 misceret
588 2255 628 2303 se
648 2255 735 2304 cum
750 2226 924 2305 fratribus
938 2227 1030 2317 suis,
1051 2243 1089 2302 et
1104 2226 1177 2304 hoc
1190 2225 1237 2304 ab
1251 2227 1333 2306 aliis
1354 2243 1556 2334 pateretur.
1584 2227 1685 2306 Dixit
1703 2228 1819 2304 eciem

395 2358 501 2465 quod
516 2385 709 2464 nunquam
728 2356 832 2444 fecit,
850 2385 920 2434 nec
938 2355 1010 2434 fuit
1028 2357 1245 2464 requisitus.

452 2489 702 2594 Interrogatus
714 2486 744 2563 si
755 2514 950 2592 nunquam
962 2485 1058 2562 'vidit
1070 2485 1213 2591 aliquos
1226 2483 1358 2562 fratres
1372 2486 1485 2590 recipi
1501 2487 1540 2561 in
1556 2484 1654 2575 dicto
1670 2485 1816 2575 ordine,

397 2619 488 2697 dixit
505 2617 610 2724 quod
629 2617 682 2694 sic
701 2643 838 2708 unum,
852 2615 1003 2694 fratrem
1019 2615 1233 2720 Philippum
1249 2615 1297 2693 de
1311 2615 1453 2721 Supere
1467 2617 1708 2700 Normanum.
1722 2615 1821 2694 Dixit

396 2751 512 2826 eciam
538 2775 606 2853 per
624 2747 881 2854 juramentum
904 2773 1017 2822 suum
1037 2745 1142 2852 quod
1167 2743 1303 2824 eodem
1322 2745 1439 2823 modo
1465 2745 1558 2823 vidit
1581 2773 1669 2824 eum
1691 2745 1817 2852 recipi.

395 2879 611 2984 Requisitus
623 2894 751 2954 utrum
767 2872 885 2952 credit
897 2873 1001 2980 quod
1018 2873 1079 2951 alii
1096 2872 1230 2952 eodem
1244 2873 1360 2952 modo
1372 2874 1608 2980 recipiuntur.
1619 2875 1820 2982 dixitquod

396 3008 515 3084 credit
533 3007 572 3083 in
592 3007 742 3084 veritate
763 3005 869 3112 quod
887 3003 948 3081 alii
969 3003 1197 3110 recipiantur
1211 3005 1273 3082 ita.
1294 3003 1395 3084 Dixit
1415 3005 1531 3082 eciam
1550 3031 1618 3110 per
1631 3003 1820 3111 juramen-

394 3156 475 3215 tum
499 3166 611 3215 suum
636 3135 741 3245 quod
765 3135 811 3213 de
840 3133 1029 3240 premissis
1054 3133 1244 3250 cpnfessus
1270 3133 1341 3211 Iuit
1368 3134 1516 3212 cuidem
1547 3133 1651 3214 [ratri
1678 3133 1818 3214 ordinis

394 3269 604 3358 Miserum,
624 3267 691 3374 qui
711 3265 804 3343 dixit
822 3264 927 3372 quod
946 3292 1023 3345 non
1043 3281 1190 3372 poterat
1209 3292 1295 3342 eum
1312 3263 1521 3354 absolvere,
1538 3282 1577 3342 et
1595 3263 1699 3370 quod
1711 3293 1819 3370 opor·

393 3397 497 3477 tebat
511 3397 618 3504 quod
636 3397 709 3474 iret
726 3396 775 3474 sd
790 3395 919 3474 sedem
934 3395 1187 3502 apostolicam.

449 3528 663 3635 Requisitus
683 3544 813 3606 utrum
828 3528 880 3615 vi,
899 3525 958 3604 uel
977 3543 1082 3602 metu
1101 3524 1257 3604 carceris
1269 3524 1328 3602 vel
1343 3541 1634 3612 tormentorum,
1655 3524 1817 3630 aliquam

393 3658 528 3736 dixerit
543 3656 738 3736 salsitatem
760 3676 825 3735 aut
843 3657 1086 3734 immiscuerit
1105 3655 1143 3732 in
1163 3655 1402 3762 deposicione
1421 3683 1504 3743 sus,
1526 3655 1618 3731 dixit
1635 3683 1704 3760 per
1718 3657 1819 3763 jura-

394 3807 562 3867 meutum
581 3818 692 3867 suum
713 3786 819 3895 quod
839 3816 934 3878 uon;
950 3789 1066 3866 immo
1088 3785 1180 3864 dixit
1193 3785 1396 3865 veritatem.

448 4053 542 4128 Item
558 4050 672 4129 irater
685 4049 857 4129 ldutheus
868 4050 935 4127 dos
950 4050 1134 4144 Quesnoi‚
1153 4047 1259 4128 etatis
1273 4047 1424 4154 triginta
1439 4047 1605 4125 duorum
1618 4073 1814 4133 annorum,

387 4181 536 4288 juratus
556 4182 690 4260 eodem
711 4179 828 4260 modo
853 4194 891 4258 et
911 4180 1114 4286 requisitus
1136 4181 1185 4256 de
1203 4195 1374 4285 tempore
1396 4197 1434 4257 et
1457 4179 1572 4258 modo
1599 4205 1666 4256 suc
1688 4205 1817 4282 recep-

393 4310 525 4401 cionis‚
541 4311 633 4388 dixit
643 4339 711 4418 per
720 4311 976 4418 juramentum
988 4339 1100 4390 suurn
1109 4309 1211 4416 quod
1221 4327 1394 4420 receptus
1402 4309 1475 4388 fuit
1481 4307 1583 4416 apud
1594 4307 1815 4394 soisiacum,

392 4441 577 4520 sexdecim
599 4443 684 4520 unni
711 4459 798 4520 sunt
823 4441 955 4548 elapsi,
983 4471 1052 4549 per
1075 4441 1228 4520 fratrem
1254 4442 1464 4521 Iohannem
1492 4442 1539 4519 de
1569 4441 1702 4518 Turno
1731 4457 1818 4518 tunc

392 4573 665 4672 thesaurarium
691 4572 839 4680 Templi
868 4572 1098 4664 Parisiensis,
1130 4571 1365 4678 presentibus
1394 4569 1507 4650 fratre
1539 4569 1738 4676 Radulpho
1773 4567 1817 4656 de

392 4702 611 4782 Hardiviller
632 4721 671 4781 et
692 4703 918 4810 quibusdam
939 4703 1021 4782 aliis
1043 4704 1216 4794 mortuis,
1242 4702 1290 4780 de
1311 4731 1475 4810 quorum
1501 4700 1720 4782 nominibus
1744 4727 1816 4778 non

390 4833 534 4912 recolit.
561 4834 662 4913 Dixit
693 4835 810 4914 eciam
827 4862 894 4939 per
914 4834 1172 4939 juramentum
1191 4861 1301 4914 suum
1331 4834 1454 4940 quod,
1475 4830 1714 4944 postmultus
1734 4857 1818 4937 pro·
