4202 5876
429 546 502 620 roc
819 531 1014 624 moces
1040 549 1136 622 oss
1161 549 1460 624 murmuris.

425 684 572 792 Templi
593 713 778 794 nusquam
794 690 912 768 auditi
928 689 1068 768 fuerint
1087 719 1343 798 necunquam
1363 690 1500 800 cogniti
1520 717 1590 766 nec
1609 689 1787 794 cuiquam
1803 691 1848 770 de

426 817 505 921 ipso
517 816 649 894 ordine
659 819 862 910 manifesti,
879 838 992 927 prout
1006 822 1126 898 credit
1136 838 1173 898 et
1187 821 1260 900 hoc
1276 823 1367 900 dixit
1375 851 1415 900 se
1430 822 1599 911 credere,
1615 837 1730 926 prout
1743 820 1846 910 dixit,

425 945 521 1023 salva
539 963 666 1024 tamen
680 950 870 1028 sanctitate
892 968 929 1028 et
945 951 1162 1028 excellencia
1179 953 1268 1031 dicti
1283 953 1427 1032 domini
1443 951 1561 1030 nostri
1572 975 1666 1058 pape
1682 966 1720 1028 et
1732 951 1851 1029 domi-

423 1105 559 1154 norum
576 1079 821 1157 cardinalium
835 1083 1044 1160 reverencia
1065 1099 1101 1159 et
1122 1083 1278 1161 honore.

480 1209 539 1286 Ad
557 1209 674 1290 lxxxvi
699 1211 899 1289 articulum
926 1213 1124 1320 diligenter
1149 1215 1415 1322 interrogatus,
1441 1214 1636 1321 respondit
1655 1213 1757 1318 quod
1781 1211 1852 1288 fra-

423 1356 481 1416 ter
506 1339 550 1418 G.
581 1341 628 1418 de
648 1339 800 1420 Abelars
823 1360 1021 1448 preceptor
1049 1362 1138 1422 tunc
1163 1345 1298 1422 domus
1323 1345 1439 1420 Mansi
1460 1343 1531 1420 Dei
1558 1343 1702 1449 recepit
1727 1343 1849 1448 ipsum

423 1469 488 1574 qui
513 1469 681 1576 loquitur
701 1472 739 1547 in
759 1471 910 1547 fratrem
930 1473 1019 1547 dicti
1041 1471 1199 1561 ordinis,
1232 1471 1271 1548 in
1294 1471 1432 1578 capella
1466 1471 1601 1551 domus
1620 1473 1739 1552 Mansi
1762 1474 1848 1565 Dei,

424 1599 575 1677 infesto
596 1599 904 1678 Annunciationis
927 1602 1041 1678 Beate
1059 1601 1175 1680 Marie
1202 1619 1313 1681 erunt
1337 1629 1387 1681 ru
1411 1604 1497 1680 anni
1527 1603 1640 1710 elapsi
1660 1604 1718 1680 vel
1740 1605 1847 1696 circa,

421 1727 657 1834 presentibus
677 1747 715 1806 et
732 1730 874 1808 ibidem
894 1730 1098 1810 astantibus
1117 1734 1336 1812 Reverendo
1356 1733 1404 1810 de
1425 1733 1562 1812 Sancto
1576 1735 1701 1822 lusto,
1718 1736 1848 1812 Pontio

423 1859 469 1935 de
488 1858 742 1968 Camporrello
762 1859 960 1952 militibus,
983 1861 1179 1940 Remundo
1199 1862 1248 1940 de
1267 1861 1400 1952 Vilert,
1417 1863 1615 1941 Remundo
1636 1863 1794 1942 Comitis
1814 1883 1850 1942 et

421 1990 594 2095 pluribus
613 1991 693 2068 aliis
712 1991 888 2070 frutribus
907 1993 994 2070 dicti
1015 1994 1170 2072 ordinis.

477 2121 613 2222 Modus
640 2139 765 2199 autem
787 2151 854 2200 sue
875 2122 1105 2230 recepcionis
1130 2123 1203 2200 suit
1221 2124 1283 2201 hic
1303 2125 1369 2231 qui
1390 2125 1572 2231 sequitur.
1597 2126 1724 2203 Primo
1749 2127 1848 2203 enim

422 2251 542 2330 dictus
555 2270 765 2359 preceptor,
789 2272 914 2333 exacto
935 2283 955 2330 a
974 2255 1094 2362 sequi
1115 2255 1285 2361 loquitur
1305 2272 1537 2334 sacramento
1553 2256 1602 2333 de
1623 2257 1775 2334 veritate
1794 2257 1849 2334 di-

422 2382 555 2471 cenda,
576 2382 648 2462 luit
668 2385 913 2492 interrogatus
931 2413 1000 2491 per
1020 2385 1162 2463 dictum
1182 2405 1438 2493 preceptorem
1462 2403 1591 2464 utrum
1612 2387 1716 2465 idem
1736 2386 1849 2465 lrater

422 2531 519 2592 esset
534 2531 623 2592 tunc
638 2516 995 2606 excommunicatus,
1014 2517 1072 2594 vel
1085 2545 1131 2592 an
1148 2545 1233 2593 cum
1253 2515 1412 2594 muliere
1429 2517 1550 2623 aliqua
1570 2518 1847 2596 matrimonium

421 2645 675 2734 contraxisset,
701 2647 759 2720 vel
779 2675 825 2720 an
849 2665 946 2721 esset
965 2647 1216 2720 creditoribus
1229 2647 1418 2747 aliquibus
1436 2646 1621 2748 obligatus
1640 2647 1780 2754 quibus
1803 2650 1848 2726 de
1883 2719 1885 2724 .

420 2774 580 2879 propriis
598 2774 708 2852 bonis
721 2773 802 2881 ejus
818 2775 882 2881 qui
902 2774 1078 2880 recipitur
1090 2772 1260 2851 satisfieri
1273 2800 1349 2849 non
1360 2771 1493 2878 possit,
1510 2789 1546 2850 et
1562 2799 1609 2848 un
1621 2789 1750 2848 votum
1762 2779 1850 2848 emi·

420 2905 526 2982 sisset
546 2905 593 2983 de
609 2905 791 3012 religione
806 2905 876 2982 alia
894 2905 1080 2994 intranda,
1099 2891 1139 2983 et
1158 2933 1204 2980 an
1223 2902 1401 2981 morbum
1422 2901 1590 2978 ocultum
1604 2899 1767 3008 aliquem
1784 2901 1849 2978 ha-

420 3032 528 3113 beret
546 3035 585 3110 in
604 3036 758 3142 proprio
775 3063 930 3143 corpore
951 3064 1028 3142 quo
1047 3034 1232 3112 invalidus
1245 3032 1304 3110 vel
1321 3033 1471 3138 ineptus
1484 3032 1533 3110 ad
1552 3032 1847 3137 impendendum

420 3165 579 3270 Templo
597 3165 793 3244 servicium
812 3166 1047 3244 redderetur.

476 3296 536 3372 Ad
548 3324 622 3402 que
638 3297 763 3374 omnia
777 3299 1011 3403 respondens
1031 3296 1122 3373 dixit
1136 3297 1175 3374 in
1189 3324 1229 3374 se
1245 3296 1347 3374 nulla
1362 3325 1441 3374 esse
1457 3325 1526 3374 nec
1543 3295 1687 3402 aliquid
1706 3295 1753 3372 de
1770 3323 1846 3402 pre-

421 3426 540 3503 dictis.
563 3428 661 3504 Sunt
677 3445 715 3504 et
734 3427 804 3504 ulia
824 3426 929 3534 plura
944 3455 1018 3534 que
1038 3427 1185 3533 quesita
1202 3425 1355 3504 fuerunt
1369 3427 1416 3504 ab
1430 3454 1492 3516 eo,
1511 3427 1559 3505 de
1575 3425 1714 3532 quibus
1726 3428 1846 3531 agitur

421 3574 458 3633 et
478 3557 653 3634 seriosius
674 3558 862 3635 invenitur
881 3558 1054 3664 superius
1068 3557 1107 3634 in
1125 3556 1364 3663 deposicionis
1385 3556 1508 3634 fratris
1522 3555 1785 3663 Bartholomey
1799 3560 1845 3632 de

419 3689 540 3765 Turre
561 3687 757 3794 presbiteri
778 3706 816 3767 et
833 3689 1009 3794 capellani
1032 3688 1131 3765 dicte
1149 3689 1283 3766 domus
1301 3687 1418 3768 Mansi
1434 3688 1521 3778 Dei,
1538 3688 1650 3794 primi
1671 3687 1793 3774 testis,
1810 3705 1846 3763 et

421 3818 629 3926 dequibus
657 3849 678 3896 a
704 3820 864 3924 receptis
882 3817 1059 3896 fratribus
1085 3819 1287 3925 inquiritur
1311 3818 1541 3925 recepcionis
1569 3846 1635 3896 sue
1656 3835 1843 3922 tempore,

421 3966 533 4056 prout
555 3951 594 4025 in
612 3949 709 4028 libro
729 3967 953 4028 statutorum
979 3966 1017 4026 et
1033 3949 1162 4056 regule
1184 3949 1273 4027 dicti
1295 3949 1454 4037 ordinis,
1479 3977 1594 4056 quem
1613 3948 1716 4024 idem
1732 3946 1845 4025 frater

419 4079 703 4156 Bartholomeus
722 4076 890 4153 exhibuit
905 4075 1005 4152 dicto
1021 4075 1177 4152 domino
1193 4073 1370 4180 episcopo
1391 4073 1594 4180 inquirenti
1616 4085 1654 4150 et
1672 4070 1841 4160 tradidit,

422 4209 654 4285 continetur.
1839 4293 1844 4304 ,

477 4337 535 4416 Ad
551 4338 685 4418 lxxxvu
705 4357 742 4416 et
758 4337 905 4416 lxxxvru
925 4357 962 4415 et
980 4339 1159 4416 ultimum
1180 4325 1355 4414 articulos
1376 4335 1575 4442 diligenter
1600 4351 1638 4410 et
1658 4331 1842 4440 sigillatim

421 4470 684 4578 interrogatus,
712 4471 803 4548 dixit
826 4499 865 4549 se
891 4469 1006 4548 nichil
1031 4470 1123 4545 scire
1144 4496 1215 4545 nec
1233 4467 1385 4544 credere
1406 4466 1550 4573 aliquid
1568 4463 1625 4542 vel
1650 4463 1772 4571 aliqua
1798 4464 1843 4540 de

420 4602 603 4679 contentis
621 4601 660 4679 in
677 4602 742 4678 eis.

475 4735 599 4839 Super
618 4732 699 4809 aliis
713 4761 799 4809 vero
815 4732 1107 4809 circumstanciis
1120 4747 1158 4808 et
1171 4729 1435 4808 coherentibus
1450 4727 1615 4806 articulis
1629 4727 1843 4833 prescriptis

420 4863 618 4973 diligenter
631 4863 847 4970 requisitus,
871 4863 964 4940 dixit
983 4889 1022 4940 se
1042 4861 1158 4938 nichil
1170 4890 1240 4938 nec
1253 4860 1374 4966 aliqua
1387 4857 1598 4964 plurescire
1612 4885 1725 4964 quam
1740 4857 1841 4934 dixit.
