4242 5890
378 1239 420 1313 ln
440 1234 580 1314 Christi
602 1232 775 1319 nomine,
799 1257 920 1308 amen.
937 1231 1065 1306 Patent
1079 1227 1277 1317 universis,
1293 1255 1362 1334 per
1376 1227 1450 1303 hoc
1463 1252 1618 1330 presens
1629 1224 1750 1330 publi-

323 1395 411 1444 cum
432 1368 745 1452 instrumentum,
767 1361 873 1469 quod
890 1387 988 1439 anno
1008 1358 1164 1437 Domini
1182 1355 1386 1435 millesimo
1405 1370 1486 1434 ccc⁰
1497 1355 1674 1463 septimo,
1691 1355 1749 1432 in·

322 1496 472 1575 dicione
500 1513 619 1585 sexta,
645 1491 887 1602 pontificatus
910 1490 1132 1570 sanctissimi
1156 1489 1272 1596 patris
1298 1503 1336 1564 et
1358 1485 1503 1564 domini
1524 1485 1748 1572 Clementis,

321 1624 444 1701 divina
464 1624 703 1731 providencia
723 1651 818 1730 pape
833 1622 975 1730 quinti,
998 1647 1098 1697 anno
1116 1618 1301 1709 secundo,
1323 1617 1385 1695 die
1405 1630 1480 1696 ω·
1497 1614 1688 1703 Octobris,
1703 1615 1749 1717 ‘in

319 1754 485 1863 religiosi
503 1771 541 1832 ct
555 1753 705 1833 honesti
725 1753 793 1830 viri
813 1752 937 1830 lratris
953 1749 1154 1830 Guillermi
1179 1750 1227 1828 de
1252 1747 1433 1837 Parisios,
1455 1745 1600 1825 ordinis
1619 1747 1750 1824 Predi-

320 1903 506 1973 catorum,
523 1883 757 1992 inquisitoris
773 1883 938 1962 heretice
950 1880 1141 1988 pravitatis
1154 1880 1192 1957 in
1209 1905 1328 1988 regno
1342 1878 1514 1969 Francis,
1531 1879 1749 1956 auctoritate

320 2016 524 2121 apostolica
542 2015 712 2121 deputati
728 2015 768 2090 in
780 2015 895 2091 domo
911 2011 1052 2090 milicie
1066 2010 1217 2118 Templi
1236 2011 1415 2099 Parisius,
1431 2035 1501 2115 pro
1521 2011 1750 2116 inquirendo

321 2164 449 2224 contra
461 2143 642 2252 quasdam
663 2171 841 2250 personas
858 2143 983 2221 eidem
1004 2142 1145 2220 delatas
1160 2168 1275 2247 super
1294 2140 1395 2218 dicto
1411 2140 1570 2217 crimine
1588 2140 1750 2218 existen-

320 2277 385 2363 tis,
397 2291 437 2352 et
450 2275 490 2350 in
505 2289 678 2352 nostrum
694 2273 930 2352 notariorum
945 2271 1190 2378 publicorum
1206 2286 1245 2348 et
1259 2269 1416 2347 testium
1427 2268 1749 2374 infrascriptomm

320 2405 514 2512 presencia
539 2403 789 2510 personaliter
807 2402 1033 2482 constitutus
1056 2401 1170 2478 frater
1193 2400 1381 2516 lohannes
1401 2400 1449 2478 de
1471 2399 1666 2506 Fouilleyo
1687 2430 1750 2478 or·
1849 2417 1852 2424 '

321 2534 421 2614 dinis
433 2534 574 2614 milicie
586 2532 735 2639 Templi
752 2534 956 2642 presbyter,
969 2533 1119 2640 juratus
1133 2530 1182 2608 nd
1193 2548 1318 2608 sancta
1327 2530 1398 2610 Dei
1413 2530 1611 2638 Evangelia
1624 2533 1749 2610 eidem

320 2666 509 2772 preposita
529 2681 569 2742 et
586 2664 635 2743 ab
654 2690 700 2741 eo
720 2680 818 2742 tacta
837 2663 962 2742 dicere
982 2664 1022 2740 in
1042 2689 1151 2741 cansa
1170 2661 1278 2750 fidei,
1295 2662 1345 2740 de
1364 2689 1403 2740 se
1424 2679 1463 2738 et
1477 2660 1558 2740 aliis
1577 2665 1750 2768 personis

314 2796 495 2901 'ejusdem
512 2794 673 2884 ordinis,
694 2791 863 2900 plenam,
890 2821 1023 2901 puram
1044 2811 1082 2870 et
1102 2794 1285 2900 integram
1305 2793 1516 2884 veritatem
1539 2811 1577 2870 et
1591 2793 1751 2872 interro-

321 2942 428 3032 gatus
443 2923 492 3001 de
504 2941 677 3030 tempore
691 2923 923 3031 recepeionis
938 2950 1004 3002 sue
1021 2939 1057 3000 et
1072 2921 1190 3001 modo
1206 2921 1392 3030 ejusdem,
1416 2923 1509 3001 dixit
1520 2922 1622 3001 idem
1638 2923 1752 3002 trater

322 3055 528 3145 lohannes,
565 3070 700 3161 sponte
730 3070 770 3131 et
801 3055 884 3132 sine
917 3052 1126 3142 coactione,
1157 3070 1202 3130 ut
1231 3052 1380 3132 dicebat
1402 3083 1471 3160 per
1489 3053 1749 3161 juramentum

321 3213 454 3278 suum,
471 3183 577 3292 quod
594 3183 657 3262 die
673 3186 779 3263 Lune
800 3201 885 3264 ante
906 3185 1045 3262 instans
1063 3182 1347 3290 Carnipr'evium
1359 3183 1418 3260 vel
1433 3184 1530 3262 circa
1545 3201 1656 3261 erunt
1675 3201 1751 3262 tres

321 3314 409 3391 anni
436 3313 542 3422 quod
566 3313 639 3391 luit
665 3331 855 3420 receptus,
877 3315 917 3391 in
933 3315 1103 3420 predicta
1122 3315 1236 3394 domo
1253 3315 1433 3404 Parisios,
1452 3316 1494 3392 in
1513 3314 1646 3392 ordine
1666 3345 1752 3421 pre-

322 3442 440 3532 dicto,
458 3470 528 3549 per
546 3441 698 3520 fratrem
713 3442 943 3535 Jobaunem,
960 3462 1053 3522 tunc
1067 3446 1342 3523 thesaurarium
1354 3443 1504 3552 Templi
1514 3445 1748 3535 Parisiensis,

320 3571 560 3678 presentibus
579 3570 692 3650 fratrs
718 3572 889 3650 lohanne
914 3573 962 3651 de
982 3576 1079 3652 Tere
1105 3591 1144 3653 et
1171 3574 1253 3652 aliis
1275 3574 1323 3652 de
1344 3604 1510 3682 quorum
1531 3575 1750 3656 nominibus
1851 3573 1857 3584 ’

230 3737 232 3742 ’
321 3730 399 3780 non
416 3693 560 3782 recolit.
581 3700 657 3797 Qui
672 3702 929 3784 thesaurarius
949 3733 1037 3782 eum
1053 3705 1255 3810 recipiens,
1272 3705 1511 3810 presentibus
1531 3705 1611 3786 aliis
1629 3705 1752 3783 fratri-

321 3833 410 3921 bus,
432 3832 519 3911 lecit
539 3833 767 3940 promictere
783 3835 922 3913 multas
934 3835 1190 3917 ohscx'vuncias
1203 3835 1347 3914 ordinis
1361 3854 1399 3914 et
1407 3837 1536 3946 jurare
1549 3855 1697 3926 tenere,
1714 3858 1751 3916 et

321 3991 466 4044 servare
480 3981 617 4044 statuta
627 3981 664 4042 et
675 3981 816 4044 secreta
829 3965 974 4046 ordinis
989 3983 1027 4044 et
1040 3966 1221 4050 nonnulla
1237 3966 1393 4074 aliaque
1409 3967 1449 4044 in
1459 3968 1658 4046 ordinibus
1668 3969 1750 4047 lieri

322 4093 595 4201 consuebatur!
615 4110 649 4173 et
660 4093 876 4202 speculaliter
889 4097 994 4203 quod
1010 4096 1058 4174 de
1079 4096 1181 4176 dieto
1196 4098 1330 4178 ordine
1342 4127 1386 4178 ex
1398 4101 1539 4178 tuncin
1554 4117 1660 4178 antee
1672 4129 1750 4178 non

324 4223 451 4302 exiret.
472 4225 520 4302 Et
539 4225 612 4304 hiis
631 4224 752 4316 factis,
777 4244 815 4305 et
835 4227 1016 4305 mantello
1037 4228 1109 4306 sibi
1130 4230 1179 4307 ad
1194 4229 1334 4308 collum
1347 4231 1490 4337 posito,
1505 4232 1658 4340 quidam
1681 4231 1752 4308 lra-

323 4371 381 4430 ter
394 4354 442 4432 de
457 4353 566 4462 cujus
585 4354 741 4434 nomine
757 4384 835 4434 non
856 4357 1006 4447 recolit,
1026 4358 1115 4465 quia
1135 4357 1166 4466 [
1186 4417 1195 4436 .
1215 4419 1223 4436 .
1242 4359 1347 4467 .]rat,
1370 4361 1476 4440 duxit
1495 4363 1647 4442 eumad
1668 4391 1752 4469 par·

321 4500 417 4570 tem,
452 4483 696 4574 videlicetad
725 4486 928 4593 quamdam
957 4487 1137 4596 capellam
1167 4517 1285 4597 prope
1313 4489 1439 4570 locum
1464 4493 1503 4568 in
1529 4521 1605 4600 quo
1630 4491 1751 4572 luerat
1851 4473 1856 4480 ⁵

321 4631 511 4720 receptus,
539 4615 621 4694 aliis
639 4615 820 4695 fratribus
842 4619 1129 4698 remanentibus
1148 4619 1187 4696 in
1211 4620 1295 4699 loco
1321 4622 1568 4730 recepcionis,
1595 4642 1633 4702 et
1659 4623 1751 4702 dixit

323 4745 428 4849 quod
450 4747 649 4852 oportebat
667 4773 804 4856 negare
825 4749 960 4826 Deum.
982 4750 1058 4844 Qui
1076 4767 1248 4857 receptus
1268 4752 1362 4830 dixit
1382 4753 1487 4860 quod
1505 4754 1614 4833 nullo
1633 4756 1749 4832 modo

320 4874 395 4951 hoc
409 4873 565 4966 laceret,
581 4875 710 4956 dicens
727 4894 854 4955 tamen
873 4879 978 4985 quod
991 4879 1155 4960 libenter
1167 4901 1319 4990 negaret
1337 4884 1461 4962 Deum
1483 4913 1598 4992 quem
1614 4887 1748 4992 pagani
