4486 5890
738 530 936 623 anoctis
963 549 1057 622 nus
1084 547 1382 622 unuvntsns.
1701 555 1771 626 179

348 689 559 779 veritatem,
593 689 800 768 secundnm
823 689 983 769 formam
1005 690 1210 798 juramenti
1237 689 1395 769 aliorum
1423 690 1576 766 testium
1600 693 1774 798 superius

347 821 598 930 registratam,
631 821 836 928 expositam
863 837 900 900 et
924 821 1184 930 vulgarizatam
1214 819 1374 898 eidem:
1401 837 1439 896 et
1463 846 1539 895 non
1568 819 1775 901 defferebat

349 952 573 1032 mantellum
590 951 752 1044 ordinis,
772 952 862 1060 quia
875 952 1085 1032 voluntarie
1101 953 1225 1060 ipsum
1241 951 1437 1029 dimiserat
1454 968 1540 1056 post
1559 953 1775 1058 capcionom

348 1083 526 1174 aliorum,
551 1099 588 1160 et
610 1083 691 1161 radi
712 1083 850 1162 fecerat
869 1084 940 1162 sibi
962 1085 1136 1172 barbam,
1165 1100 1203 1160 et
1221 1081 1429 1162 voluntarie
1453 1099 1606 1160 venerat
1625 1083 1673 1160 ad
1692 1111 1776 1191 pre-

349 1212 512 1292 senciam
533 1212 799 1320 inquisitorum
825 1215 1005 1306 Parisios,
1028 1229 1065 1292 et
1085 1212 1362 1320 inquisiverunt
1392 1238 1477 1288 cum
1507 1240 1568 1302 eo,
1591 1212 1659 1289 sed
1679 1240 1775 1290 non-

349 1345 453 1424 dum
467 1362 546 1421 erat
573 1343 769 1423 absolutus
792 1373 862 1424 nec
881 1345 1143 1424 reconciliatus
1162 1371 1230 1450 per
1249 1343 1413 1449 aliquem
1436 1340 1638 1448 prelatum,
1658 1360 1700 1421 et
1720 1361 1775 1421 est

349 1474 499 1586 triginta
524 1501 710 1553 annorum
728 1475 786 1553 vel
806 1476 913 1553 circa.
939 1475 1062 1552 Lectis
1079 1490 1205 1551 autem
1227 1489 1265 1550 et
1285 1472 1487 1580 diligenter
1507 1473 1684 1578 expositis
1704 1473 1774 1550 sibi

350 1603 527 1682 omnibus
547 1620 585 1680 at
603 1603 760 1711 singulis
777 1605 959 1696 articadis,
980 1603 1176 1710 respondit
1190 1603 1292 1709 quod
1313 1629 1390 1678 non
1411 1616 1562 1680 steterat
1582 1602 1620 1676 in
1642 1603 1775 1680 ordine

327 1838 329 1842 ι
349 1735 420 1812 nisi
435 1761 659 1842 perannum
681 1733 740 1811 vel
765 1762 895 1841 parurn
912 1734 1015 1842 plus,
1032 1763 1102 1812 nec
1114 1733 1258 1810 viderat
1273 1731 1386 1837 recipi
1408 1731 1478 1808 nisi
1499 1755 1618 1836 unum
1636 1732 1771 1820 alium,

350 1864 453 1942 unde
478 1863 685 1953 nesciebat,
714 1889 783 1942 nec
808 1865 1003 1956 credebat,
1033 1893 1102 1942 nec
1129 1863 1321 1940 audiverat
1348 1861 1421 1938 dici
1448 1861 1496 1938 de
1525 1863 1711 1938 contentis
1734 1863 1773 1937 in

348 1994 440 2102 ipsis
459 1992 625 2070 articulis
643 1993 715 2070 nisi
733 1995 838 2100 quod
863 1994 1054 2102 sequitur:
1075 1993 1178 2070 Dixit
1202 1993 1304 2069 eninr
1328 2020 1368 2067 se
1387 1990 1501 2067 baisse
1521 2008 1713 2098 receptum
1735 1992 1774 2068 in

349 2123 503 2200 instanti
523 2121 620 2200 leste
636 2121 914 2231 Assumptionis
928 2125 1037 2202 beate
1054 2123 1170 2200 Marie
1186 2139 1299 2200 erunt
1313 2121 1482 2228 quinque
1498 2119 1605 2208 anni,
1623 2147 1691 2227 per
1705 2119 1776 2197 fra-

348 2267 446 2330 trem
461 2253 720 2330 Humbcrturn
731 2253 780 2330 de
800 2254 992 2332 Carbonio
1008 2253 1169 2330 militem
1190 2251 1401 2358 quondam,
1423 2251 1461 2326 iu
1478 2248 1619 2358 capella
1640 2249 1776 2328 domus

350 2383 503 2491 Templi
527 2384 576 2460 de
598 2385 751 2460 Foresta
777 2383 1053 2461 Lemovicensis
1079 2382 1257 2472 diocesis,
1279 2378 1517 2488 presentibus
1544 2379 1703 2488 Hugone
1726 2381 1775 2456 de

351 2510 439 2590 Lata
463 2514 572 2592 Petra
597 2512 799 2605 serviente,
826 2511 891 2619 qui
919 2512 1090 2620 auffirgit,
1114 2511 1321 2589 Bertrando
1347 2511 1395 2588 de
1414 2509 1616 2588 Vassinhac
1637 2509 1773 2598 milite,

350 2641 414 2748 qui
442 2639 707 2728 transfretavit,
727 2642 929 2718 Vincencio
954 2639 1163 2747 presbitero
1189 2640 1399 2747 quondam,
1427 2638 1534 2746 cujus
1564 2665 1774 2745 cognomen

350 2769 517 2878 ignorat,
550 2787 587 2848 et
613 2769 841 2850 Humbando
868 2770 906 2849 lo
934 2773 1118 2880 berroyer
1141 2773 1342 2858 serviente,
1366 2769 1576 2858 deffuncto‚
1605 2770 1645 2846 in
1673 2771 1775 2848 hunc

351 2901 506 2980 modum
529 2932 539 2978 ε
559 2929 646 2978 nam
673 2929 759 2980 cum
785 2899 978 3009 peciisset,
1005 2919 1117 3010 prout
1145 2902 1351 2978 instructus
1377 2899 1514 2990 luerat,
1542 2897 1774 2976 beneficium

352 3030 514 3119 ordinis,
538 3031 630 3107 etei
650 3057 869 3110 concessum
888 3029 1035 3121 fuisset,
1058 3029 1229 3109 lecerunt
1249 3057 1338 3108 eum
1358 3057 1491 3108 vovere
1512 3045 1551 3106 et
1564 3029 1692 3137 jurare
1713 3057 1777 3108 su·

350 3181 419 3265 per
442 3160 646 3267 quemdam
666 3159 806 3237 librum
826 3178 1013 3267 apertum,
1042 3161 1080 3236 in
1106 3189 1181 3269 quo
1203 3179 1282 3238 erat
1301 3187 1433 3272 ymago
1454 3157 1646 3250 Crucilixi,
1669 3162 1776 3236 casti-

350 3304 486 3379 tatem,
513 3288 792 3377 obedienciam,
819 3306 856 3368 et
875 3292 997 3368 vivere
1018 3291 1098 3368 siue
1117 3291 1289 3397 proprio,
1313 3307 1349 3367 et
1369 3289 1472 3398 quod
1493 3317 1570 3368 non
1595 3291 1776 3368 revelaret

350 3433 491 3532 secreta
509 3417 791 3525 capituliorum;
814 3435 851 3496 et
868 3420 1046 3527 imposito
1071 3421 1142 3498 sibi
1165 3448 1234 3528 per
1258 3421 1654 3526 dietumraceptorem
1674 3448 1776 3496 man·

349 3545 455 3634 tello,
475 3546 555 3654 ipse
571 3563 745 3654 receptor
761 3547 876 3654 peciit
895 3548 942 3627 ab
962 3577 1007 3626 eo
1028 3550 1058 3625 si
1078 3549 1255 3626 credebat
1274 3549 1313 3624 in
1334 3545 1442 3626 illum
1464 3550 1533 3654 q'ui.
1549 3566 1776 3655 representa·

350 3676 460 3754 battrr
482 3704 551 3782 per
575 3675 713 3755 dictam
739 3678 953 3786 ymaginem
980 3679 1156 3758 Crucilixi
1175 3711 1183 3754 ε
1204 3705 1281 3784 quo
1301 3678 1554 3786 respondente
1574 3679 1679 3784 quad
1704 3679 1774 3772 sic,

351 3805 444 3884 dixit
464 3807 497 3883 ei
518 3807 625 3914 quod
643 3835 720 3886 non
742 3806 914 3885 crederet
933 3809 972 3884 in
993 3837 1100 3898 eum,
1123 3827 1159 3886 et
1181 3809 1349 3916 precepit
1368 3808 1472 3914 quod
1492 3823 1645 3915 spueret
1665 3837 1778 3916 super

350 3937 489 4016 dictam
508 3937 737 4046 ymaginem
758 3954 796 4015 et
814 3937 893 4045 ipse
912 3940 1033 4027 testis,
1051 3939 1159 4016 valde
1180 3939 1407 4046 stupefactus
1423 3957 1461 4015 et
1475 3939 1658 4025 turbatus,
1676 3940 1778 4046 spuit

351 4095 464 4174 super
492 4067 636 4146 dietum
665 4068 827 4160 librum,
856 4069 986 4147 dicens
1013 4069 1119 4177 quod
1145 4088 1236 4147 tunc
1262 4070 1373 4147 vellet
1398 4071 1566 4146 amisisse
1591 4097 1774 4177 pugnum.

350 4197 498 4278 Deinde
518 4197 612 4276 dixit
630 4200 666 4276 ei
686 4199 792 4305 quod
813 4227 900 4278 cum
923 4198 1103 4277 fratribus
1124 4201 1268 4278 ordinis
1286 4218 1433 4308 poterat
1459 4199 1655 4278 carnaliter
1674 4229 1778 4278 com·

351 4327 498 4406 misceri
526 4343 564 4405 et
590 4329 661 4434 ipsi
685 4357 771 4406 cum
800 4357 864 4422 eo,
894 4331 968 4407 boc
993 4347 1120 4407 tamen
1147 4357 1223 4406 non
1249 4329 1354 4423 lacit,
1376 4359 1445 4408 nec
1465 4331 1586 4408 credit
1604 4330 1709 4437 quod
1735 4333 1774 4407 in

219 4563 222 4568 Ι
350 4457 485 4536 ordine
505 4458 806 4536 committeretur
824 4457 967 4538 dictum
988 4476 1179 4565 peccatum
1201 4460 1479 4538 sodomiticum.
1502 4461 1590 4538 Post
1618 4489 1693 4567 que
1721 4461 1779 4538 di·
1909 4517 1911 4522 -

350 4604 432 4666 ctus
442 4605 615 4695 receptor
628 4604 667 4665 et
680 4586 811 4666 fratres
823 4606 985 4668 astantes
999 4587 1151 4666 luerunt
1167 4617 1255 4666 eum
1270 4589 1426 4668 osculati
1446 4589 1486 4666 in
1500 4617 1584 4682 ore,
1602 4607 1640 4667 et
1654 4592 1775 4668 credit

351 4720 455 4826 quod
471 4719 570 4796 dicta
584 4717 684 4796 licita
700 4737 737 4796 et
752 4718 880 4798 illicita
895 4719 1099 4798 confessata
1118 4747 1186 4825 per
1205 4747 1294 4796 eum
1314 4720 1583 4798 intervenirent
1603 4749 1775 4800 commu·

351 4847 450 4926 niter
471 4865 509 4925 et
528 4847 671 4954 ubique
693 4849 732 4926 in
752 4849 1033 4956 recepcionibus
1060 4849 1219 4928 aliorum
1240 4849 1301 4930 vel
1318 4869 1422 4958 post,
1448 4850 1636 4958 quianon
1658 4851 1780 4928 credit

1580 4989 1629 5047 23.
