4320 5898
728 520 927 614 rnocts
953 539 1052 614 nns
1079 539 1382 613 indemens.
1724 545 1771 614 57

338 680 529 759 nesciebat
536 708 606 759 nec
616 681 808 759 audiverat
823 683 916 772 dici,
938 681 1006 761 sed
1022 682 1200 760 credebat
1217 684 1324 791 quod
1334 683 1389 760 eis
1397 683 1657 791 preciperetur
1668 681 1773 794 quod

338 812 604 891 conculcarent
627 842 777 890 crucem
800 832 838 892 et
862 831 1045 923 spuerent
1068 844 1180 923 supra
1206 844 1304 904 eam,
1331 816 1400 914 sed
1419 843 1495 893 non
1525 817 1644 894 credit
1667 818 1772 925 quod
1900 809 1909 822 ’

337 942 503 1022 facerent
527 945 760 1053 spuicionem
785 963 823 1023 et
840 947 1171 1025 conculcacioncm
1189 947 1388 1054 predictas.
1415 948 1526 1040 Item,
1554 925 1648 1025 dixit
1668 949 1772 1056 quod

337 1075 417 1182 ipse
427 1077 524 1154 bene
539 1076 717 1154 credebat
727 1077 984 1156 ecclesiasticis
1000 1077 1257 1166 sacramentis,
1271 1095 1310 1156 et
1320 1076 1440 1156 credit
1451 1078 1555 1185 quod
1566 1078 1630 1184 alii
1640 1079 1773 1160 fratres

338 1207 483 1286 or'dinis
497 1207 596 1286 bene
612 1210 830 1304 crederent,
853 1241 1022 1290 asserens
1039 1213 1144 1318 quod
1164 1212 1326 1290 existens
1345 1211 1385 1288 in
1405 1211 1540 1290 ordine
1557 1211 1770 1290 seeundum

336 1338 496 1417 formam
506 1339 670 1419 Ecclesie
682 1341 906 1436 celebrabat,
920 1315 958 1422 el
968 1341 1089 1420 credit
1103 1345 1210 1450 quod
1220 1341 1284 1420 alii
1295 1341 1494 1450 presbiteri
1509 1342 1654 1422 ordinis
1668 1342 1771 1421 idem

336 1468 513 1564 lacerent,
528 1500 599 1550 nec
615 1471 758 1550 audivit
770 1474 824 1551 eis
838 1475 981 1582 precipi
998 1474 1102 1581 quod
1116 1476 1231 1554 verba
1243 1474 1396 1552 canonis
1411 1473 1669 1554 obmitterent.
1688 1476 1772 1554 Sta·

335 1603 406 1678 tim
420 1622 488 1710 p'ro
498 1602 676 1711 professis
685 1604 936 1684 habebantur.
951 1605 1195 1685 Clandestine
1205 1604 1496 1711 recipiebantur,
1509 1635 1553 1682 ex
1563 1634 1641 1713 quo
1652 1607 1773 1684 credit

336 1735 443 1841 quod
457 1752 554 1814 esset
566 1734 663 1813 mala
678 1737 841 1843 suspicio
855 1754 985 1814 contra
1000 1765 1076 1816 cos.
1094 1736 1273 1818 Cordulis
1286 1736 1533 1846 cingebantur
1544 1765 1638 1846 quas
1652 1767 1773 1817 sume

335 1853 428 1942 bant
439 1867 543 1944 unde
558 1865 747 1946 volebant.
764 1867 1014 1946 Inhibebatur
1027 1869 1080 1946 eis
1094 1870 1201 1975 quod
1213 1897 1291 1946 non
1306 1868 1667 1948 revelarentsecreta
1680 1871 1774 1979 capi·

334 1995 523 2086 tulorum‚
540 2015 578 2076 et
589 1999 656 2105 qui
667 1998 911 2087 revelassent,
929 1997 1089 2076 fuissent
1101 1997 1242 2105 puniti,
1257 1999 1378 2078 nescit
1391 1997 1564 2107 qualiter.
1581 1999 1638 2078 De
1654 2000 1771 2079 modo

335 2129 567 2236 recepcionis
579 2128 870 2207 nonrevelando
879 2159 958 2208 non
968 2129 1112 2207 audivit
1122 2128 1204 2208 fieri
1217 2130 1492 2209 inhibicioncm
1502 2130 1717 2238 specialem.
1730 2132 1771 2210 Si

337 2278 442 2337 erant
456 2259 572 2369 aliqui
586 2261 652 2368 qui
666 2260 805 2338 scirent
816 2289 978 2351 errores,
991 2260 1149 2339 suerunt
1163 2261 1399 2372 negligentes
1414 2263 1594 2371 quianon
1609 2292 1773 2344 correxe-

333 2411 424 2471 runt
444 2421 509 2472 eos
529 2422 599 2472 nec
619 2372 942 2472 denunciaverunt
961 2393 1139 2473 Ecclesia.
1161 2393 1397 2473 Elemosinas
1415 2412 1453 2474 et
1474 2371 1771 2502 hospitalitatem
1843 2485 1849 2494 ,

333 2524 429 2602 vidit
437 2525 704 2604 convenienter
713 2523 795 2602 fieri
809 2543 847 2604 et
857 2527 992 2605 servari
1004 2527 1043 2604 in
1054 2524 1234 2606 domibus
1245 2525 1391 2604 ordinis
1401 2525 1594 2633 inquibus
1604 2525 1677 2604 fuit
1689 2556 1772 2606 con·

333 2673 511 2758 versatus.
529 2657 636 2736 Clam
646 2657 873 2736 tenebantur
883 2656 1070 2766 capitulla,
1081 2658 1177 2736 sicut
1190 2655 1332 2736 audivit
1342 2657 1428 2734 dici.
1443 2657 1598 2766 lllaque
1610 2657 1773 2738 ordines

333 2805 391 2866 set
409 2789 587 2897 Magister
605 2819 693 2868 cum
715 2806 902 2868 conventu
917 2817 986 2868 suo
1002 2806 1183 2868 servasset
1197 2804 1300 2866 totus
1321 2789 1416 2868 ordo
1430 2789 1461 2866 si
1478 2806 1604 2868 essent
1615 2789 1716 2868 bona
1735 2808 1772 2868 et

275 2941 282 2948 ·
329 2921 443 3026 justa,
455 2919 663 3009 aliternon,
673 2917 1275 3007 sicutcredit.Grandiascandala,
1289 2918 1453 3028 suspicio
1463 2918 1772 3002 etinfamianunc

334 3069 464 3131 contra
478 3053 654 3130 ordinem
669 3068 758 3129 sunt
770 3043 907 3131 exorta.
924 3051 1078 3131 Audivit
1094 3051 1168 3130 dici
1179 3079 1359 3161 magnum
1376 3052 1599 3160 Magistrum
1613 3069 1651 3130 et
1663 3082 1772 3160 quos

335 3185 420 3261 dam
431 3181 526 3261 alios
539 3181 685 3290 aliquos
696 3205 852 3272 errores,
868 3182 987 3261 nescit
995 3211 1102 3290 quos,
1116 3199 1245 3260 contra
1255 3184 1431 3261 ordinem
1441 3183 1556 3264 fuisse
1567 3183 1767 3282 confessos.

389 3316 608 3424 Requisitus
618 3309 653 3392 ¹si
671 3313 724 3393 sic
740 3315 967 3423 deposuerat
976 3345 1105 3424 prece,
1118 3330 1314 3424 precepto,
1326 3317 1482 3408 timore,
1498 3343 1643 3408 amore,
1660 3315 1768 3406 odio,

333 3447 392 3526 vel
411 3447 612 3555 temporali
629 3447 792 3526 comodo
808 3447 939 3526 habito
954 3447 1014 3524 vel
1033 3447 1229 3534 habendo,
1249 3448 1449 3555 respondit
1463 3448 1570 3556 quod
1585 3474 1680 3537 non,
1702 3447 1770 3526 sed

333 3609 401 3688 pro
421 3581 575 3658 veritate
601 3578 779 3668 dicenda3
808 3579 868 3656 cui
894 3577 968 3660 suit
992 3578 1207 3685 injunctum
1233 3579 1338 3684 quod
1362 3607 1442 3657 non
1466 3577 1650 3657 revelaret
1672 3579 1770 3657 hanc

333 3740 439 3790 suam
454 3709 737 3818 deposicionem
757 3737 959 3818 quousque
976 3708 1238 3788 attestaciones
1258 3707 1400 3788 fuerint
1420 3706 1628 3816 publicat'e3
1651 3724 1689 3785 et
1708 3707 1771 3788 ob

334 3843 473 3922 tulerat
490 3871 531 3921 se
551 3841 778 3920 deffensioni
799 3841 889 3919 dicti
911 3839 1056 3922 ordi-nis
1074 3869 1152 3920 una
1170 3868 1259 3920 cum
1279 3837 1373 3920 aliis.

388 4112 519 4189 Frater
534 4110 725 4189 lohannes
744 4110 791 4188 de
806 4108 1015 4218 Fregevilla
1034 4107 1198 4186 serviens
1217 4106 1448 4188 Senonensis
1467 4104 1643 4196 diocesis,
1662 4106 1769 4184 testis

206 4243 212 4256 '
334 4271 445 4351 supra
454 4241 622 4352 juratus,
644 4241 822 4350 agricola,
844 4239 1121 4349 quinquaginta
1140 4241 1311 4348 quinque
1327 4265 1515 4317 annorum
1535 4236 1595 4318 vel
1615 4237 1727 4352 circa.
1749 4266 1770 4314 a

334 4401 411 4480 quo
426 4371 652 4450 mantellum
666 4388 882 4450 amoverant
896 4369 952 4451 illi
968 4371 1035 4478 qui
1047 4387 1230 4478 ceperunt
1244 4400 1332 4448 eum
1351 4385 1389 4448 et
1403 4385 1655 4476 preceperunt
1664 4371 1769 4478 quod

333 4505 414 4582 radi
440 4501 580 4582 laceret
600 4503 673 4582 sibi
693 4504 869 4593 barbam,
898 4532 986 4581 cum
1003 4532 1081 4612 quo
1104 4502 1330 4610 inquisitum
1353 4501 1492 4594 fuerat,
1516 4499 1713 4580 absolutus
1732 4519 1770 4579 et

334 4635 596 4714 reconciliatus
615 4611 777 4715 Senonis
788 4662 857 4744 per
870 4634 1071 4714 dominum
1089 4634 1309 4742 episcopum
1329 4631 1659 4722 Aurebmensem,
1676 4631 1768 4714 sede

335 4769 554 4848 Senonense
585 4786 752 4861 vacante,
786 4767 893 4847 lectis
921 4783 960 4846 et
989 4766 1191 4875 diligenter
1218 4766 1395 4874 expositis
1426 4765 1499 4846 sibi
1526 4763 1706 4846 omnibus
1731 4781 1769 4843 et

335 4899 491 5008 singulis
515 4899 699 4991 articulis,
729 4899 926 5006 respondit
949 4897 1054 5007 quod
1073 4925 1271 5005 nunquam
1297 4897 1441 4977 viderat
1462 4896 1629 5008 aliquem
1649 4895 1766 4976 alium
1846 4979 1854 4996 ‚
