4486 5890
498 509 566 584 ter
880 487 1077 580 esoces
1104 506 1200 578 nes
1226 505 1526 578 ruurrrers.

492 647 612 727 extitit
644 666 909 726 commoratus.
939 648 1220 754 Pracipiebatur
1251 646 1305 724 eis
1333 646 1438 754 quod
1466 642 1731 726 deffenderent
1755 643 1855 722 bona
1881 661 1918 720 et

487 782 574 888 jura
595 779 743 858 ordinis
758 807 832 856 sno
849 807 970 885 posse.
997 781 1141 857 Eorum
1167 777 1342 885 capitulia
1362 778 1474 866 olam,
1494 776 1622 884 januis
1639 773 1794 860 clausis,
1815 792 1918 854 tene·

326 921 331 927 “
492 913 643 1002 bantur,
673 909 876 1016 aliquando
903 909 950 986 de
976 928 1104 998 nocte,
1133 927 1177 986 ut
1203 909 1321 988 cicius
1340 925 1493 1017 possent
1512 905 1691 985 recedere
1713 906 1753 984 in
1773 904 1916 986 eisdem

493 1042 669 1148 capitulis
682 1042 892 1118 existentes.
910 1040 1089 1121 Ordinata
1107 1068 1177 1146 per
1189 1039 1411 1146 Magistrum
1428 1068 1514 1116 cum
1533 1053 1720 1116 conventu
1740 1051 1919 1114 sermsset

493 1189 597 1250 totus
616 1171 729 1263 ordo,
753 1187 882 1247 contra
900 1198 1013 1276 quem
1036 1197 1138 1246 nunc
1152 1169 1307 1276 grandir
1325 1168 1514 1258 scandala,
1532 1167 1695 1274 suspicio
1715 1182 1753 1244 et
1767 1165 1919 1244 infamia

494 1319 582 1378 sunt
606 1317 749 1389 exorta;
777 1299 885 1405 cujus
908 1298 1089 1378 fratribus
1111 1299 1231 1376 credit
1249 1299 1354 1404 quod
1375 1315 1499 1376 essent
1517 1313 1606 1374 nota
1622 1295 1826 1374 consessata
1853 1323 1919 1400 per

495 1460 595 1509 curn.
618 1433 666 1507 Et
684 1430 827 1506 audivit
847 1429 921 1506 dici
941 1457 1120 1537 magnum
1139 1429 1358 1536 Magistrum
1380 1445 1420 1506 et
1432 1427 1527 1506 alios
1549 1427 1674 1533 aliqua
1693 1425 1809 1506 luisse
1833 1453 1920 1504 con·

493 1561 611 1638 fessos
636 1576 763 1637 contra
790 1559 935 1636 dictum
956 1559 1145 1648 ordinem,
1166 1559 1215 1635 ad
1233 1559 1341 1667 cujus
1360 1557 1637 1636 deffensionem
1657 1583 1696 1634 se
1717 1555 1916 1636 obtulerat.

550 1691 768 1796 Requisitus
783 1691 813 1766 si
830 1690 883 1766 sic
898 1689 1123 1795 deposuerat
1136 1716 1264 1796 prece,
1279 1705 1472 1796 precepto,
1485 1689 1640 1779 timore,
1651 1713 1795 1774 amora,
1811 1663 1917 1773 odio,

496 1821 553 1897 vel
572 1819 773 1926 temporali
795 1819 958 1898 comodo
977 1818 1186 1898 habitaret
1206 1819 1394 1907 habendo,
1412 1818 1610 1924 respondit
1622 1819 1727 1924 quod
1743 1844 1836 1906 non,
1852 1815 1918 1894 sed

495 1977 565 2055 pro
592 1949 745 2026 veritate
774 1949 951 2038 dicenda;
980 1949 1040 2026 cui
1068 1948 1140 2025 fuit
1166 1949 1379 2055 injunctum
1404 1949 1509 2054 quod
1529 1975 1607 2024 non
1626 1945 1808 2026 revelaret
1827 1945 1919 2024 banc

497 2107 603 2155 suam
624 2079 923 2186 deposicionem‚
946 2105 1145 2184 quousque
1166 2077 1426 2156 attestaciones
1443 2075 1587 2155 luerint
1604 2075 1805 2182 publicate.

553 2339 680 2414 Frater
694 2336 817 2444 Guigo
838 2338 886 2414 de
907 2339 1038 2444 Ruppe
1055 2337 1214 2415 Talhate
1233 2337 1434 2444 presbiter,
1446 2355 1644 2446 preceptor
1657 2339 1796 2416 domus
1809 2339 1920 2416 Tem·

496 2465 549 2573 pli
571 2465 620 2543 de
638 2465 786 2544 Dmlha
806 2466 966 2544 diocesis
985 2467 1253 2559 Ruthenensis,
1269 2467 1375 2546 testis
1396 2495 1507 2575 nrpra
1521 2468 1681 2576 juratus,
1703 2479 1788 2544 xxx·
1807 2492 1920 2544 anno·

496 2624 582 2672 rum
604 2596 662 2671 vel
690 2595 804 2686 circa,
833 2595 1056 2672 mantellum
1086 2596 1292 2690 defferens,
1321 2627 1407 2677 cum
1429 2627 1509 2705 quo
1535 2598 1757 2705 inquisitum
1781 2596 1918 2685 tuerat,

498 2724 693 2801 absolutus
719 2741 758 2802 et
782 2725 1046 2803 reconciliatus
1068 2753 1134 2832 per
1159 2725 1359 2804 domiuum
1380 2727 1600 2835 episcopum
1619 2727 1916 2814 Ruthenensern,

498 2855 606 2930 lectis
627 2871 664 2930 et
689 2854 890 2962 diligenter
909 2857 1084 2963 expositis
1108 2858 1179 2936 sibi
1203 2858 1383 2936 omnibus
1404 2875 1443 2936 et
1465 2857 1622 2966 singulis
1653 2856 1836 2944 articulis,
1863 2883 1919 2934 re·

500 2982 653 3090 spondit
671 3012 710 3061 se
731 2986 893 3074 nescire,
922 3015 992 3062 nec
1018 2987 1190 3074 credere,
1214 3016 1283 3065 nec
1309 2988 1590 3067 audivissedici
1609 2986 1865 3066 decantantis
1884 2985 1920 3063 in

500 3112 553 3188 eis
572 3114 645 3188 nisi
664 3113 770 3219 quod
789 3115 969 3219 sequitur.
991 3116 1095 3192 Dixit
1113 3117 1215 3193 enim
1238 3145 1278 3192 se
1303 3115 1422 3194 brisso
1441 3131 1634 3222 receptum
1663 3111 1760 3190 circa
1782 3115 1921 3192 instans

499 3241 637 3317 lectum
664 3241 767 3320 beati
788 3243 949 3320 Dionisii
977 3262 1088 3321 erum
1115 3272 1136 3322 x
1163 3246 1253 3328 anni
1278 3245 1317 3321 iu
1344 3244 1485 3352 capella
1503 3244 1644 3326 domus
1665 3241 1815 3348 Templi
1836 3239 1921 3320 Ani·-

500 3370 652 3460 cirasia,
675 3399 744 3479 per
762 3370 915 3450 fratrem
928 3373 1144 3481 Guigonam
1158 3375 1335 3453 Adernari
1352 3375 1514 3453 militem
1532 3373 1744 3481 quondam,
1771 3399 1920 3479 presen-

499 3499 603 3576 tibus
621 3499 798 3580 lratribus
818 3503 1010 3580 Bernardo
1028 3505 1152 3582 Usolas
1167 3505 1389 3612 presbitero,
1410 3503 1619 3584 Guillelmo
1637 3476 1859 3610 preceptore
1875 3501 1920 3580 de

500 3631 660 3724 Rosciis,
683 3632 891 3711 Guillelmo
912 3634 960 3714 de
980 3637 1115 3714 Castro
1133 3637 1252 3728 Novo,
1275 3652 1533 3718 commorante
1552 3636 1593 3712 in
1612 3635 1709 3714 dicta
1729 3634 1868 3722 domo,
1887 3648 1922 3710 et

498 3762 667 3838 lohanue
698 3762 944 3842 l’Alvernhatz
971 3765 1239 3858 servientibus,
1265 3766 1312 3844 de
1339 3795 1502 3873 quorum
1523 3765 1597 3842 vita
1621 3764 1680 3842 vel
1705 3779 1827 3842 morte
1847 3790 1922 3842 nun

499 3890 614 3968 habet
640 3892 927 3980 certitudinem,
957 3894 998 3970 iu
1025 3896 1128 3972 hunc
1149 3897 1332 3974 modum:
1353 3924 1441 3973 nam
1460 3895 1687 3975 concordate
1707 3923 1796 3972 cnm
1814 3894 1923 3972 dictis

499 4020 676 4098 fratribus
689 4022 914 4127 predictum
932 4041 1163 4131 receptorem
1179 4026 1285 4132 quod
1300 4055 1388 4104 eum
1406 4028 1632 4134 reciperent,
1650 4025 1739 4102 fecit
1759 4051 1849 4102 eum
1863 4053 1924 4102 vo

499 4176 584 4226 rere
605 4167 642 4228 et
657 4152 785 4258 jurare
806 4153 1378 4256 castitatem-obedienciam&
1390 4157 1512 4234 vivere
1529 4157 1610 4234 sine
1623 4155 1927 4262 proprio,etim-

350 4299 354 4306 “
499 4280 626 4382 posuit
651 4282 685 4356 ei
710 4283 950 4372 mantellum,
979 4285 1018 4361 in
1045 4286 1200 4388 nomine
1225 4288 1344 4364 Patris
1370 4305 1407 4365 et
1428 4288 1516 4364 Filii
1540 4305 1577 4365 et
1597 4287 1761 4394 Spiritus
1779 4286 1926 4371 Sancti.

500 4409 602 4489 dicto
618 4412 830 4518 presbitero
845 4415 995 4492 dicente
1010 4417 1198 4522 psalmum
1214 4417 1381 4495 Ecclesia
1401 4419 1514 4512 Quen
1531 4421 1669 4510 bonurn,
1690 4435 1728 4494 ct
1743 4417 1929 4524 quandam

499 4543 710 4634 oraciones,
733 4561 771 4621 et
790 4563 1009 4652 aspergente
1030 4561 1166 4654 aquam
1186 4547 1428 4626 benedictam
1446 4577 1556 4656 supra
1578 4550 1723 4656 ipsum
1745 4564 1783 4625 et
1803 4548 1934 4626 dictus

499 4689 671 4776 receptor
691 4691 728 4748 et
748 4677 910 4754 astantes
926 4675 1082 4754 fuerunt
1097 4705 1186 4755 eum
1207 4678 1364 4756 osculati
1383 4680 1424 4754 in
1445 4707 1523 4757 ore.
1539 4681 1688 4758 Deinde
1709 4679 1822 4758 allata
1836 4709 1935 4787 qua·

499 4800 585 4876 dam
608 4831 717 4880 cruce
739 4801 839 4893 alba,
864 4809 982 4882 nescit
1002 4807 1031 4882 si
1054 4806 1246 4884 metallina
1267 4808 1324 4886 rel
1343 4808 1467 4914 lignea
1483 4808 1542 4887 vel
1565 4810 1770 4917 dopmno,
1792 4811 1833 4886 in
1851 4835 1934 4916 qua
