4210 5882
700 533 898 627 raonis
923 551 1021 626 oss
1047 553 1346 626 rnnrmnns.
1664 550 1735 624 ass

368 693 427 771 Ad
441 693 531 782 lxxx,
547 693 635 788 lxxu
651 711 689 769 et
704 693 803 772 lxxnr
819 692 992 770 articulos
1007 693 1183 771 inclusive
1205 694 1467 799 interrogatus,
1489 691 1582 769 dixit
1601 710 1639 770 et
1652 721 1740 770 con·

312 823 430 902 sessus
457 823 660 929 estquod,
684 825 789 930 juxta
813 840 992 900 statutum
1020 823 1137 929 ipsius
1164 823 1323 912 ordinis,
1351 821 1476 899 nullus
1495 818 1608 898 frater
1627 821 1741 900 audet

312 953 473 1033 revelare
493 953 604 1031 alicui
622 981 665 1030 ea
684 982 758 1060 que
774 952 871 1030 fiunt
885 953 924 1030 in
937 953 1100 1061 capitulo
1115 953 1282 1059 ipsorum
1299 950 1471 1040 fratrum,
1484 952 1612 1030 necde
1628 953 1741 1060 gestis

311 1083 616 1162 veldictiseciam
631 1083 761 1190 inipso
774 1075 934 1190 capitulo
950 1083 1090 1163 audent
1100 1081 1205 1190 loqui
1221 1083 1302 1160 aliis
1313 1081 1488 1160 iratribus
1499 1082 1667 1189 ejusdem
1681 1110 1742 1160 or-

314 1215 412 1292 dinis
435 1214 499 1320 qui
524 1231 717 1320 presentes
736 1215 775 1290 in
795 1214 876 1320 ipso
900 1213 1065 1320 capitulo
1090 1241 1165 1290 non
1192 1213 1357 1291 luerunt.
1379 1211 1481 1290 Dixit
1501 1213 1618 1288 eciam
1641 1213 1744 1319 quod
1873 1262 1878 1278 ·

313 1344 424 1422 frater
439 1345 504 1452 qui
521 1345 750 1422 contrarium
764 1343 894 1422 fecisse
910 1343 1081 1421 detectus
1098 1361 1210 1433 essct,
1227 1339 1402 1420 mantello
1417 1341 1582 1448 perdito,
1601 1344 1648 1421 de
1662 1344 1743 1450 ipso

313 1474 446 1552 ordine
471 1473 731 1580 expelleretur.
753 1475 799 1552 Et
822 1474 896 1552 hoc
917 1474 1008 1552 dixit
1029 1501 1069 1551 se
1093 1475 1187 1552 scire
1210 1473 1297 1552 ideo
1321 1473 1426 1580 quia,
1453 1491 1496 1549 ut
1519 1472 1626 1562 dixit,
1651 1473 1743 1550 vidit

311 1604 475 1709 predicta
498 1632 578 1682 esse
601 1607 737 1711 scripto
755 1607 794 1683 in
810 1604 908 1682 libro
925 1621 1148 1683 statutorum
1169 1623 1207 1682 et
1224 1602 1353 1712 regule
1371 1603 1515 1681 ordinis
1526 1603 1740 1710 supradicti.

368 1736 427 1814 Ad
441 1736 557 1814 lxxnn
577 1734 774 1813 articulum
787 1735 1037 1840 respondens,
1059 1734 1204 1842 negavit
1224 1763 1310 1811 eum
1328 1751 1366 1810 et
1385 1750 1556 1811 contenta
1570 1734 1609 1811 in
1625 1762 1683 1812 eo.

371 1865 430 1944 Ad
448 1861 544 1954 lxxv,
564 1864 660 1944 lxxvx
681 1881 719 1941 et
737 1865 849 1944 lxxvu
865 1864 1040 1942 articulos
1060 1865 1239 1942 inclusive
1259 1863 1491 1970 respondens
1506 1863 1741 1969 singulariter

312 1994 484 2100 singulis,
508 1993 654 2101 negavit
669 2021 733 2072 eos
748 2011 786 2070 et
806 1995 929 2072 omnia
949 2013 987 2073 et
1005 1995 1149 2102 singula
1170 2010 1343 2071 contenta
1363 1994 1402 2070 in
1422 1993 1491 2086 eis,
1512 1993 1677 2071 adiciens
1705 2022 1744 2070 se

312 2124 465 2202 credere
485 2124 589 2233 quod
607 2123 694 2202 ideo
715 2151 792 2203 non
811 2126 935 2233 potuit
953 2125 1087 2232 corrigi
1104 2153 1173 2214 nec
1193 2125 1365 2202 desinere
1385 2123 1489 2231 quod
1508 2151 1586 2202 non
1606 2124 1687 2202 fuit.

368 2256 426 2333 Ad
441 2255 582 2345 lxxviii,
599 2255 697 2334 lxxxx
714 2273 753 2333 et
772 2256 857 2334 lxxx
872 2257 1047 2334 articulos
1061 2255 1237 2338 inclusive
1251 2257 1520 2362 interrogatus,
1540 2255 1633 2333 dixit
1651 2285 1742 2334 con-

312 2402 413 2462 tenta
433 2385 472 2462 in
492 2387 545 2462 eis
561 2387 686 2463 omnia
701 2402 739 2464 et
758 2386 901 2493 singula
920 2415 996 2464 non
1017 2414 1097 2464 esse
1116 2387 1218 2476 vera3
1238 2384 1404 2462 adiciens
1417 2385 1522 2491 quod
1542 2387 1580 2464 in
1595 2388 1741 2464 statutis

313 2513 402 2590 dicti
417 2513 561 2593 ordinis
575 2529 723 2593 cavetur
737 2515 1078 2623 quodquicumque
1094 2515 1206 2592 frater
1218 2514 1362 2623 aliquid
1376 2515 1537 2593 scienter
1552 2533 1589 2592 et
1603 2517 1739 2622 injuste
1852 2557 1857 2572 ν

313 2644 520 2750 acquireret
544 2645 614 2750 ipsi
640 2643 821 2753 Templo,
838 2645 942 2754 quod
970 2644 1148 2754 perderet
1170 2645 1358 2734 habitum,
1381 2660 1419 2723 et
1439 2643 1486 2722 de
1506 2645 1740 2751 ipso'ordine

314 2774 572 2880 expelleretur.

368 2906 426 2984 Ad
444 2906 541 2986 lxxxx
562 2907 760 2986 articulum
784 2907 1015 3014 respondens
1037 2909 1301 3015 interrogatus,
1330 2907 1423 2984 dixit
1444 2935 1483 2985 se
1504 2907 1646 2984 nescire
1671 2936 1741 2986 nec

274 3105 285 3117 .
313 3036 466 3113 credere
485 3037 623 3114 lamam
640 3065 719 3116 esse
741 3038 789 3114 de
809 3038 988 3144 predictis
1005 3066 1079 3116 ase
1095 3038 1268 3143 superius
1289 3036 1513 3116 confessatis.
1560 3033 1563 3038 ’

367 3165 426 3242 ad
443 3166 553 3245 lxxxu
567 3167 765 3244 articulum
781 3167 1014 3274 respondens
1034 3170 1299 3274 interrogatus,
1323 3167 1415 3244 dixit
1433 3195 1473 3244 se
1492 3195 1569 3245 non
1589 3167 1740 3246 credere

312 3294 416 3401 quod
437 3297 570 3404 aliquis
590 3295 703 3374 frater
722 3296 811 3374 dicti
837 3297 980 3376 ordinis
999 3297 1192 3375 confessus
1211 3297 1323 3375 luerit
1340 3297 1540 3405 injudicio
1562 3299 1621 3375 vel
1642 3315 1740 3376 extra

313 3453 356 3500 aa
371 3424 418 3502 de
434 3425 574 3532 quibus
594 3427 632 3503 in
652 3426 808 3504 articulo
828 3427 961 3533 agitur.

370 3552 926 3646 Adlxxx111,lxxx1111etlxxxv
951 3557 1126 3637 articulos
1150 3557 1326 3635 inclusive
1346 3558 1596 3666 respondens,
1622 3559 1743 3636 credit

313 3685 418 3790 quod
442 3684 572 3764 fratres
596 3687 643 3762 de
670 3687 809 3793 quibus
833 3687 872 3762 in
898 3689 1020 3794 papali
1040 3688 1163 3764 littera
1181 3688 1224 3765 fit
1242 3689 1383 3766 mentio
1407 3687 1563 3768 confessi
1585 3690 1739 3786 luerint,

312 3833 425 3919 prout
440 3816 478 3892 in
489 3816 567 3922 ipsa
575 3815 697 3893 littera
709 3817 933 3895 continetur.
947 3817 1049 3895 Dixit
1060 3835 1185 3895 tamen
1200 3847 1240 3895 se
1255 3818 1409 3896 credere
1420 3820 1525 3925 quod
1533 3820 1740 3927 predictam

315 3944 585 4024 confessionem
605 3949 774 4026 lecerunt
794 3947 886 4026 falso
911 3948 1026 4027 modo
1045 3967 1083 4026 et
1097 3967 1225 4028 contra
1250 3977 1402 4027 omnem
1422 3951 1629 4042 veritatem,
1648 3968 1740 4026 etse

315 4076 479 4155 credere.
495 4078 597 4157 Dixit
611 4078 699 4156 idco
720 4079 823 4186 quod
842 4097 965 4157 certus
985 4097 1041 4158 est
1055 4080 1102 4158 de
1122 4109 1162 4157 se
1182 4081 1280 4186 ipso,
1304 4097 1341 4158 et
1357 4080 1404 4158 de
1420 4080 1500 4158 aliis
1516 4081 1636 4159 credit
1655 4109 1741 4157 cum

314 4206 452 4314 quibus
471 4225 705 4288 conversatus
725 4227 780 4286 est
804 4210 843 4286 in
866 4210 964 4287 dicta
984 4210 1098 4289 domo
1118 4211 1236 4289 Mansi
1261 4211 1332 4289 Dei
1359 4211 1502 4290 ordinis
1522 4211 1739 4317 supradicti,

314 4363 391 4414 non
412 4337 601 4416 comisissc
620 4338 789 4443 predicta
808 4367 878 4416 nec
897 4339 1042 4448 aliquid
1062 4342 1109 4418 de
1128 4341 1316 4446 predictis.

371 4466 430 4544 Ad
447 4467 566 4548 lxxxvx
581 4466 779 4546 articulum
793 4469 1026 4575 respondens
1041 4470 1239 4578 diligenter
1253 4471 1517 4578 interrogatus,
1533 4471 1625 4549 dixit
1636 4470 1743 4577 quod

315 4596 395 4704 ipse
419 4599 486 4704 qui
506 4598 675 4705 loquitur
692 4599 763 4676 luit
781 4617 951 4706 receptus
971 4601 1010 4677 in
1028 4599 1180 4678 fratrem
1198 4600 1287 4678 dicti
1308 4601 1452 4678 ordinis
1468 4602 1529 4678 die
1548 4601 1743 4681 Dominica

316 4743 401 4804 ante
421 4729 556 4806 festum
575 4731 689 4808 sancti
703 4729 884 4810 Johannis
901 4732 1042 4809 mensis
1057 4731 1154 4839 junii
1168 4733 1335 4837 proxime
1348 4733 1570 4838 preteritum
1591 4729 1742 4808 x11anni

316 4876 403 4934 sunt
425 4859 537 4968 elapsi
550 4921 558 4950 ,
573 4889 644 4968 per
657 4859 809 4940 fratrem
822 4861 869 4941 G.
882 4863 929 4942 de
942 4861 1096 4941 Abelars
1110 4877 1201 4941 tunc
1216 4881 1476 4970 preceptorem
1492 4862 1589 4939 dicte
1604 4860 1741 4939 domus
