4210 5882
701 506 901 596 nnocss
927 523 1022 596 nns
1049 523 1353 599 rnurmnns.
1671 531 1746 606 oso
1856 562 1863 574 ·

312 662 412 740 dicto
434 661 587 740 domino
612 662 762 742 Elnensi
798 665 992 771 episcopo,
1024 681 1068 744 ut
1094 667 1268 772 superius
1298 667 1461 744 indicta
1491 671 1572 777 ejus
1600 671 1749 780 deposi-

311 794 417 872 cione
440 793 701 904 [contineturll.
979 883 982 890 ,

272 933 277 946 “
366 925 425 1004 Ad
446 925 579 1004 lxxxvtr
607 944 645 1008 et
670 927 819 1006 lxxxvtu
839 946 951 1035 atquc
971 929 1151 1006 rtltimum
1176 929 1355 1009 articulos
1380 934 1612 1039 respondens
1632 936 1746 1013 inter-

308 1076 475 1166 rogatus,
499 1059 592 1137 dixit
604 1087 643 1136 se
660 1059 806 1138 nescire
819 1061 945 1168 aliqua
962 1061 1022 1138 vel
1032 1061 1177 1168 aliquid
1195 1063 1242 1140 de
1257 1063 1444 1141 contentis
1455 1065 1495 1140 in
1511 1065 1617 1171 ipsis3
1631 1095 1746 1173 super

180 1207 185 1217 ’
308 1189 389 1267 aliis
404 1219 493 1268 vero
513 1191 560 1268 de
577 1190 717 1298 quibus
730 1193 938 1299 precipitur
951 1191 1033 1270 fieri
1055 1194 1255 1300 inquisicio
1275 1195 1475 1302 generalis,
1493 1213 1605 1304 prout
1623 1199 1743 1276 visum

291 1320 378 1398 luit
405 1322 505 1401 dicto
526 1322 682 1401 domino
708 1325 901 1432 episcopo,
927 1341 964 1402 et
984 1325 1163 1432 predictis
1190 1326 1272 1405 aliis
1300 1327 1467 1406 dominis
1492 1330 1681 1416 canonicis
1708 1348 1743 1405 et

306 1452 491 1562 religiosis
513 1455 601 1534 viris
624 1455 904 1563 inquirentibus
924 1457 1063 1564 pariter
1084 1486 1170 1534 cunr
1192 1459 1347 1548 eodem,
1366 1461 1570 1566 requisitus
1591 1461 1683 1537 dixit
1704 1492 1742 1538 se

306 1585 424 1664 nichil
444 1585 605 1692 amplius
625 1586 731 1665 scire.

361 1851 422 1926 lll.
441 1851 572 1929 Frater
589 1851 777 1930 Jordanns
794 1851 841 1929 de
854 1851 1072 1931 Pulcrovisu
1091 1832 1236 1932 ordinis
1253 1853 1344 1933 dicti
1362 1853 1529 1961 Templi,
1552 1873 1588 1934 et
1606 1856 1741 1934 domus

305 1981 426 2058 Mansi
446 1982 516 2061 Dei
536 1982 721 2088 predicte,
738 1982 900 2089 juratus,
921 2000 966 2060 ut
978 1983 1195 2092 principalis
1213 1984 1260 2060 de
1280 2013 1319 2064 se
1340 1985 1433 2091 ipso,
1453 2002 1490 2062 et
1508 2003 1552 2063 ut
1567 1987 1672 2063 testis
1694 1988 1740 2064 de

304 2112 401 2222 aliiS,
423 2142 538 2221 super
557 2115 724 2192 articulis
738 2143 853 2220 super
872 2115 1013 2221 quibus
1033 2115 1328 2223 interrogabitnr
1345 2114 1512 2224 plenam,
1536 2147 1678 2194 meram
1705 2138 1742 2194 et

303 2273 438 2351 puram
454 2245 579 2322 dicere
594 2245 805 2334 veritatem,
825 2245 917 2320 dixit
937 2262 975 2322 et
990 2245 1168 2352 deposuit
1186 2262 1231 2322 ut
1245 2248 1416 2352 sequitur
1433 2278 1441 2324 :

360 2376 545 2482 Expositis
564 2375 687 2482 primo
708 2375 780 2452 sibi
796 2374 962 2453 articulis
987 2377 1026 2452 in
1050 2375 1209 2482 vulgari,
1228 2405 1341 2483 super
1362 2379 1503 2484 primo,
1531 2407 1573 2468 n,
1596 2407 1739 2458 nr--xv

304 2507 469 2586 articulis
489 2506 684 2596 inclusive,
707 2505 896 2616 sigillatim
917 2523 956 2584 et
975 2506 1225 2616 singulariter,
1249 2507 1450 2615 diligenter
1469 2513 1738 2618 interrogatus,

305 2639 451 2746 negavit
466 2639 567 2745 ipsos
582 2638 758 2718 articulos
772 2657 810 2716 et
823 2638 949 2716 omnia
963 2653 1000 2715 et
1018 2637 1164 2746 singula
1178 2657 1355 2718 contenta
1366 2643 1406 2718 in
1419 2642 1484 2719 eis.
1499 2641 1739 2720 Dixittamen

304 2772 447 2878 quoda
466 2788 637 2878 tempore
660 2771 750 2848 citra
774 2798 852 2878 quo
871 2769 951 2876 ipse
971 2768 1085 2847 frater
1097 2771 1285 2850 Jordanus
1304 2789 1342 2850 et
1362 2771 1425 2850 alii
1446 2771 1576 2851 fratres
1596 2772 1740 2850 ordinis

305 2902 392 2982 dicti
407 2901 556 3011 Templi
574 2902 745 2982 Elnensis
765 2902 924 2980 diocesis
942 2902 1096 2981 luerunt
1108 2903 1223 3012 capti,
1241 2905 1415 2984 ocasione
1432 2905 1635 2982 criminum
1652 2933 1741 2982 con-

302 3052 496 3113 tentorum
511 3035 551 3111 in
572 3034 662 3141 ipsis
676 3033 858 3124 articulis,
874 3034 953 3140 ipse
970 3035 1035 3143 qui
1050 3035 1220 3144 loquitur
1234 3035 1376 3114 audivit
1386 3035 1533 3145 aliquos
1544 3037 1741 3144 loquentes

209 3249 212 3258 ,
302 3166 408 3274 quod
426 3195 557 3245 rumor
577 3182 615 3243 et
632 3194 808 3270 ⁴murmur
825 3168 994 3276 gentium
1012 3167 1082 3244 luit
1102 3185 1232 3246 contra
1252 3169 1353 3274 ipsos
1376 3168 1423 3246 de
1442 3169 1639 3276 predictis;
1661 3169 1741 3246 adi-

303 3299 405 3376 ciens
425 3327 465 3376 se
489 3295 642 3375 credere
663 3294 767 3402 quod
790 3294 892 3374 idem
917 3325 1048 3374 rumor
1075 3325 1152 3376 non
1174 3299 1356 3405 processit
1374 3329 1394 3375 a
1413 3300 1603 3388 veridicis,
1631 3301 1697 3376 sed
1720 3331 1739 3376 a

301 3429 402 3507 falsis
434 3446 471 3508 et
499 3428 659 3506 inimicis
688 3427 832 3506 ordinis
853 3429 1067 3534 supradicti.
1089 3429 1193 3507 Dixit
1217 3431 1332 3507 eciam
1359 3457 1398 3506 se
1420 3459 1495 3507 non
1516 3429 1739 3507 recordaris

303 3562 442 3668 quibus
461 3560 603 3639 audivit
617 3559 829 3667 predictum
850 3587 1027 3638 murmur
1041 3561 1125 3637 fieri
1142 3561 1218 3637 sive
1234 3559 1321 3638 dici.
1726 3549 1730 3558 ¹

362 3694 418 3771 Ad
438 3719 666 3773 avr-xxvtu
681 3692 857 3771 articulos
872 3692 1068 3778 inclusive,
1097 3710 1135 3770 et
1154 3721 1287 3770 eorum
1306 3693 1476 3800 singulos
1496 3693 1687 3804 sigillatim
1704 3711 1741 3770 ct

303 3825 550 3932 singulariter,
570 3825 769 3932 diligenter
781 3825 1043 3933 interrogatus,
1063 3825 1211 3932 negavit
1221 3824 1346 3903 omnia
1359 3843 1397 3903 et
1410 3825 1739 3934 singulacontenta

304 3959 342 4035 in
369 3959 440 4048 eis;
473 3957 638 4036 adiciens
663 3987 702 4036 se
726 3957 878 4036 credere
905 3974 1177 4036 sacramentum
1198 3957 1323 4036 altaris
1349 3976 1387 4035 et
1413 3958 1483 4035 alia
1511 3976 1740 4036 sacramenta

302 4090 483 4178 Ecclesie,
500 4108 615 4196 prout
633 4091 800 4167 Romana
814 4083 978 4166 Ecclesia
998 4089 1072 4169 hoc
1086 4108 1191 4167 tenet
1206 4105 1244 4166 et
1257 4089 1384 4192 docet,
1401 4106 1438 4167 et
1452 4089 1554 4168 idem
1569 4088 1675 4197 quod
1691 4091 1738 4165 de

302 4251 341 4300 se
357 4220 476 4299 credit
494 4221 541 4298 de
563 4221 739 4300 omnibus
760 4238 798 4299 et
816 4219 974 4327 singulis
995 4219 1172 4298 fratribus
1186 4221 1276 4299 dicti
1293 4221 1454 4328 Templi.

359 4354 415 4432 td
433 4381 516 4433 xxxx
537 4352 735 4432 articulum
756 4351 1003 4459 respondens,
1032 4353 1126 4430 dixit
1140 4380 1179 4430 se
1196 4381 1266 4429 nec
1282 4353 1375 4430 scire
1392 4381 1461 4430 nec
1476 4352 1629 4430 credere
1648 4383 1739 4432 con-

302 4505 404 4566 tenta
426 4467 462 4564 iix
485 4516 547 4576 eo,
569 4485 666 4564 salva
688 4485 878 4564 sanctitate
904 4485 1047 4563 domini
1074 4485 1192 4564 nostri
1215 4515 1309 4593 pape
1331 4504 1368 4563 et
1388 4485 1547 4563 fratrum
1568 4487 1649 4594 ejus
1668 4489 1738 4564 ho-

305 4649 415 4708 nore;
445 4636 483 4698 et
510 4619 540 4695 si
568 4619 647 4726 ipse
673 4617 849 4727 Magister
877 4617 1070 4697 consessus
1097 4616 1169 4694 luit
1198 4603 1374 4696 contenta*
1393 4618 1433 4694 in
1456 4617 1537 4726 ipso
1561 4618 1736 4704 articulo,

306 4751 497 4830 consessus
518 4768 574 4828 est
594 4750 686 4828 falso
702 4750 873 4829 modoet
892 4750 1071 4828 mentitus
1092 4767 1164 4841 cst,
1184 4749 1282 4830 sicut
1297 4749 1388 4828 dixit
1409 4768 1445 4827 et
1464 4752 1608 4828 credit·

362 4883 420 4960 Ad
438 4911 690 4961 xxxv-xxxiiii
712 4881 888 4960 articulos
908 4881 1086 4960 inclusive
1103 4881 1350 4988 respondens,
1374 4881 1610 4988 singulariter
1625 4899 1662 4956 et
1682 4882 1738 4957 di-
