4210 5882
686 547 881 640 procis
907 565 1002 639 nus
1028 567 1327 640 rennuens.
1645 565 1719 640 tro
1756 517 1764 524 ’

298 707 501 816 predictam
524 705 793 786 consessionem
816 705 982 786 fecerunt
1001 707 1091 786 salso
1111 707 1226 786 modo
1249 724 1286 784 et
1311 725 1438 786 contra
1464 734 1613 786 omnem
1633 711 1722 786 veri·

298 858 429 932 tatem,
452 857 490 918 et
513 839 586 919 hoc
606 842 698 918 dixit
717 871 756 920 se
777 844 928 921 credere
948 843 1035 922 ideo
1055 845 1141 952 quia
1158 863 1279 922 certus
1299 863 1355 922 est
1370 845 1416 922 de
1437 875 1475 922 se
1496 846 1593 951 ips0,
1618 858 1654 918 et
1675 839 1721 918 dc

173 1053 178 1063 ,
298 971 379 1048 aliis
402 971 521 1050 credit
544 973 639 1050 sicut
657 973 704 1052 de
731 1003 786 1063 se,
814 1004 900 1052 curn
928 975 1065 1082 quibus
1092 995 1324 1054 conversatus
1341 994 1395 1053 est
1417 977 1456 1052 in
1472 974 1582 1052 'dicta
1607 971 1721 1048 domo

298 1105 414 1182 Mansi
434 1105 505 1182 Dei
526 1104 666 1182 ordinis
686 1104 885 1212 supradicti
907 1123 943 1182 ct
967 1106 1055 1184 alibi
1076 1105 1205 1183 fratres
1229 1107 1318 1184 dicti
1344 1105 1486 1184 ordinis
1509 1132 1584 1181 nou
1613 1102 1724 1180 comi·

299 1235 386 1312 sisse
406 1235 583 1341 predicta.
925 1317 929 1327 ,

355 1363 414 1441 Ad
430 1365 550 1444 lxxxvi
570 1365 766 1444 articulum
781 1367 1008 1474 respondens
1026 1367 1221 1475 diligenter
1233 1369 1493 1474 interrogatus,
1516 1363 1607 1440 dixit
1621 1361 1723 1470 quod

299 1493 409 1572 frater
417 1497 458 1574 B.
477 1495 523 1572 de
536 1495 704 1573 cardona
721 1498 894 1604 magister
910 1497 1097 1604 quondam
1112 1499 1293 1606 Aragonie
1314 1497 1454 1574 ordinis
1470 1495 1558 1572 dicti
1576 1492 1723 1599 Templi

304 1624 403 1732 apud
417 1627 654 1716 Miravetum,
670 1628 734 1732 qui
749 1627 854 1704 locus
875 1645 930 1704 est
940 1628 1028 1705 dicti
1043 1629 1190 1735 Templi
1203 1645 1241 1704 et
1254 1643 1310 1704 est
1320 1627 1358 1704 in
1367 1626 1569 1711 Catalonia,
1585 1623 1725 1731 recepit

299 1756 423 1862 ipsum
438 1756 587 1834 fratrem
604 1759 868 1864 Berengarium
891 1776 928 1837 et
941 1759 1173 1837 Bernardum
1185 1757 1432 1846 Gaucerandi,
1455 1754 1656 1834 Geraldum
1676 1753 1723 1830 de
1806 1789 1811 1812 r

214 1978 217 1988 1
300 1884 529 1964 liocbamora
547 1903 584 1964 et
603 1889 740 1966 multos
760 1887 852 1966 alios
873 1890 1009 1966 milites
1025 1907 1061 1966 et
1077 1917 1153 1968 non
1171 1890 1323 1978 milites,
1340 1916 1459 1994 usque
1474 1914 1672 1962 numerum
1688 1911 1724 1962 rx

300 2015 357 2094 vel
371 2044 409 2106 x,
431 2019 469 2094 in
489 2017 619 2097 fratres
645 2017 787 2096 ordinis
807 2019 1022 2125 supradicti,
1044 2019 1081 2096 in
1102 2019 1196 2097 festo
1216 2019 1330 2098 sancti
1350 2017 1536 2096 Laurentii
1556 2016 1724 2123 proxime

300 2149 546 2255 preterito,ut
560 2147 693 2239 credit,
711 2148 862 2226 fuerunt
872 2179 1004 2228 novem
1022 2150 1107 2226 anni
1125 2149 1240 2256 elapsi
1254 2150 1312 2226 vel
1324 2149 1437 2235 circa,
1454 2149 1492 2224 in
1507 2145 1622 2225 domo
1636 2145 1723 2222 dicti

300 2278 448 2385 Templi
471 2279 537 2358 ubi
565 2279 765 2388 capitulum
796 2281 915 2362 teneri
943 2281 1132 2358 consuevit
1155 2281 1193 2357 in
1219 2280 1318 2358 dicto
1343 2294 1461 2356 castro
1487 2276 1533 2355 de
1553 2277 1722 2364 Miseret,

301 2409 533 2515 presentibus
553 2428 589 2487 et
607 2410 749 2489 ibidem
767 2411 968 2488 astantibus
981 2413 1023 2488 B.
1041 2412 1088 2488 de
1105 2413 1236 2489 Sancto
1251 2413 1371 2499 Justo,
1391 2411 1501 2486 Petro
1517 2407 1564 2484 de
1582 2405 1726 2485 Vilalba

302 2540 474 2619 ermmtis
488 2541 568 2618 aliis
581 2540 755 2618 fratribus
772 2560 808 2619 et
824 2541 1105 2649 preceptoribus
1119 2542 1208 2619 dicti
1223 2540 1383 2647 Templi.
1399 2541 1456 2616 De
1472 2537 1586 2614 modo
1602 2555 1725 2615 autem

301 2699 366 2747 sue
385 2671 612 2776 recepcionis
633 2689 672 2749 et
690 2671 849 2750 aliorum
865 2701 900 2750 tx
919 2673 977 2750 vel
996 2700 1019 2750 x
1036 2673 1100 2780 qui
1121 2672 1291 2750 similiter
1310 2670 1460 2748 fuerunt
1479 2669 1619 2775 recepti
1639 2697 1724 2744 cum

204 2831 211 2840 ·
301 2801 382 2906 ipso
399 2802 464 2909 qui
484 2802 666 2909 loquitur,
686 2803 724 2878 in
744 2803 919 2881 omnibus
939 2821 976 2880 et
998 2832 1066 2910 per
1086 2803 1211 2882 omnia
1230 2803 1268 2878 in
1288 2800 1424 2879 effectu
1443 2800 1534 2875 dixit
1554 2816 1591 2876 et
1611 2797 1726 2904 depo-

301 2933 375 3008 suit
393 2948 436 3009 ut
453 2933 597 3038 primus
618 2933 722 3027 testis
740 2932 915 3040 deposuit
927 2962 1039 3040 super
1059 2933 1193 3012 eodem
1214 2932 1385 3020 articula,
1409 2947 1446 3009 et
1458 2947 1500 3006 ut
1515 2929 1727 3007 continetur

302 3062 340 3137 in
366 3062 463 3140 dicto
478 3063 581 3141 libre
601 3092 668 3168 per
691 3061 813 3169 ipsum
833 3066 997 3170 primurn
1012 3082 1144 3142 testem
1160 3063 1344 3152 exhibito,
1364 3061 1575 3140 continente
1593 3074 1726 3136 statuta

304 3209 341 3267 et
360 3192 525 3298 regulam
547 3193 688 3270 ordinis
706 3194 917 3300 supradicti.

359 3323 417 3400 td
431 3323 564 3402 lxxxvn
580 3340 619 3400 et
635 3323 781 3402 lxxxvnr
797 3343 834 3403 et
845 3324 1018 3411 ultimum
1033 3323 1206 3402 articulos
1220 3322 1449 3430 respondens
1463 3322 1724 3427 interrogatus,

303 3452 394 3531 dixit
411 3482 450 3530 se
470 3454 611 3530 nescire
631 3481 699 3528 nec
718 3455 837 3560 capita
852 3482 921 3530 nec
940 3453 1051 3562 ydola
1068 3482 1138 3530 nec
1153 3453 1277 3560 aliqua
1297 3451 1366 3528 alia
1386 3451 1425 3528 in
1444 3450 1550 3527 dictis
1564 3449 1726 3526 articulis

303 3599 487 3672 contenta,
510 3611 579 3658 nec
598 3583 732 3673 credit,
758 3614 846 3686 pum
866 3575 948 3662 non
964 3584 1038 3662 sint
1059 3585 1155 3662 dicta
1175 3584 1292 3690 capita
1311 3612 1380 3658 nec
1394 3580 1503 3688 ydola
1522 3578 1568 3656 de
1589 3579 1725 3685 quibus

303 3713 355 3791 ibi
375 3713 496 3819 agitur
513 3741 583 3789 nec
601 3730 700 3791 retro
721 3713 859 3792 fuerint
879 3742 987 3822 posse
1017 3715 1056 3792 in
1083 3714 1166 3792 loco
1194 3714 1318 3820 aliquo
1350 3712 1441 3790 dicti
1466 3709 1606 3788 ordinis
1626 3710 1726 3788 inve-

303 3872 386 3922 nm.
440 3920 441 3926 ,

361 3974 482 4078 Super
510 3973 591 4052 aliis
614 4001 701 4052 vero
731 3974 778 4053 de
808 3974 945 4082 quibus
973 3975 1177 4083 precipitur
1195 3973 1276 4052 fieri
1306 3973 1497 4079 inquisitio
1527 3971 1722 4078 generalis,

302 4121 413 4210 prout
431 4104 550 4182 visiun
570 4105 640 4182 fuit
659 4106 758 4184 dicto
786 4106 939 4186 domiuo
960 4109 1134 4215 episcopo
1155 4124 1192 4183 et
1209 4104 1384 4213 predictis
1397 4104 1477 4182 aliis
1493 4099 1654 4180 dominis
1668 4132 1726 4180 ca-

302 4236 444 4312 nonicis
459 4254 496 4312 et
508 4236 689 4343 religiosis
704 4238 790 4314 viris
810 4238 1082 4344 inquirentibus
1098 4238 1236 4344 pariter
1255 4265 1340 4314 cum
1360 4234 1510 4323 eodem,
1527 4233 1726 4340 requisitus

304 4365 394 4442 dixit
413 4395 451 4444 se
472 4367 630 4474 amplius
648 4366 764 4444 nichil
779 4367 883 4448 scire.

360 4629 446 4704 Post
464 4627 550 4717 hec,
572 4655 667 4707 anno
688 4657 763 4735 quo
784 4657 909 4735 supra,
941 4655 999 4708 rvr
1020 4630 1191 4708 kalendas
1217 4628 1410 4717 februarii,
1440 4626 1628 4735 predictus
1658 4625 1726 4701 do-

303 4757 426 4834 minus
454 4759 650 4865 episcopus
676 4789 748 4838 una
779 4787 865 4836 cum
894 4760 1070 4867 predictis
1096 4761 1182 4838 viris
1208 4759 1280 4838 sibi
1305 4759 1491 4838 associatis
1514 4775 1550 4834 et
1575 4754 1726 4833 notariis

303 4886 521 4994 supradictis
545 4890 696 4966 accessit
712 4889 954 4985 personaliter
973 4890 1019 4968 ad
1045 4890 1198 4968 domum
1218 4891 1422 4997 predictam
1444 4888 1561 4966 Mansi
1580 4885 1667 4973 Dei,
1691 4903 1728 4961 et

389 5046 493 5102 rancis
510 5063 561 5101 nas
577 5063 800 5103 rennuens-
813 5065 845 5104 rr.
987 5115 996 5128 ι
1517 5043 1555 5122 57
