4310 5906
373 525 445 599 aaa
759 502 954 596 rnocts
980 520 1076 593 ors
1102 520 1400 594 remetiens

426 665 484 742 Ad
501 663 729 744 xlvi-lxxxo
749 663 923 741 articulos
944 661 1137 750 inclusive,
1160 661 1356 768 diligenter
1376 679 1414 739 et
1434 661 1620 768 sigillatim
1638 661 1798 738 interro-

369 813 492 904 gatus,
515 794 661 902 negavit
686 795 787 899 ipsos
806 793 981 872 articulos
1007 809 1045 868 et
1073 792 1201 870 omnia
1232 809 1270 868 et
1294 792 1436 898 singula
1464 808 1636 867 contenta
1664 792 1702 866 in
1731 793 1795 868 eis.

370 925 580 1004 Confitetur
597 943 722 1002 tamen
740 924 844 1031 quod
861 924 1013 1031 quando
1030 921 1160 999 fratres
1177 923 1408 1028 recipiuntur
1422 922 1470 998 ad
1487 921 1657 999 ordinem
1677 922 1799 1027 predi-

370 1074 483 1146 ctum,
500 1055 708 1163 injungitur
723 1056 776 1132 eis
791 1054 896 1162 qnod
909 1071 1063 1159 portent
1077 1053 1267 1160 cingulum
1287 1054 1362 1130 sive
1384 1053 1577 1132 cordulam
1591 1052 1728 1130 lineam
1744 1054 1798 1131 vel

371 1186 419 1264 de
434 1187 517 1264 lana
532 1187 572 1263 in
587 1187 734 1292 signnm
755 1185 929 1262 eastitatis
944 1215 965 1260 a
983 1213 1022 1262 se
1042 1185 1225 1289 promisse
1240 1213 1388 1290 semper
1403 1183 1593 1273 habende,
1617 1203 1654 1261 et
1676 1184 1798 1263 nnlla-

370 1336 481 1396 tenus
497 1316 715 1396 deserenda.
736 1315 837 1393 Dixit
850 1335 976 1393 tamen
991 1315 1094 1422 quod
1109 1343 1196 1391 cum
1212 1314 1322 1392 dictis
1337 1314 1501 1392 cordulis
1515 1342 1585 1392 nec
1600 1316 1718 1421 capita
1730 1344 1799 1393 nec

267 1455 272 1462 '
369 1449 479 1554 ydola
495 1447 696 1554 cinguntur
711 1475 782 1523 nec
795 1463 1009 1552 tanguntur,
1024 1473 1093 1521 nec
1109 1446 1161 1522 eis
1175 1447 1381 1552 precipitur
1401 1446 1450 1521 ita
1463 1445 1560 1551 tangi
1577 1447 1634 1522 vel
1650 1447 1746 1552 cingi
1756 1465 1799 1523 ut

370 1579 408 1654 in
429 1578 584 1656 articulo
605 1578 831 1680 continetur.

426 1713 518 1787 Item
550 1709 641 1785 dixit
670 1709 717 1785 de
747 1737 853 1786 more
882 1737 961 1786 esse
988 1724 1025 1784 et
1049 1724 1186 1786 statuto
1209 1708 1325 1814 ipsius
1347 1708 1506 1796 ordinis,
1526 1726 1569 1784 ut
1587 1708 1717 1785 fratres
1736 1736 1797 1785 no-

369 1843 462 1918 viter
483 1841 622 1946 recepti
649 1839 813 1917 debeant
826 1840 953 1946 jurare
975 1856 1012 1915 et
1026 1839 1155 1945 jurant
1175 1856 1309 1915 statuta
1332 1857 1368 1915 et
1391 1839 1512 1916 bonos
1535 1866 1659 1917 mores
1682 1841 1797 1946 ipsius

372 1973 516 2049 ordinis
530 1971 734 2062 custodire;
757 1970 948 2077 interque
968 1987 1074 2058 sunt,
1096 1987 1140 2047 ut
1159 1999 1202 2046 ea
1215 1998 1289 2077 que
1302 1985 1460 2077 aguntur
1478 1987 1515 2046 et
1534 1967 1632 2046 fiunt
1649 1971 1689 2046 in
1707 1971 1798 2076 capi·

369 2101 458 2179 tulis
473 2103 591 2207 ipsius
608 2100 750 2178 ordinis
769 2101 884 2177 nullis
903 2100 983 2176 aliis
1002 2100 1214 2176 revelentur
1235 2100 1351 2176 eciam
1375 2100 1492 2204 ipsius
1512 2099 1654 2176 ordinis
1679 2099 1798 2176 iratri-

369 2233 459 2322 bus,
482 2233 553 2310 nisi
570 2233 643 2309 illis
663 2231 838 2308 duntaxat
855 2231 919 2338 qui
940 2232 978 2306 in
995 2231 1083 2337 ipsis
1103 2230 1272 2337 capitulis
1290 2229 1490 2319 affuerunt,
1514 2247 1552 2306 et
1570 2229 1600 2306 si
1611 2259 1632 2305 a
1645 2259 1796 2336 quoque

371 2365 597 2442 contrarium
612 2382 795 2470 ageretur,
814 2363 1003 2439 convictus
1016 2361 1074 2440 vel
1091 2362 1281 2439 consessus
1301 2360 1560 2438 excluderetur
1572 2359 1735 2438 totaliter
1750 2361 1797 2436 ab

371 2495 503 2572 ordine
524 2493 754 2600 supradicto,
778 2511 814 2571 et
831 2511 975 2570 careret
990 2493 1093 2569 omni
1115 2492 1195 2598 ejus
1216 2490 1375 2569 comodo
1397 2491 1611 2567 ethonore.

427 2625 485 2702 ad
502 2625 603 2703 lxx111
622 2623 818 2701 articulum
842 2623 1037 2729 diligenter
1066 2623 1330 2728 interrogatus,
1363 2620 1456 2697 dixit
1483 2637 1520 2696 ct
1542 2619 1736 2726 respondit
1761 2638 1796 2697 et

370 2756 559 2834 confessus
579 2755 753 2861 estquod
772 2754 904 2832 fratres
924 2754 1014 2830 dicti
1035 2753 1177 2829 ordinis
1197 2751 1353 2828 licenter
1368 2727 1524 2856 possunt
1546 2749 1617 2827 sibi
1638 2749 1686 2826 de
1706 2779 1796 2856 qua-

369 2887 463 2965 libet
478 2885 658 2993 religione
668 2884 871 2990 approbata
882 2885 1018 2990 eligere
1038 2882 1267 2960 consessores
1281 2908 1368 2958 suos
1388 2909 1483 2987 quos
1499 2880 1642 2968 volunt,
1659 2879 1797 2987 quibus

372 3033 530 3124 possunt
557 3044 624 3093 sua
650 3016 818 3092 confiteri
848 3019 995 3120 peccata
1019 3012 1049 3090 si
1078 3031 1163 3090 sunt
1187 3011 1399 3118 presbiteri,
1426 3029 1465 3088 et
1487 3011 1533 3088 ab
1557 3012 1611 3088 eis
1632 3012 1796 3117 recipere

371 3146 602 3254 penitenciae
617 3145 809 3236 salutarem
831 3163 869 3222 et
882 3145 954 3221 hoc
974 3145 1075 3222 idem
1095 3143 1148 3221 eis
1167 3143 1256 3220 licet
1275 3141 1396 3218 lacere
1417 3142 1464 3218 de
1485 3141 1673 3219 sacerdote
1695 3169 1798 3218 secu·

369 3278 457 3366 lari,
480 3277 572 3353 dum
587 3294 752 3354 tamena
773 3305 841 3353 suo
860 3275 1002 3382 prelato
1024 3274 1094 3351 sibi
1116 3274 1163 3350 sit
1183 3273 1266 3350 data
1291 3272 1444 3348 licencia
1459 3269 1710 3350 confessiones
1734 3299 1798 3347 au-

370 3408 463 3485 dire.
484 3405 641 3485 Addidit
655 3425 780 3484 tamen
799 3407 903 3513 quod
920 3423 1011 3482 tunc
1032 3405 1183 3482 demum
1209 3430 1274 3478 sua
1299 3401 1523 3479 confitentur
1541 3419 1690 3506 peccata
1716 3401 1797 3478 aliis

371 3557 471 3616 extra
485 3538 644 3617 domum
652 3536 972 3642 Templi,quando
985 3562 1063 3612 non
1077 3533 1216 3610 habent
1228 3530 1441 3608 faetdtatem
1452 3530 1721 3638 ipsiusordinis
1731 3530 1797 3606 sra-

369 3688 466 3746 trem
486 3669 718 3776 capellanum
739 3683 778 3744 et
798 3666 1050 3772 presbiterum
1072 3662 1237 3740 adeundi
1256 3689 1325 3768 pro
1346 3663 1425 3740 suis
1440 3661 1660 3738 criminibus
1680 3659 1797 3736 confi-

369 3800 492 3878 tendis
513 3801 649 3878 eidem.

425 3932 485 4008 Ad
503 3931 741 4009 lxxv-lxxxi
762 3930 935 4008 articulos
955 3926 1149 4015 inclusive,
1167 3925 1368 4031 diligenter
1384 3941 1420 4000 et
1435 3921 1622 4028 sigillatim
1637 3921 1797 3995 interro·

370 4079 491 4168 gatus,
513 4062 744 4167 respondens
765 4061 857 4136 dixit
876 4058 980 4164 quod
995 4057 1125 4134 fratres
1145 4056 1302 4162 predicti
1324 4051 1467 4131 ordinis
1486 4077 1564 4127 non
1583 4047 1736 4124 suerunt
1758 4050 1795 4123 in

370 4189 600 4299 negligencia
620 4189 830 4296 corrigendi
851 4217 921 4265 nec
939 4204 1063 4264 sancte
1079 4187 1150 4263 Dei
1164 4186 1327 4263 Ecclesie
1344 4181 1565 4271 nunciandi,
1582 4207 1651 4256 nec
1666 4177 1712 4256 ab
1728 4179 1795 4256 ob-

371 4323 558 4400 servancia
580 4321 764 4399 dictorum
793 4347 963 4397 errorum
988 4347 1066 4395 non
1087 4317 1328 4403 destiterunt,
1351 4315 1440 4392 ideo
1462 4314 1546 4420 quia
1574 4311 1714 4416 inipso
1734 4336 1796 4386 or·

372 4453 460 4530 dine
490 4480 566 4530 non
596 4451 765 4542 fuerunt,
788 4479 857 4528 nec
877 4450 924 4528 de
953 4449 1006 4526 eis
1030 4448 1085 4526 vel
1114 4475 1245 4526 eorum
1274 4445 1399 4550 aliquo
1430 4469 1595 4549 unquam
1623 4440 1662 4516 in
1695 4439 1796 4516 dicto

372 4582 504 4662 ordine
521 4583 663 4660 mentio
685 4581 809 4689 aliqua
827 4580 899 4659 fuit
918 4579 1026 4668 lacta,
1045 4605 1163 4683 usque
1184 4577 1232 4652 ad
1250 4592 1398 4680 tempus
1418 4572 1599 4678 captionis
1619 4587 1657 4647 et
1674 4569 1798 4646 deten-

370 4716 484 4793 tionis
505 4742 649 4792 eorum.
670 4711 827 4820 Reliqua
853 4713 978 4789 omnia
1003 4727 1040 4786 ct
1067 4705 1210 4812 singula
1234 4719 1409 4781 contenta
1436 4702 1475 4777 in
1501 4701 1609 4778 dictis
1635 4698 1796 4777 articulis

371 4847 517 4955 negavit
535 4873 605 4923 nec
625 4842 782 4922 credidit
802 4871 881 4922 esse
902 4870 997 4918 vera.
