4210 5882
430 553 502 628 tm
815 537 1011 628 nnocbs
1038 553 1134 626 nus
1163 553 1463 626 ruuntmns.

484 694 542 772 Ad
556 693 676 772 lxxxvi
697 693 895 771 articulum
916 695 1180 801 interrogatus,
1205 691 1296 770 dixit
1313 721 1354 771 se
1375 693 1487 770 luisse
1506 709 1699 797 receptum
1720 695 1759 768 in
1780 694 1853 770 lra-

426 843 524 902 trem
549 823 638 900 dicti
663 822 808 899 ordinis
835 825 983 929 Templi
1008 851 1076 931 per
1096 822 1247 900 fratrem
1269 822 1532 930 Raymundum
1559 822 1608 899 de
1633 825 1731 902 Baco
1766 841 1855 903 nme

427 969 685 1060 preceptorem
700 951 834 1030 domus
850 953 967 1031 Mansi
981 954 1069 1043 Dei,
1084 953 1122 1029 in
1139 951 1291 1076 ecelesia
1306 952 1423 1059 ipsius
1436 953 1589 1042 domus,
1613 953 1678 1030 ubi
1693 954 1773 1059 ipse
1789 957 1854 1063 qui

428 1083 596 1191 loquitur
604 1082 697 1159 vidit
705 1081 797 1160 elios
806 1082 933 1188 plures
946 1082 1061 1189 recipi
1077 1083 1298 1190 ultraquam
1315 1083 1447 1160 decem
1461 1101 1662 1190 atempore
1674 1085 1765 1162 citra
1778 1115 1853 1192 quo

428 1213 546 1292 lectus
570 1233 625 1291 est
641 1212 752 1291 frater
772 1213 888 1319 ipsius
906 1213 1063 1303 ordinis3
1086 1231 1123 1291 et
1139 1213 1210 1290 fuit
1226 1231 1397 1320 receptus
1412 1215 1451 1291 iu
1467 1215 1529 1290 die
1543 1215 1740 1292 Dominica
1760 1217 1852 1292 circs

428 1345 564 1422 festum
580 1344 693 1422 sancti
714 1343 862 1422 Martini
882 1345 1049 1449 proxime
1069 1343 1235 1450 preteriti
1253 1344 1408 1422 suerunt
1427 1371 1519 1422 xxxv
1544 1345 1630 1420 anni
1655 1345 1713 1422 vel
1742 1344 1850 1434 circe,

428 1474 663 1581 presentibus
674 1491 711 1552 et
720 1474 864 1552 ibidem
875 1474 1076 1552 astantibus
1086 1473 1247 1552 Arusldo
1261 1477 1387 1553 Rocha
1401 1473 1621 1564 cnmbrerio‚
1633 1475 1852 1582 Raymundo

428 1603 595 1710 Sequeti‚
611 1604 781 1684 lobenne
802 1605 971 1710 Saqueti‚
989 1605 1153 1710 Symone
1168 1607 1267 1712 Agus
1277 1661 1399 1683 .....
1422 1606 1532 1682 Petro
1547 1601 1595 1683 de
1606 1602 1798 1684 Villanova
1817 1624 1854 1681 et

427 1736 599 1841 pluribus
619 1734 699 1810 aliis
715 1733 892 1811 [ratribus
911 1733 1052 1812 ordinis
1073 1736 1162 1813 dicti
1182 1735 1342 1842 Templi.
1356 1737 1413 1813 De
1433 1734 1548 1813 modo
1567 1752 1692 1812 autern
1711 1764 1777 1817 sue
1795 1764 1853 1812 re-

428 1865 613 1970 cepcionis
632 1880 670 1940 et
689 1863 845 1942 aliorum
865 1892 960 1972 quos
979 1866 1095 1971 recipi
1112 1865 1204 1941 vidit
1224 1866 1261 1942 in
1282 1863 1412 1942 iratres
1426 1866 1465 1941 in
1485 1863 1582 1942 dictu
1602 1864 1717 1943 domo
1735 1865 1850 1944 blansi

428 1995 514 2086 Dei,
534 1993 626 2072 dixit
640 1993 741 2071 idem
755 1995 794 2070 in
808 1994 984 2074 omnibus
1001 1995 1040 2070 in
1056 1994 1191 2073 effectu
1206 1994 1310 2101 quod
1328 1995 1472 2100 primus
1491 1995 1593 2074 testis
1618 1993 1794 2100 deposuit
1815 1997 1851 2070 in

429 2125 562 2203 eodem
582 2124 752 2214 articulo,
778 2142 816 2202 et
835 2143 877 2202 ut
894 2125 1105 2203 continetur
1127 2125 1164 2200 in
1184 2123 1281 2202 libro
1300 2124 1465 2202 exhibito
1483 2125 1613 2233 regule
1635 2125 1779 2203 ordinis
1798 2157 1853 2204 su-

428 2254 597 2360 predicti.

484 2385 543 2463 Ad
572 2386 704 2466 lxxxvn
730 2403 768 2465 et
791 2384 938 2466 lxxxvnr
963 2405 1001 2463 et
1024 2385 1198 2464 ultimum
1228 2387 1403 2464 articulos
1429 2384 1676 2492 respondens,
1700 2386 1792 2464 dixit
1813 2418 1851 2465 se

428 2543 502 2592 non
524 2515 677 2596 credere
701 2543 846 2594 errores
870 2515 917 2594 de
942 2515 1081 2624 quibus
1100 2518 1222 2624 agitur
1243 2519 1281 2594 in
1302 2517 1444 2596 eisdem
1461 2543 1657 2623 nunquam
1677 2517 1850 2595 babuisse

428 2647 581 2724 inicium
601 2647 648 2724 ob
673 2647 829 2724 bomine
846 2647 1074 2736 Christiano,
1098 2648 1235 2726 neceb
1260 2647 1384 2756 aliquo
1405 2647 1494 2737 eli03
1524 2649 1708 2754 quianon
1733 2649 1850 2725 credit

322 2811 343 2884 J
430 2775 547 2853 dictos
568 2804 713 2855 errores
736 2776 861 2882 aliquo
883 2792 1053 2883 tempore
1082 2777 1195 2855 firisse
1221 2779 1399 2854 comissos
1425 2803 1494 2854 nec
1519 2807 1539 2854 u
1566 2775 1742 2858 frutribus
1762 2777 1849 2856 dicti

428 2905 595 3011 Templi,
617 2933 686 2985 nec
706 2907 823 2985 eciam
840 2937 861 2982 a
880 2935 1131 3015 qrrocumque.
1152 2908 1281 3014 Cupite
1297 2925 1422 2984 autem
1437 2907 1496 2986 rel
1514 2907 1628 3016 ydola
1645 2908 1692 2986 de
1714 2907 1850 3014 quibus

429 3037 551 3141 agitur
565 3036 604 3112 in
620 3033 729 3114 dictis
744 3037 907 3116 articulis
923 3066 993 3115 nec
1011 3037 1117 3128 vidit,
1135 3067 1203 3117 nec
1223 3038 1327 3115 scivit
1343 3036 1579 3144 temporibus
1593 3037 1666 3115 vite
1681 3065 1764 3126 sue,
1782 3066 1851 3148 nec

428 3193 658 3275 quemquem
678 3166 899 3246 conliutrem
918 3168 977 3246 vel
996 3169 1110 3247 alium
1130 3170 1176 3246 de
1192 3169 1262 3260 eis,
1281 3169 1347 3246 ubi
1368 3171 1443 3246 sint
1462 3169 1519 3248 vel
1539 3168 1693 3258 fuerint,
1711 3168 1850 3244 audivit

428 3295 644 3402 loquentem
662 3325 732 3374 nec
747 3295 984 3377 mencionem
1005 3298 1166 3404 aliquem
1185 3299 1397 3388 facientem
1413 3325 1499 3404 ymo
1520 3317 1629 3405 neget
1647 3299 1794 3404 penitus
1814 3315 1849 3373 ct

427 3453 503 3503 non
518 3426 637 3504 credit
650 3426 816 3532 predicta
836 3445 1005 3506 contentu
1021 3429 1059 3504 in
1079 3429 1244 3506 articulis
1256 3428 1336 3505 lore
1352 3455 1448 3504 vera.
1464 3427 1586 3533 Super
1601 3425 1682 3502 eliis
1699 3455 1787 3502 vero
1804 3427 1848 3502 dc

423 3555 567 3662 quibus
580 3557 784 3664 precipitur
800 3557 881 3636 fieri
902 3558 1095 3664 inquisitio
1104 3557 1304 3667 generalis,
1320 3575 1433 3664 prout
1446 3557 1565 3634 visum
1582 3555 1654 3632 fuit
1672 3555 1774 3632 dicto
1791 3555 1849 3632 do

425 3688 529 3764 mino
542 3687 717 3793 episcopo
732 3687 900 3774 Elnensi,
913 3705 951 3763 et
962 3687 1140 3792 predictis
1153 3689 1234 3763 eliis
1246 3687 1410 3762 dominis
1423 3685 1607 3762 canonicis
1618 3703 1655 3760 et
1668 3683 1848 3788 religiosis

425 3817 512 3892 viris
527 3815 804 3922 inquirentibus
821 3815 959 3921 puriter
972 3845 1058 3893 cum
1078 3815 1232 3905 eodem,
1250 3817 1450 3922 requisitus
1472 3814 1562 3892 dixit
1580 3843 1620 3892 se
1642 3812 1757 3890 nichil
1771 3840 1848 3888 am-

426 3943 527 4048 plius
545 3946 651 4022 scire.

484 4077 590 4153 Anno
606 4103 683 4182 quo
696 4105 824 4181 supra,
842 4103 914 4155 xtn
932 4075 1102 4154 kalendas
1120 4069 1311 4156 februarii.

411 4329 415 4340 ³
484 4337 557 4414 llll.
579 4337 708 4414 Frater
721 4337 930 4416 Bernartius
947 4339 1138 4418 Guerrerii
1161 4339 1303 4416 ordinis
1322 4337 1411 4416 dicti
1438 4337 1602 4444 Templi,
1631 4354 1668 4414 et
1697 4336 1849 4444 capello·

428 4493 498 4544 nus
510 4466 650 4574 capelle
665 4467 802 4548 domus
816 4469 934 4548 Mansi
946 4468 1033 4557 Dei,
1050 4469 1214 4577 juratus,
1236 4489 1279 4547 ut
1292 4468 1506 4574 principalis
1520 4469 1568 4544 de
1582 4496 1622 4546 se
1640 4469 1741 4575 ipso,
1758 4485 1796 4542 et
1811 4485 1848 4542 ut

425 4596 530 4676 testis
554 4598 602 4675 de
622 4598 718 4688 eliis,
736 4627 849 4706 super
868 4599 1031 4677 articulis
1052 4627 1166 4707 super
1184 4599 1322 4706 quibus
1342 4599 1633 4705 interrogabitur
1646 4597 1796 4706 plenam
1813 4615 1847 4673 et

424 4757 557 4835 puram
569 4729 694 4808 dicere
714 4731 920 4820 veritatem,
943 4730 1036 4808 dixit
1055 4748 1094 4808 et
1110 4731 1285 4838 deposuit
1304 4748 1347 4808 ut
1366 4731 1561 4836 sequitur:

482 4861 665 4968 Expositis
684 4862 807 4968 primo
829 4861 900 4940 sibi
920 4861 1083 4940 ertictdis
1103 4865 1141 4939 in
1161 4861 1317 4969 vulgari,
1339 4861 1388 4938 sd
1408 4861 1588 4967 primum,
1616 4886 1743 4936 n--xv
1763 4859 1848 4934 erti-
