4210 5882
440 551 514 620 372
723 554 731 568 ·
825 527 1463 623 raocssnnsrnnrnrnas.

493 690 535 765 ln
555 686 692 766 Christi
710 686 863 765 nomine
884 717 1005 765 amen.
1017 689 1127 765 Anno
1137 688 1305 796 ejusdem
1316 687 1469 766 Domini
1487 683 1689 762 millesimo
1708 703 1849 763 trecen-

436 820 571 895 tesimo
592 819 768 925 septimo,
791 819 978 896 indicione
999 835 1114 907 sexta,
1132 847 1260 896 mense
1279 818 1506 904 novembris,
1526 817 1696 923 ejusdem
1715 819 1850 894 mensis

437 949 497 1024 die
511 949 670 1039 decima,
682 947 920 1054 pontificatus
932 949 1147 1027 sanctissimi
1161 949 1275 1053 patris
1286 967 1323 1026 et
1335 947 1480 1026 domini
1495 947 1638 1025 domini
1649 947 1849 1026 Clementis

436 1078 558 1155 divina
577 1079 812 1184 providencia
831 1107 924 1185 pape
944 1079 1065 1185 quinti
1088 1106 1184 1156 anno
1205 1080 1384 1169 sectmd0,
1403 1078 1442 1153 in
1460 1076 1623 1186 religiosi
1639 1077 1706 1154 viri
1727 1094 1763 1154 et
1782 1077 1850 1155 ho-

435 1210 528 1284 nesti
549 1208 669 1284 lratris
688 1207 877 1286 Guillelmi
894 1208 940 1284 de
962 1207 1121 1284 Parisius
1141 1209 1284 1286 ordinis
1303 1209 1596 1296 Predicatorum,
1618 1209 1846 1313 inquisitoris

436 1338 599 1413 heretice
625 1336 810 1441 pravitatis
830 1338 1045 1414 auctoritate
1075 1336 1274 1441 apostolica
1302 1338 1483 1442 deputati,
1510 1337 1548 1412 in
1573 1337 1688 1415 domo
1712 1337 1845 1414 milicie

435 1467 581 1571 Templi
600 1465 775 1553 Parisins,
797 1494 866 1570 pro
887 1467 1112 1570 inquirendo
1137 1477 1263 1542 contra
1285 1467 1462 1571 quasdam
1482 1495 1660 1572 personas
1681 1468 1769 1544 dicti
1791 1495 1847 1544 or·

435 1596 531 1672 dinis
552 1596 674 1672 eidem
694 1595 832 1672 delatas
851 1623 964 1699 super
983 1595 1080 1670 dicto
1102 1595 1255 1670 crimine
1276 1597 1479 1683 existentis,
1503 1612 1671 1672 nostrum
1692 1599 1847 1675 notario·

433 1753 519 1800 rum
543 1723 779 1831 publicorum
810 1739 847 1798 et
875 1721 1191 1826 infrascriptorum
1216 1723 1367 1799 testium
1391 1726 1582 1828 presencia
1609 1726 1848 1831 personaliter

433 1854 655 1931 constitutus
674 1854 786 1929 frater
805 1851 976 1930 Matheus
990 1852 1036 1928 de
1058 1851 1263 1941 Attrebato,
1290 1853 1395 1929 etatis
1422 1853 1665 1959 quadraginta
1692 1874 1846 1961 quatuor

433 2012 615 2061 annorum
629 1982 686 2060 vel
700 1984 810 2068 circa,
823 1983 969 2089 juratus
989 1983 1035 2058 ad
1056 1999 1177 2058 sancta
1193 1982 1264 2059 Dei
1285 1983 1482 2090 Evangelia
1492 1984 1538 2060 ab
1550 2013 1595 2061 eo
1608 1985 1847 2090 corporaliter

434 2131 527 2190 tacta
550 2114 589 2190 in
610 2139 716 2190 causa
734 2111 822 2187 fidei
846 2110 891 2186 de
915 2138 953 2186 se
978 2127 1013 2185 et
1039 2109 1118 2187 aliis
1142 2112 1265 2188 dicere
1285 2113 1496 2202 veritatem,
1524 2132 1561 2191 et
1580 2115 1781 2221 requisitus
1801 2117 1844 2193 de

431 2261 599 2350 ternpore
616 2260 652 2320 et
672 2228 785 2317 inodo
806 2269 871 2316 sue
893 2240 1137 2344 recepcionis,
1155 2241 1246 2317 dixit
1263 2271 1331 2348 per
1339 2242 1594 2348 juramentum
1617 2273 1729 2321 suurn
1743 2245 1843 2351 quod

431 2390 602 2478 receptus
616 2371 688 2448 luit
697 2369 897 2448 duodecim
907 2369 992 2446 anni
1004 2386 1090 2446 sunt
1102 2371 1298 2448 Dominica
1309 2389 1393 2448 ante
1409 2371 1544 2450 festum
1558 2373 1658 2451 beati
1670 2374 1845 2453 lobannis

430 2504 590 2609 Baptista
615 2502 750 2579 ultimo
771 2501 1010 2606 preteritum,
1039 2502 1077 2575 in
1108 2502 1222 2578 domo
1251 2502 1298 2578 de
1324 2503 1574 2592 Saraincourt,
1607 2533 1675 2610 per
1698 2504 1842 2582 fratrem

431 2632 666 2709 Thierricum
691 2633 737 2708 de
758 2632 883 2709 Boscis
907 2649 1163 2737 preceptorem
1184 2631 1347 2709 baillivie
1369 2634 1416 2710 de
1436 2633 1646 2723 Melleuno,
1668 2639 1845 2742 presenti-

430 2764 501 2840 bus
529 2761 702 2840 lratribus
731 2762 899 2838 lohanne
921 2760 967 2836 de
987 2760 1092 2838 Cella
1110 2779 1146 2836 et
1164 2761 1332 2838 Tierrico
1353 2763 1400 2838 de
1422 2763 1542 2840 Mares
1567 2781 1603 2841 et
1622 2765 1841 2870 quibusdam

432 2891 511 2967 aliis
531 2893 577 2968 de
598 2919 760 2996 quorum
772 2890 987 2967 nominihus
1002 2919 1078 2966 non
1093 2891 1234 2969 recolit.
1256 2893 1357 2969 Dixit
1373 2893 1489 2971 eciam
1510 2921 1578 2998 per
1592 2895 1843 3000 juramentum

432 3050 541 3097 snum
563 3023 683 3128 quod,
704 3038 787 3125 post
805 3020 939 3096 multas
960 3021 1222 3126 promissiones
1237 3021 1284 3098 de
1303 3023 1447 3098 statutis
1467 3039 1506 3098 et
1519 3024 1671 3100 secretis
1687 3025 1778 3100 dicti
1793 3053 1843 3100 or-

433 3151 531 3227 dinis
551 3149 788 3228 observandis
807 3151 853 3226 ab
875 3177 919 3226 eo
940 3148 1067 3237 lactas,
1087 3168 1123 3226 et
1141 3150 1319 3228 mantello
1340 3151 1388 3227 ad
1408 3151 1548 3229 collum
1563 3153 1705 3258 posito,
1729 3153 1843 3230 dictus

431 3280 613 3384 recipiens
633 3280 837 3384 apportavit
850 3279 1040 3384 quoddam
1053 3280 1198 3357 missale
1209 3281 1248 3356 in
1258 3309 1333 3385 quo
1350 3298 1428 3356 erat
1440 3281 1584 3386 depicta
1593 3310 1725 3389 ymago
1735 3283 1843 3360 lhesu

432 3407 613 3496 crucifixi,
637 3427 673 3485 et
695 3409 786 3485 dixit
811 3409 880 3486 sibi
905 3411 1010 3514 quod
1035 3410 1230 3514 oportebat
1250 3411 1353 3516 quod
1372 3411 1451 3515 ipse
1472 3410 1674 3519 abnegaret
1693 3412 1842 3490 lhesnnr

430 3539 636 3625 Christum,
659 3555 698 3615 et
717 3556 865 3645 spueret
885 3569 995 3644 supra
1016 3567 1180 3628 crucem,
1207 3541 1295 3646 quia
1320 3539 1382 3617 alii
1402 3543 1454 3618 sic
1481 3539 1676 3619 faciebant.
1699 3545 1745 3620 Et
1769 3545 1841 3646 ipse

430 3688 520 3745 tunc
539 3670 691 3758 invitus,
714 3697 777 3746 ore
799 3687 835 3745 et
853 3697 926 3745 non
949 3670 1075 3756 corde,
1095 3669 1250 3748 Jhesurn
1262 3671 1454 3748 Christum
1465 3672 1675 3778 abnegavit,
1695 3691 1731 3749 et
1746 3672 1845 3748 finxit

431 3797 534 3906 quod
554 3818 704 3904 spueret
722 3817 779 3874 ter
795 3827 905 3903 supra
926 3827 1084 3876 crucem.
1106 3801 1356 3905 Interrogatus
1373 3802 1420 3878 de
1436 3800 1581 3892 oscado,
1605 3802 1695 3878 dixit
1709 3831 1777 3909 per
1785 3803 1843 3909 ju-

430 3945 640 4004 ramentum
670 3956 779 4004 suum
808 3927 912 4032 quod
938 3928 1057 4004 dictus
1081 3930 1265 4034 recipiens
1288 3932 1426 4007 iterum
1453 3933 1620 4037 precepit
1649 3933 1721 4009 sibi
1746 3931 1843 4038 quod

432 4058 664 4133 oscularetur
683 4085 769 4132 eum
792 4059 830 4132 in
849 4056 925 4133 fine
946 4059 1049 4162 spine
1071 4057 1171 4134 dorsi
1192 4061 1287 4135 etin
1307 4059 1504 4150 umbilico,
1533 4080 1571 4139 et
1600 4063 1679 4166 ipse
1705 4062 1842 4168 fingens

432 4214 471 4262 se
492 4185 666 4273 osculari,
689 4185 815 4290 posuit
826 4211 957 4290 genam
973 4204 1127 4266 suamet
1140 4215 1269 4265 nonos
1284 4190 1331 4265 ad
1346 4188 1447 4266 illam
1461 4209 1605 4296 partem
1618 4190 1840 4270 inferiorem.

431 4315 534 4394 Dixit
551 4316 667 4391 eciam
687 4342 754 4420 per
772 4315 1027 4421 juramentum
1048 4345 1157 4394 suum
1183 4319 1286 4421 quod
1313 4320 1433 4397 dictus
1452 4320 1638 4426 recipiens
1663 4323 1757 4398 dixit
1779 4319 1841 4398 sihi

431 4445 535 4551 quod
555 4445 708 4522 omnino
729 4443 930 4521 abstineret
940 4473 979 4520 se
994 4445 1264 4536 amulieribus,
1281 4465 1319 4523 et
1334 4450 1363 4524 si
1377 4448 1478 4525 calor
1495 4451 1672 4527 naturalis
1687 4466 1844 4528 moveret

432 4603 537 4662 eum,
551 4574 653 4680 quod
664 4574 922 4651 commisceret
941 4603 979 4650 se
999 4604 1084 4652 cum
1106 4575 1280 4654 iratribus
1292 4577 1381 4655 dicti
1398 4579 1558 4668 ordinis,
1577 4596 1614 4657 et
1629 4580 1702 4658 hoc
1713 4579 1760 4658 de
1771 4579 1844 4656 aliis

430 4721 628 4810 pateretur.
646 4703 747 4780 Dixit
766 4704 880 4780 eciam
900 4733 967 4809 per
984 4705 1241 4810 juramentum
1261 4733 1370 4784 suum
1390 4707 1496 4812 quod
1515 4709 1659 4813 pluries
1680 4712 1792 4816 peciit
1812 4724 1844 4783 et

430 4835 505 4940 peti
525 4833 610 4910 lecit
625 4833 829 4939 aMagistro
849 4833 936 4908 dicti
960 4833 1118 4925 ordinis,
1141 4853 1178 4910 ct
1197 4835 1284 4912 fecit
1304 4837 1380 4940 peti
1402 4839 1597 4914 licenciam
1611 4865 1679 4944 per
1699 4837 1844 4915 fratrem
