4242 5890
359 573 432 644 sor
751 542 948 638 rnocns
974 561 1070 634 nns
1096 557 1397 634 rruvnrnus.

420 711 462 788 ln
481 709 619 788 Christi
636 707 791 786 nomine
811 733 931 784 amem
955 705 1081 782 Pateat
1097 701 1295 792 universis,
1314 729 1383 810 per
1403 701 1477 778 boc
1491 723 1646 808 presens
1662 697 1789 807 publi-

360 873 445 920 cum
469 843 781 926 instrumentum,
807 837 911 946 quod
930 863 1028 914 anno
1056 833 1210 913 Domini
1232 833 1432 912 millesimo
1453 829 1719 910 trecentesimo
1737 859 1790 908 se-

360 975 491 1080 ptimo,
507 971 699 1050 indicione
711 987 821 1057 sexta,
835 967 1075 1075 pontificatus
1092 965 1313 1044 sanctissimi
1321 965 1436 1072 putris
1447 981 1485 1042 et
1492 950 1636 1043 domini
1647 963 1789 1040 domini

360 1105 563 1183 Clementis
588 1104 711 1180 divina
733 1101 967 1209 providentia
986 1127 1082 1207 pape
1106 1099 1228 1206 quinti
1256 1125 1357 1176 anno
1382 1097 1565 1186 secundo,
1594 1095 1655 1172 die
1681 1095 1788 1172 Lune

305 1307 315 1322 ,
360 1254 444 1313 ante
464 1237 600 1314 festum
629 1233 888 1342 apostolorum
907 1232 1082 1340 Syntonis
1103 1247 1141 1308 et
1162 1231 1276 1320 dude,
1301 1229 1475 1308 videlicet
1494 1253 1580 1307 xxm
1601 1226 1664 1304 die
1688 1243 1791 1303 octo·

359 1368 455 1458 bris,
478 1366 581 1474 quod
594 1367 632 1442 in
647 1365 868 1442 venerabilis
884 1380 922 1440 et
933 1362 1098 1470 religiosi
1118 1361 1186 1438 viri
1202 1361 1325 1438 fratris
1343 1360 1541 1440 Guillermi
1565 1360 1613 1436 de
1631 1357 1790 1434 Parisios

361 1499 502 1576 ordinis
516 1497 671 1575 fratrum
682 1497 980 1583 Predicatorum,
998 1493 1230 1600 inquisitoris
1242 1492 1407 1570 heretice
1422 1490 1609 1599 pravitatis
1623 1489 1663 1566 in
1674 1517 1789 1596 regno

360 1627 513 1705 Francie
533 1628 750 1704 auctoritato
770 1624 972 1733 apostolica
997 1624 1181 1730 deputati,
1210 1639 1381 1700 nostrum
1406 1621 1641 1699 notariorum
1666 1617 1791 1727 publi-

344 1785 490 1838 corum
513 1776 551 1836 et
571 1758 722 1836 testium
751 1755 1072 1862 infrascriptorum
1102 1755 1310 1861 presencia,
1342 1753 1456 1832 frater
1486 1752 1718 1833 Guillermus
1740 1752 1787 1829 de

362 1892 527 1996 Varnage
543 1889 667 1976 miles,
682 1915 833 1965 morans
850 1888 889 1962 in
905 1887 1021 1964 domo
1035 1883 1082 1962 de
1099 1885 1213 1963 Belda
1229 1885 1473 1964 Bituricensis
1492 1884 1668 1973 diocesis,
1684 1883 1791 1960 etatis

361 2021 490 2126 viginti
508 2020 672 2098 duorum
688 2019 745 2096 vel
766 2019 893 2127 viginti
909 2019 1025 2094 trium
1040 2042 1227 2094 annornm
1243 2016 1301 2094 vel
1313 2016 1424 2108 eirca,
1446 2015 1695 2124 personaliter
1708 2041 1792 2092 con-

362 2153 514 2242 stitutus
521 2168 564 2228 ut
579 2151 627 2227 de
642 2175 682 2227 se
697 2149 789 2226 etde
798 2147 882 2226 aliis
894 2148 1055 2256 predicti
1072 2146 1516 2253 ordinismiiicieTempli
1530 2147 1654 2224 eidem
1669 2145 1792 2252 inqui-

360 2283 467 2360 sitori
481 2281 614 2359 delatis
627 2307 741 2387 super
754 2280 856 2358 dicto
874 2277 1032 2357 crimine
1048 2278 1192 2356 diceret
1202 2277 1414 2368 veritatem,
1431 2295 1467 2355 et
1482 2275 1790 2385 [interrogatusi]

363 2413 410 2489 de
421 2427 592 2520 tempore
603 2429 641 2488 et
654 2411 769 2489 modo
783 2411 1012 2517 recepcionis
1026 2438 1109 2501 suc,
1125 2408 1218 2486 dixit
1228 2437 1298 2515 per
1302 2409 1561 2516 juramentum
1569 2434 1681 2486 suurn
1690 2407 1793 2514 quod

362 2544 434 2622 fuit
448 2557 621 2648 receptus
641 2544 679 2619 in
695 2541 810 2620 domo
829 2543 877 2619 de
893 2544 1045 2620 Foresta
1059 2540 1163 2648 juxta
1179 2539 1406 2648 Agirandam
1423 2538 1697 2618 Lemovicensis
1712 2538 1794 2616 dio-

364 2674 473 2765 cesis,
495 2703 564 2781 per
582 2673 733 2750 fratrem
756 2673 1022 2781 Raymundum
1045 2675 1092 2749 de
1113 2673 1310 2779 Vassignac
1334 2699 1437 2748 nunc
1461 2685 1719 2778 preceptorem
1745 2671 1792 2746 de

364 2805 495 2896 Belda,
508 2833 570 2882 sex
588 2805 675 2880 anni
689 2803 747 2882 vel
767 2805 862 2881 circa
879 2813 968 2882 sunt
982 2802 1112 2910 elapsi,
1128 2802 1366 2910 presentibus
1383 2800 1559 2880 fratribus
1573 2803 1732 2908 Hugone
1746 2801 1792 2876 de

364 2937 400 3012 ia
414 2935 562 3042 Depere
585 2953 623 3012 et
635 2935 833 3012 Ymbaudo
852 2935 1013 3012 Berrucr
1032 2934 1123 3010 dicti
1143 2933 1301 3023 ordinis,
1321 2951 1358 3010 et
1378 2931 1606 3039 quibusdem
1626 2932 1707 3010 aliis
1725 2934 1791 3040 qui

366 3046 455 3146 sunt
468 3067 622 3144 mortui.
643 3068 691 3144 Et
709 3066 801 3142 dixit
819 3092 888 3173 per
897 3065 1154 3173 juramentum
1173 3093 1285 3142 suum
1305 3063 1428 3172 quod,
1448 3091 1494 3142 eo
1508 3078 1678 3170 recepto,
1692 3063 1794 3170 jura·

367 3214 496 3275 mento
516 3195 562 3276 ab
581 3225 627 3276 oo
646 3197 804 3305 prestito
824 3197 923 3274 inter
937 3212 1058 3274 cetera
1072 3197 1119 3273 de
1135 3195 1279 3274 statutis
1294 3213 1331 3273 et
1344 3195 1495 3272 secretis
1510 3194 1655 3272 ordinis
1670 3196 1795 3274 obser·

364 3329 511 3421 vendis,
541 3347 579 3407 et
604 3343 750 3409 ostensa
769 3328 841 3407 sibi
867 3355 976 3405 cruce
999 3355 1087 3404 curn
1111 3311 1234 3436 effigie
1259 3325 1375 3404 ihesu
1400 3325 1541 3404 Christi
1565 3326 1606 3402 in
1628 3327 1794 3432 quodem

365 3459 463 3538 libro
479 3462 680 3549 existente,
699 3460 881 3565 recipiens
896 3459 1055 3565 quesivit
1069 3458 1116 3536 ab
1132 3485 1179 3535 eo
1192 3457 1298 3564 cujps
1312 3457 1487 3535 credebet
1502 3483 1582 3534 esso
1599 3456 1701 3533 illam
1715 3455 1796 3534 effi-

365 3589 482 3696 giem3
501 3608 539 3667 et
558 3591 638 3696 ipse
658 3590 723 3697 qui
738 3590 906 3698 loquitur
925 3589 1120 3696 respondit
1138 3588 1244 3696 quod
1267 3587 1423 3667 Domini
1443 3587 1559 3666 ihesu
1575 3587 1726 3667 Christi.
1747 3589 1794 3663 Et

364 3739 455 3798 tunc
483 3721 668 3828 recipiens
695 3722 788 3798 dixit
810 3721 883 3800 sibi
912 3721 1017 3828 quod
1046 3719 1247 3828 oportebat
1274 3720 1380 3826 qnod
1403 3717 1604 3826 abnegaret
1630 3742 1735 3806 eunt,
1757 3737 1795 3794 et

366 3869 517 3957 spueret
530 3881 642 3959 supra
662 3881 810 3930 erucem
825 3870 863 3928 et
876 3853 1087 3959 ymaginem
1100 3850 1285 3958 predictas
1303 3867 1372 3928 ter.
1390 3850 1483 3944 Qui,
1506 3849 1594 3926 licet
1606 3850 1742 3928 invitus
1758 3867 1796 3924 et

366 3985 536 4060 turbatus
548 3983 645 4060 ultra
660 4011 773 4089 quam
785 3981 966 4059 credibile
983 3998 1095 4070 esset,
1111 3981 1305 4088 abnegavit
1320 4010 1406 4058 eum
1423 3980 1556 4071 semel,
1570 3998 1607 4058 et
1620 3981 1722 4086 spuit
1734 3997 1792 4056 ter

367 4139 479 4217 supra
498 4137 647 4190 crucem
667 4131 705 4190 et
721 4113 931 4220 ymaginem
955 4109 1158 4218 prodictam
1184 4111 1256 4189 boc
1279 4111 1436 4201 faciens,
1461 4129 1506 4188 ut
1524 4108 1631 4200 dicit,
1656 4112 1794 4188 timore

368 4243 553 4348 ipsorumt
570 4261 609 4320 et
626 4243 674 4322 de
694 4243 767 4320 hoc
784 4257 931 4318 tanturn
945 4243 1066 4320 doluit
1085 4260 1123 4318 et
1141 4241 1213 4319 fuit
1226 4243 1416 4330 turbatus,
1437 4247 1543 4350 quod
1559 4242 1700 4347 pluries
1721 4243 1796 4318 exi-

368 4373 480 4450 visset
487 4374 679 4464 ordinem,
696 4375 767 4451 nisi
783 4391 1035 4480 essetpropter
1047 4375 1225 4451 timorem
1240 4375 1449 4450 amicornm
1467 4398 1641 4460 suorum,
1657 4399 1705 4450 ne
1720 4399 1797 4450 cre·

369 4507 501 4583 dorent
530 4505 635 4612 quod
663 4507 741 4612 ipse
766 4505 935 4583 exivisset
955 4505 1128 4582 ordinem
1152 4521 1306 4611 propter
1334 4503 1497 4612 aliquam
1522 4505 1633 4580 eliam
1661 4502 1797 4580 malam

369 4663 530 4713 oausam.

423 4769 517 4844 Item
532 4767 623 4844 dixit
636 4793 704 4874 per
712 4767 970 4874 juramentum
981 4795 1093 4844 suum
1107 4768 1212 4874 quod
1226 4768 1410 4874 recipiens
1427 4767 1589 4874 injunxit
1605 4766 1677 4845 sibi
1693 4765 1800 4874 quod

367 4899 604 4977 abstinereta
619 4899 842 4977 mulieribus
862 4899 1032 4989 omnino,
1052 4917 1090 4977 et
1110 4897 1215 5007 quod
1231 4899 1261 4975 si
1277 4897 1389 4976 vellet
1405 4899 1582 4977 accedere
1598 4899 1645 4976 ad
1666 4898 1800 4976 fratres
