4486 5890
525 512 572 580 os
912 487 1106 580 esocis
1133 505 1228 578 nss
1253 504 1555 577 rnurmnas

522 651 787 728 convenienter
812 647 894 726 fieri
921 667 958 725 et
983 647 1118 726 servari
1139 646 1178 722 in
1204 645 1381 724 domibus
1406 645 1549 722 ordinis
1574 643 1613 720 in
1638 643 1778 750 quibus
1807 647 1947 724 exstitit

522 798 791 866 commoratus,
808 795 847 856 et
855 779 1008 885 capituli
1020 779 1116 857 clam
1128 777 1267 866 teneri,
1285 776 1441 854 custode
1452 765 1591 882 posito,
1602 803 1649 852 ne
1659 774 1882 854 audirentur
1892 803 1947 856 er·

522 912 641 988 terius
658 937 733 1017 que
752 909 910 986 interius
926 909 1142 1018 agebantur.
1155 907 1336 986 Ordinata
1349 935 1416 1016 per
1428 905 1649 1015 Magistrum
1660 935 1748 982 cum
1761 926 1946 986 conventu

523 1059 701 1118 servasset
719 1057 822 1118 totus
844 1039 955 1131 ordo,
983 1055 1113 1117 contra
1136 1067 1251 1144 quem
1272 1065 1372 1114 nunc
1394 1037 1551 1144 grandia
1571 1035 1760 1128 scandala,
1783 1038 1946 1144 suspicio

524 1189 562 1248 et
576 1170 729 1248 infamia
746 1187 836 1247 sunt
850 1187 997 1258 exorta3
1019 1168 1066 1246 ad
1082 1169 1189 1278 cujus
1203 1167 1478 1246 deffensionem
1494 1195 1534 1246 se
1554 1195 1633 1245 non
1653 1167 1855 1244 obtulerat.
1873 1169 1948 1246 Nec

523 1305 575 1380 sic
601 1303 825 1407 deposuerat
845 1329 972 1407 prece,
995 1317 1192 1407 precepto,
1216 1298 1371 1390 timore,
1393 1326 1537 1388 amore,
1556 1297 1733 1388 odio,vel
1748 1297 1945 1406 temporali

524 1431 686 1510 comodo
715 1430 844 1508 habito
875 1429 932 1507 vel
959 1429 1152 1519 habendo,
1180 1429 1249 1508 sed
1275 1457 1344 1534 pro
1370 1429 1525 1506 veritate
1556 1426 1733 1519 dicenda,
1760 1443 1805 1506 ut
1828 1427 1942 1516 dixit,

525 1564 584 1638 eni
608 1561 680 1638 luit
708 1562 920 1668 injunctum
945 1560 1051 1668 quod
1082 1587 1159 1637 non
1187 1558 1368 1637 revelaret
1385 1559 1482 1636 banc
1502 1587 1609 1636 suam
1638 1557 1945 1664 deposicionem,

524 1709 722 1798 quousque
743 1693 1005 1770 attestaciones
1025 1690 1168 1769 luerint
1186 1690 1386 1797 publicate.

581 1821 855 1920 Actatfnerunt
888 1823 959 1900 bec
993 1821 1055 1900 die
1086 1839 1124 1900 et
1148 1822 1232 1900 loco
1261 1821 1457 1927 predictis,
1493 1819 1734 1927 presentibus
1768 1821 1946 1929 magistro

526 1951 684 2042 Amisio,
718 1980 780 2030 me
813 1951 1045 2030 Florimonte
1077 1950 1294 2038 Dnndedei‚
1323 1969 1362 2030 et
1387 1950 1469 2029 aliis
1493 1949 1647 2028 notariis
1673 1979 1784 2060 supra
1812 1950 1948 2030 ultimo

525 2099 741 2162 nominatis.

582 2345 670 2422 Post
691 2345 777 2434 bec,
807 2345 868 2422 die
896 2346 1023 2424 Martis
1047 2347 1237 2452 sequenti,
1261 2373 1335 2452 que
1363 2343 1436 2423 suit
1467 2372 1552 2422 xxrn
1583 2345 1664 2424 dies
1692 2345 1780 2422 dicti
1809 2347 1949 2425 mensis

526 2475 674 2566 Marcii,
699 2475 771 2553 luit
800 2475 988 2553 adductus
1009 2475 1058 2552 ad
1082 2476 1314 2582 presenciam
1340 2475 1564 2554 eorumdem
1585 2475 1829 2554 dominorum
1848 2505 1949 2556 com-

528 2605 780 2683 missariorum
799 2621 838 2682 et
852 2604 997 2682 domini
1014 2605 1176 2695 Matbei,
1199 2606 1237 2681 in
1253 2606 1386 2683 eadem
1405 2605 1521 2683 domo
1540 2605 1685 2684 domini
1702 2607 1802 2683 Petri
1824 2605 1871 2683 de
1891 2607 1951 2686 Sa·

526 2735 685 2828 baudia,
706 2733 819 2812 frater
848 2736 980 2812 Petrus
1008 2735 1055 2813 de
1076 2736 1211 2814 Sancto
1234 2736 1440 2813 benedicto
1467 2735 1648 2825 serviens,
1671 2735 1950 2814 Aurelianensis

531 2866 707 2958 diocesis,
723 2865 829 2944 testis
838 2893 951 2972 supra
959 2864 1130 2972 juratus,
1152 2882 1194 2944 ut
1216 2865 1424 2973 deponeret
1443 2866 1588 2944 dictum
1604 2895 1732 2957 suum;
1744 2867 1950 2976 quadrage-

528 2997 656 3072 narius
678 2995 737 3073 vel
761 2996 876 3086 circa,
901 2996 1124 3074 mantellum
1146 2996 1290 3076 ordinis
1312 3013 1350 3074 et
1367 2995 1521 3074 barbam
1543 2996 1747 3085 defferens,
1772 3027 1859 3074 cum
1874 3025 1949 3105 quo

528 3125 752 3232 inquisitum
773 3123 908 3216 fuerat,
924 3125 1118 3206 absolutus
1139 3145 1177 3204 et
1196 3126 1460 3206 reconciliatus
1473 3156 1542 3233 per
1559 3126 1759 3214 domiuum
1775 3127 1950 3235 archiepi-

528 3282 685 3362 scopum
723 3258 999 3334 Turonensem.
1045 3258 1167 3335 Lectis
1199 3275 1327 3334 autem
1359 3273 1396 3335 et
1430 3257 1633 3364 diligenter
1669 3257 1845 3363 expositis
1879 3257 1950 3336 sibi

530 3386 709 3466 omnibus
722 3403 759 3465 ot
770 3387 927 3494 singulis
942 3386 1128 3476 articulis,
1149 3389 1345 3495 respondit
1360 3417 1399 3466 se
1421 3389 1583 3478 nescire,
1604 3415 1674 3466 nec
1694 3388 1865 3478 credere,
1883 3417 1950 3466 nec

529 3517 713 3594 audivisse
734 3516 880 3594 dici-de
905 3518 1092 3597 contentis
1109 3520 1148 3594 in
1175 3520 1228 3598 eis
1252 3519 1322 3596 nisi
1350 3519 1456 3626 quod
1480 3519 1662 3626 sequitur.
1687 3520 1771 3626 lpse
1795 3518 1949 3626 quidem

528 3646 601 3724 suit
614 3665 788 3754 receptus
799 3647 838 3725 in
852 3647 993 3755 capella
1008 3649 1145 3727 domus
1160 3647 1311 3756 Templi
1331 3649 1379 3726 de
1393 3647 1519 3728 Insula
1534 3649 1718 3728 Bochardi
1729 3649 1950 3728 Pictavensis

529 3777 703 3871 diocesis,
733 3796 822 3856 sunt
851 3806 912 3858 xxr
936 3779 1025 3855 anni
1044 3780 1102 3857 vel
1125 3780 1237 3869 circa,
1260 3808 1329 3886 per
1358 3779 1511 3858 fratrem
1537 3782 1694 3858 Petrum
1724 3780 1772 3859 de
1804 3779 1949 3858 Madico

528 3909 722 4015 quondam
752 3908 931 3996 militem,
965 3927 1056 3984 tuno
1086 3909 1213 3986 locum
1240 3927 1432 3988 tenentem
1460 3911 1680 3999 visitatoris,
1712 3910 1951 4017 presentibus

530 4036 705 4115 fratribus
725 4037 896 4114 Jobanne
921 4037 1091 4116 Durandi
1117 4040 1169 4116 eri
1204 4041 1428 4134 examinato,
1449 4043 1608 4150 Hugone
1637 4042 1685 4120 de
1708 4043 1841 4121 Narsac
1866 4068 1951 4148 pre-

530 4183 679 4272 ceptore
701 4165 747 4243 de
763 4167 956 4272 Espaucis‚
975 4195 1091 4273 quem
1112 4169 1232 4245 credit
1247 4169 1390 4260 vivere,
1413 4189 1451 4249 et
1465 4173 1636 4250 Jobanne
1657 4171 1705 4250 de
1725 4171 1861 4250 Sancto
1877 4173 1950 4249 Be-

530 4293 681 4372 nedicto
699 4295 883 4408 avunculo
905 4296 1022 4401 ipsius
1041 4297 1162 4386 testis,
1185 4298 1392 4390 deffuncto,
1415 4317 1511 4379 teste
1532 4331 1644 4408 supra
1664 4301 1889 4393 examinato,
1909 4299 1948 4376 in

530 4420 634 4502 hunc
654 4425 814 4502 modum
837 4457 846 4503 ε
872 4453 957 4502 nam
990 4455 1076 4504 cum
1095 4429 1269 4534 peciisset
1294 4458 1431 4536 panem
1452 4448 1490 4510 et
1515 4460 1651 4540 aquam
1676 4449 1715 4510 et
1733 4433 1950 4510 societatem

530 4551 687 4638 fratrum
708 4555 865 4648 ordinis,
896 4573 934 4634 et
957 4585 1137 4662 responso
1166 4559 1289 4636 eidem
1318 4561 1421 4668 quod
1451 4561 1550 4640 bene
1586 4561 1835 4651 deliberaret,
1864 4563 1952 4670 quia

531 4699 722 4787 oporteret
741 4712 829 4760 eum
858 4683 1031 4762 abdicare
1051 4715 1072 4764 a
1094 4716 1134 4765 se
1156 4691 1346 4795 propriam
1368 4691 1618 4780 voluntatem,
1639 4709 1676 4771 et
1700 4693 1820 4772 multa
1840 4691 1952 4770 susti·

531 4839 620 4890 nere
637 4813 684 4892 de
704 4813 844 4920 quibus
863 4843 941 4901 non.
956 4816 1161 4925 cogitabat,
1180 4848 1220 4896 ac
1232 4848 1413 4930 responso
1428 4849 1496 4930 per
1515 4850 1604 4900 eum
1620 4823 1724 4934 qnod
1741 4823 1843 4931 ipse,
1864 4849 1952 4900 curn
