4208 5886
397 539 472 614 aas
793 523 988 616 enecas
1020 539 1113 616 ons
1144 539 1444 617 rnrrrmnns.

305 734 309 741 -
394 680 500 786 quod
515 681 709 787 sequitur:
731 683 905 762 videlicet
920 685 1022 790 quod
1045 683 1123 790 ipse
1139 701 1312 790 receptus
1327 683 1447 760 fuerat
1467 682 1507 758 in
1526 681 1669 787 capella
1684 684 1824 761 domus

395 809 545 918 Templi
572 813 619 889 de
646 814 801 919 Paganis
829 813 1027 892 Trecensis
1054 814 1231 907 diocesis,
1266 815 1305 892 iu
1331 811 1483 892 instanti
1516 811 1619 890 festo·
1640 811 1825 892 Omnium

395 942 635 1032 Sanctorum,
650 961 761 1020 erunt
781 944 926 1021 circiter
952 971 1015 1021 xm
1034 946 1139 1037 anni,
1161 973 1230 1052 per
1254 944 1407 1021 fratrem
1429 943 1639 1032 lohannem
1662 943 1709 1020 de
1727 945 1826 1020 Mars

262 1153 267 1166 ,
394 1087 654 1178 preceptorem
672 1090 762 1150 tunc
783 1074 882 1150 dicte
904 1073 1057 1162 domus,
1074 1074 1315 1179 presentibus
1332 1072 1511 1150 fratribus
1530 1071 1702 1176 pluribus
1722 1061 1825 1152 inor-

394 1203 485 1290 tuis,
509 1203 608 1279 inter
627 1231 724 1310 quos
743 1203 899 1280 fuerunt
921 1201 1053 1280 fratres
1072 1205 1206 1280 Petrus
1232 1203 1279 1280 de
1303 1205 1433 1282 Trecis
1448 1220 1486 1279 et
1504 1189 1645 1308 Symon
1667 1203 1716 1280 de
1734 1204 1824 1282 Bre-

394 1348 515 1440 tenay,
536 1333 576 1407 in
592 1333 695 1409 hunc
714 1334 871 1411 modum
889 1365 897 1409 :
925 1361 1013 1408 nam
1036 1361 1124 1408 cum
1149 1332 1403 1438 requisivisset
1427 1333 1609 1409 instanter
1623 1350 1663 1408 et
1675 1350 1735 1409 ter
1751 1333 1823 1412 sibi

393 1462 548 1538 concedi
573 1487 709 1566 panem
731 1479 769 1537 et
791 1489 923 1566 aquam
947 1460 1108 1552 ordinis,
1131 1478 1169 1538 ct
1191 1461 1317 1538 eidem
1334 1462 1548 1566 predictum
1570 1459 1700 1538 luisset
1719 1463 1824 1568 quod

391 1589 490 1666 bene
504 1589 742 1681 deliberaret,
755 1588 842 1696 quia
854 1607 1047 1695 oporteret
1067 1618 1155 1666 eum
1173 1590 1293 1667 multa
1308 1590 1402 1668 dura
1420 1607 1458 1668 et
1474 1619 1603 1695 aspera
1618 1591 1820 1682 sustinere,

391 1717 554 1795 finaliter
569 1747 614 1796 eo
629 1747 698 1825 pro
712 1720 811 1795 dicta
823 1720 1045 1822 recepcione
1061 1719 1238 1808 instante,
1254 1719 1343 1798 lecit
1358 1720 1483 1796 eidem
1500 1737 1672 1825 receptor
1686 1748 1819 1799 vovere

392 1865 430 1926 et
444 1846 572 1956 jurare
594 1849 818 1938 castitatem,
841 1847 1122 1936 obedienciam,
1146 1864 1185 1925 et
1201 1848 1324 1926 vivere
1346 1850 1428 1925 sine
1445 1849 1622 1954 proprio;
1642 1866 1680 1926 et
1699 1850 1823 1956 impo-

330 1975 333 1982 ’
353 1977 356 1987 ’
391 1979 464 2056 sito
481 1978 550 2056 sibi
570 1981 768 2071 mantello,
790 1994 963 2086 receptor
982 1995 1020 2055 et
1037 1995 1199 2056 astantes
1213 1977 1369 2056 fuerunt
1389 2006 1476 2056 eum
1498 1978 1655 2056 osculati
1675 1979 1818 2072 inore,

391 2125 429 2186 et
444 2111 522 2216 ipse
532 2112 637 2188 testis
650 2126 884 2216 receptorem
900 2107 940 2185 in
955 2107 1138 2187 umbilico
1153 2109 1192 2184 in
1208 2136 1318 2186 carne
1332 2108 1445 2185 nuda.
1465 2109 1640 2214 Postque
1652 2110 1822 2214 precepit

391 2239 424 2315 ei
443 2239 565 2317 dictus
578 2257 750 2345 receptor
765 2239 869 2345 quod
882 2238 1083 2346 abnegaret
1099 2265 1250 2315 crucem
1265 2237 1452 2343 depictam
1466 2237 1506 2312 in
1520 2234 1685 2343 quodam
1702 2237 1818 2326 libro,

390 2386 427 2445 et
451 2369 529 2476 ipse
549 2371 654 2447 testis
675 2370 870 2476 abnegavit
890 2397 972 2457 ore,
994 2394 1072 2445 non
1092 2367 1288 2461 corde,ad
1305 2367 1610 2446 admonicionem
1626 2366 1819 2474 cujusdam

389 2500 586 2605 presbiteri
602 2500 666 2604 qui
683 2501 857 2587 adherat,
874 2500 981 2606 cujus
999 2525 1140 2576 nomen
1154 2515 1194 2574 et
1207 2523 1417 2606 cognomen
1430 2497 1597 2604 ignorat,
1617 2523 1685 2602 per
1702 2523 1817 2601 quem

388 2629 508 2706 fuitei
526 2629 670 2707 dictum
687 2628 793 2734 qnod
806 2629 1025 2705 auctoritate
1040 2627 1186 2705 domini
1201 2654 1322 2734 pappe
1340 2642 1486 2734 poterat
1505 2623 1695 2703 absolvere
1711 2651 1812 2702 eum.

387 2760 637 2838 Postmodum
671 2759 793 2836 dictus
822 2774 994 2864 receptor
1021 2757 1189 2863 precepit
1219 2758 1253 2832 ei
1278 2756 1383 2862 quod
1410 2755 1647 2832 conculcaret
1676 2754 1815 2830 dictam

388 2919 556 2982 crucem,
574 2889 705 2996 etipse
721 2889 844 2966 noluit
859 2888 1090 2971 conculcare.
1113 2885 1195 2966 Alia
1214 2885 1345 2963 illicita
1365 2909 1441 2962 non
1461 2883 1594 2962 recolit
1613 2882 1762 2960 affuisse
1774 2884 1815 2960 in

389 3022 487 3098 dicta
507 3049 570 3098 sua
587 3021 807 3126 recepcione
832 3048 902 3097 nec
920 3036 1021 3124 post,
1047 3047 1118 3096 nec
1132 3017 1200 3095 scit
1219 3016 1249 3096 si
1267 3015 1366 3093 dicta
1387 3015 1518 3093 illicita
1532 3013 1590 3091 vel
1610 3012 1681 3089 ulia
1696 3013 1816 3091 inter-

386 3152 588 3229 veniebant
610 3152 649 3228 in
670 3149 953 3254 receptionibus
976 3147 1137 3225 aliorum
1167 3145 1227 3223 vel
1246 3163 1341 3250 post.
1374 3145 1504 3224 Credit
1528 3161 1655 3220 tamen
1682 3141 1816 3244 pocius

386 3282 493 3388 quod
520 3283 572 3357 sic
590 3309 705 3388 quam
728 3279 973 3366 contrarium,
999 3303 1216 3383 quanquam
1242 3272 1340 3349 nibil
1359 3271 1537 3349 illicitum
1560 3267 1695 3347 viderit
1712 3267 1813 3356 lieri,

387 3412 655 3518 superveniens
675 3411 715 3486 in
734 3409 952 3514 recepcione
970 3406 1093 3485 fratris
1115 3404 1273 3484 Gerardi
1302 3403 1348 3478 de
1372 3399 1599 3480 Virencourt
1620 3396 1816 3476 servientis

386 3563 471 3650 post
484 3543 732 3621 tradicionem
746 3538 915 3617 mantelli
933 3540 966 3616 ei
980 3537 1131 3625 factam,
1151 3534 1292 3640 recepti
1305 3533 1345 3609 in
1358 3530 1498 3638 capella
1512 3530 1649 3607 domus
1661 3527 1814 3633 Templi

387 3676 434 3752 de
452 3675 676 3753 Virencourt
698 3671 891 3764 Tullensis
912 3670 1087 3759 diocesis,
1108 3695 1177 3774 per
1195 3664 1348 3742 fratrem
1366 3662 1577 3769 Aymonem
1599 3658 1674 3736 deu
1693 3655 1813 3748 Zelet,

386 3823 474 3882 sunt
487 3833 588 3881 nunc
603 3804 750 3880 circiter
769 3827 845 3879 vnn
861 3800 965 3891 anni,
982 3795 1223 3904 presentibus
1241 3793 1419 3871 fratribus
1433 3789 1608 3868 Alberico
1624 3788 1673 3864 de
1688 3787 1815 3864 Noou-

384 3963 454 4042 roy
473 3935 664 4022 bisuncio,
692 3932 799 4038 cujus
818 3955 1028 4035 cognomen
1049 3927 1213 4032 ignorat,
1235 3941 1273 4002 et
1289 3919 1464 4028 pluribus
1489 3920 1571 3996 aliis
1592 3915 1813 4005 deffunctis3

386 4065 547 4141 aliorum
569 4060 853 4168 recepcionibus
873 4087 912 4135 se
933 4085 1011 4134 non
1030 4056 1164 4133 recolit
1182 4053 1343 4131 affuisse.
1365 4054 1478 4140 Item,
1502 4047 1595 4126 dixit
1615 4045 1721 4152 quod
1734 4043 1814 4148 ipse

386 4195 484 4272 bene
510 4191 687 4269 credebat
711 4187 967 4267 ecclesiasticis
997 4185 1254 4274 sacramentis,
1285 4180 1441 4259 credens
1464 4177 1568 4285 quod
1597 4175 1661 4252 alii
1682 4173 1814 4250 lratres

306 4360 308 4369 ⁸
386 4323 532 4402 ordinis
559 4322 695 4402 eodem
721 4319 836 4396 modo
863 4317 1074 4405 crederent,
1104 4332 1141 4393 et
1164 4313 1270 4421 quod
1300 4337 1433 4388 eorum
1453 4306 1664 4385 sacerdotes
1684 4302 1812 4380 debite

386 4455 632 4532 celebrarent.
658 4452 794 4531 Statim
808 4477 877 4558 pro
894 4446 1071 4555 professis
1092 4444 1342 4530 habebantur,
1370 4457 1407 4518 et
1427 4438 1625 4516 dicebatur
1638 4435 1693 4512 eis
1708 4431 1815 4539 quod

387 4584 700 4664 excommunicati
724 4582 883 4659 ficissent
903 4581 934 4658 si
962 4607 1006 4656 ex
1027 4596 1119 4656 tunc
1137 4575 1312 4654 ordinem
1336 4571 1545 4649 exivissent.
1569 4563 1812 4646 Clandestine

386 4713 676 4820 recipiebantur,
696 4711 812 4790 nullis
823 4708 1063 4818 presentibus
1079 4707 1151 4784 nisi
1166 4702 1343 4782 fratribus
1358 4700 1518 4786 ordinis,
1536 4725 1581 4774 ex
1594 4724 1672 4801 quo
1693 4691 1814 4770 credit

386 4847 490 4954 quod
501 4846 610 4954 juste
623 4844 682 4924 vel
701 4844 839 4952 injuste
855 4840 1060 4919 haberetur
1078 4835 1241 4943 suspicio
1266 4847 1394 4912 oontra
1415 4855 1492 4908 eos.
1512 4821 1690 4906 Cordulis
1709 4821 1812 4900 unde
