4486 5890
771 494 968 587 anocts
995 513 1090 586 nas
1117 513 1419 587 Taurumue.
1734 517 1805 590 ns

383 667 422 728 et
442 677 580 758 aquam
597 665 634 728 et
653 651 871 730 societatem
895 652 1055 744 ordinis,
1084 671 1122 732 et
1139 653 1341 734 obtulisset
1364 682 1402 732 se
1422 652 1519 731 velle
1545 651 1626 731 fieri
1656 681 1805 734 servum

383 781 569 860 esclavum
583 781 729 860 ordinis
746 800 784 860 et
798 786 914 862 Terre
935 786 1069 863 Sancte
1086 785 1117 864 si
1134 785 1183 862 ad
1199 813 1281 862 eam
1299 785 1523 892 perveniret,
1541 801 1580 861 et
1596 782 1758 864 finaliter
1772 786 1807 862 ei

380 941 554 992 concessa
564 911 735 1007 luissent,
744 917 901 1021 prestito
914 916 1014 995 abeo
1026 945 1094 1022 per
1102 921 1362 1024 juramentum
1372 917 1478 1024 quod
1488 944 1566 996 non
1575 933 1654 994 erat
1664 915 1807 994 servilis

380 1045 708 1134 condicionis‚nec
718 1047 1077 1139 excommunicatus,
1089 1075 1159 1124 nec
1167 1046 1273 1125 alteri
1283 1045 1542 1155 religioni‚vel
1553 1046 1804 1136 matrimonio,

381 1178 519 1256 debitis
543 1207 618 1285 que
639 1178 782 1257 solvere
801 1207 880 1258 non
895 1195 1023 1286 posset
1048 1178 1253 1288 obligatus,
1279 1207 1350 1257 nec
1364 1179 1528 1256 habebat
1548 1176 1807 1254 infirmitatem

379 1307 576 1398 latentem,
604 1337 677 1386 nec
693 1310 852 1387 dederat
869 1339 939 1388 nec
955 1310 1182 1415 promiserat
1204 1308 1348 1416 aliquid
1367 1309 1474 1416 quod
1493 1310 1533 1385 in
1550 1309 1651 1385 dicto
1673 1307 1806 1386 ordine

379 1439 621 1544 reciperetur,
644 1438 733 1517 feeit
758 1469 847 1517 eum
874 1440 996 1518 dictus
1017 1457 1192 1545 receptor
1212 1466 1345 1517 vovere
1373 1457 1410 1518 et
1428 1439 1555 1545 jurare
1579 1437 1804 1526 castitatem,

380 1569 668 1662 obedienciam,
684 1587 722 1649 et
745 1570 867 1648 vivere
887 1569 968 1646 sine
982 1569 1155 1676 proprio,
1178 1584 1216 1646 et
1235 1569 1340 1674 quod
1360 1597 1428 1674 pro
1448 1594 1557 1674 posse
1574 1593 1643 1644 suo
1660 1566 1808 1673 juvaret

380 1699 427 1776 ad
443 1700 716 1806 acquirendum
731 1702 887 1778 Terram
904 1699 1090 1778 Sanctam.
1102 1700 1192 1776 Post
1204 1725 1279 1804 que
1293 1698 1418 1775 dictus
1430 1714 1602 1804 receptor
1616 1697 1807 1774 associavit

380 1856 468 1906 eum
494 1846 532 1906 et
550 1846 694 1936 patrem
723 1844 760 1907 et
781 1847 942 1906 matrem
966 1857 1055 1906 suos
1079 1827 1276 1906 beneficiis
1301 1827 1461 1918 ordinis,
1490 1843 1528 1904 et
1551 1827 1751 1933 imponens
1771 1827 1806 1904 ei

380 1959 620 2051 mantellum,
638 1959 711 2038 luit
727 1989 803 2036 una
819 1989 905 2038 cum
927 1958 1105 2036 omnibus
1120 1957 1328 2036 astantibus
1349 1985 1436 2035 eum
1454 1955 1641 2034 osculatus
1661 1957 1700 2032 in
1717 1983 1805 2046 ore,

332 2113 336 2124 ·
381 2107 418 2166 et
431 2090 608 2169 instruxit
628 2117 716 2166 eum
731 2105 827 2197 quot
838 2092 953 2168 Pater
969 2104 1085 2168 noster
1101 2089 1245 2166 diceret
1262 2117 1333 2195 pro
1351 2088 1455 2166 horis
1474 2087 1569 2174 suis,
1592 2101 1631 2162 et
1644 2086 1807 2192 qualiter

379 2235 526 2326 regeret
542 2247 581 2297 se
602 2220 642 2296 in
658 2219 809 2308 ordine,
832 2237 870 2296 et
886 2218 1050 2326 qualiter
1063 2218 1223 2325 jaceret,
1248 2243 1437 2324 exponens
1458 2217 1491 2294 ei
1514 2215 1679 2293 diversos
1700 2244 1805 2292 casus

378 2367 534 2457 propter
546 2379 643 2457 quos
657 2367 805 2457 poterat
824 2350 1025 2428 incurrere·
1039 2350 1199 2426 diversas
1218 2375 1334 2453 penas
1355 2346 1564 2425 secundum
1585 2344 1729 2422 ordinis
1749 2346 1805 2422 di·

379 2480 586 2587 sciplinam,
597 2499 635 2559 et
648 2482 892 2588 postmodum
908 2497 1154 2558 recesserunt.
1170 2480 1386 2585 Requisitus
1400 2479 1429 2556 si
1446 2477 1667 2556 interfuerat
1679 2505 1806 2582 recep-

379 2608 478 2688 cioni
497 2611 655 2718 alicujus
679 2609 832 2689 alterius
861 2610 1023 2717 Anglici,
1051 2609 1153 2689 Scoti
1174 2609 1232 2686 vel
1246 2608 1438 2700 Ybernici‚
1468 2623 1506 2684 et
1530 2606 1561 2684 si
1576 2605 1718 2684 viderat
1740 2607 1807 2683 ali·

377 2769 494 2845 quem
515 2769 559 2818 ex
574 2741 627 2817 eis
642 2739 855 2817 interfuisse
876 2737 1164 2845 recepcionibus
1178 2737 1317 2844 quibus
1337 2739 1416 2844 ipse
1433 2737 1539 2816 testis
1559 2735 1746 2824 adfuerat,
1768 2754 1808 2814 et

378 2869 408 2945 si
434 2869 577 2946 viderat
602 2869 765 2976 aliquem
790 2868 907 2973 recipi
929 2895 999 2973 per
1018 2867 1171 2946 fratrem
1195 2866 1434 2944 Himbertum
1448 2864 1603 2944 Blanchi
1623 2865 1803 2958 militem,

378 3015 640 3106 preceptorem
669 2998 864 3088 Alvemie,
896 2997 1093 3103 respondit
1119 2997 1225 3102 quod
1255 3023 1349 3088 non,
1380 3023 1637 3102 necunquam
1663 2996 1808 3072 viderat

379 3128 524 3205 dictum
541 3126 693 3204 fratrem
714 3127 975 3216 Himbertum,
995 3127 1067 3204 nisi
1087 3126 1225 3215 semel,
1243 3126 1284 3204 in
1300 3127 1398 3204 dicta
1418 3127 1534 3206 domo
1551 3125 1803 3232 d’Oysimont‚

380 3285 466 3334 cum
498 3257 620 3335 dictus
649 3257 764 3334 frater
793 3256 1014 3333 Himbertus
1033 3256 1333 3363 proficisceretur
1360 3256 1401 3332 in
1430 3253 1612 3362 Angliam.
1635 3257 1706 3334 Cui
1734 3255 1806 3334 luit

379 3386 593 3494 injunctum
617 3414 686 3491 per
711 3387 831 3464 dictos
857 3386 1033 3464 dominos
1059 3385 1350 3472 commissarios,
1377 3385 1416 3461 in
1440 3385 1576 3462 virtute
1597 3385 1804 3491 juramenti

377 3516 522 3621 prestiti
543 3543 612 3622 per
626 3515 824 3607 eumdem,
839 3515 943 3622 quod
958 3512 1239 3594 non'revelaret
1256 3516 1352 3594 hanc
1376 3543 1482 3596 suam
1504 3515 1801 3621 deposicionem,

379 3673 579 3754 quousque
594 3647 855 3724 attestaciones
869 3645 1011 3728 fuerint
1028 3645 1226 3753 publicato.

435 3908 565 3985 Frater
584 3909 775 3987 lohannes
799 3909 847 3987 de
865 3911 992 3990 Menat
1009 3909 1189 3999 serviens,
1212 3925 1410 4018 preceptor
1431 3909 1569 3987 domus
1588 3909 1739 4016 Templi
1756 3911 1802 3987 de
1907 3917 1913 3926 “

379 4037 545 4116 Marchia
574 4038 893 4119 Claramontcnsis
917 4041 1093 4129 diocesis,
1121 4040 1229 4119 testis
1258 4067 1368 4146 supra
1384 4039 1551 4147 juratus,
1572 4040 1805 4147 quinquage-

379 4169 505 4245 narius
529 4167 588 4245 vel
614 4170 725 4260 circa,
745 4170 970 4248 mantellum
989 4171 1133 4250 ordinis
1153 4187 1192 4248 et
1213 4170 1370 4249 barbam
1391 4169 1596 4264 defferens,
1620 4199 1705 4248 cum
1727 4197 1804 4276 quo
1910 4254 1913 4274 Ι

378 4298 601 4404 inquisitum
627 4298 765 4390 luerat,
794 4300 990 4380 absolutus
1015 4318 1053 4379 et
1072 4301 1334 4380 reconciliatus
1353 4329 1422 4406 per
1441 4300 1641 4378 dominum
1662 4299 1806 4406 episeo-

377 4455 470 4535 pum
492 4428 853 4522 Claramontensem,
870 4429 981 4508 lectis
1002 4448 1039 4508 et
1059 4430 1262 4538 diligenter
1281 4431 1457 4537 expositis
1476 4430 1548 4508 sibi
1569 4428 1747 4508 omnibus
1768 4446 1805 4506 et

377 4557 535 4664 singulis
554 4557 736 4652 articulis,
764 4558 961 4666 respondit
987 4587 1027 4638 se
1047 4561 1207 4651 nescire,
1235 4589 1306 4638 nec
1329 4560 1500 4653 credere,
1526 4587 1596 4638 nec
1620 4559 1803 4638 audivisse

378 4687 451 4766 dici
473 4689 521 4766 de
540 4690 728 4776 contentis
753 4690 793 4767 in
821 4691 875 4770 eis
900 4690 972 4770 nisi
1000 4691 1104 4799 quod
1123 4691 1306 4798 sequitur.
1332 4691 1434 4768 Dixit
1460 4717 1598 4796 nempe
1623 4717 1662 4768 se
1688 4669 1802 4768 luisse

376 4836 568 4927 receptum
589 4821 628 4896 in
647 4820 787 4929 capella
803 4819 940 4900 domus
958 4820 1110 4928 Templi
1130 4822 1179 4898 de
1195 4822 1377 4911 Maronia,
1394 4821 1489 4900 circa
1505 4822 1646 4902 instans
1663 4819 1800 4899 festum
