4202 5876
409 541 481 618 aas
794 523 990 616 raocts
1016 543 1112 614 ons
1137 541 1435 614 reaumaus.
1606 629 1608 632 ,

402 683 567 760 Arnaldo
588 684 731 774 Rocha,
754 683 957 763 Guillelmo
977 681 1198 772 Marturelli,
1220 685 1331 762 Petro
1351 681 1504 773 Ruhco,
1525 681 1665 760 Jacoho
1687 682 1735 758 dc
1760 684 1830 761 uo
1930 781 1935 792 .

402 844 534 924 sergue
555 832 593 893 et
611 815 784 921 pluribus
804 815 886 892 aliis
906 814 1082 892 iratribus
1101 815 1188 892 dicti
1211 814 1367 892 ordinis.

459 946 514 1024 De
535 945 650 1024 modo
672 962 798 1024 autem
817 975 882 1024 sue
902 946 1129 1052 recepcionis
1150 945 1255 1023 etde
1276 946 1348 1022 hiis
1371 973 1446 1051 que
1467 945 1602 1021 servari
1624 943 1768 1026 debent
1788 945 1830 1022 ab

404 1078 475 1154 hiis
492 1078 557 1184 qui
576 1077 809 1183 recipiuntur
828 1077 874 1154 ad
895 1078 1019 1184 ipsum
1041 1077 1233 1165 ordinem,
1259 1077 1351 1154 dixit
1370 1076 1466 1155 sicut
1485 1076 1636 1182 plenius
1656 1075 1832 1182 deposuit

403 1207 514 1284 frater
527 1207 809 1285 Bartholomeus
826 1209 873 1284 de
886 1209 1023 1297 Turre,
1042 1209 1185 1314 primus
1201 1208 1318 1286 testis.

254 1437 262 1446 .
393 1357 395 1362 '
460 1338 517 1415 Ad
538 1339 669 1418 lxxxvu
690 1357 726 1416 et
745 1339 889 1418 lxxxvm
914 1357 950 1416 et
967 1339 1143 1416 ultimum
1169 1338 1344 1418 articulos
1365 1313 1568 1446 diligenter
1585 1354 1622 1414 et
1642 1337 1831 1444 sigillatim

403 1471 664 1577 interrogatus,
685 1469 878 1575 respondit
898 1497 936 1546 se
952 1469 1095 1546 nescire
1111 1498 1181 1545 nec
1201 1470 1354 1546 credere
1372 1468 1498 1575 aliqua
1518 1469 1566 1546 de
1587 1469 1774 1547 contentis
1793 1471 1830 1545 in

403 1601 466 1675 eis.
488 1601 563 1675 Nec
581 1600 650 1677 scit
664 1627 733 1676 nec
757 1627 920 1704 unquam
941 1598 1096 1687 audivit,
1118 1616 1162 1676 ut
1181 1599 1289 1688 dixit,
1311 1627 1430 1705 usque
1447 1627 1549 1679 nunc
1568 1599 1651 1676 lieri
1671 1600 1831 1678 mentio·

401 1759 486 1808 nem
508 1730 547 1806 in
567 1730 700 1809 ordine
720 1707 869 1837 Templi
890 1728 948 1808 vel
966 1730 1054 1808 alibi
1077 1731 1123 1808 de
1143 1731 1253 1810 dictis
1275 1731 1483 1824 erroribus,
1507 1733 1698 1810 necunde
1719 1735 1830 1840 origi-

403 1889 489 1938 nem
502 1860 730 1950 habuerunt,
751 1889 820 1938 nec
840 1889 859 1936 a
879 1889 956 1967 quo
976 1861 1034 1938 vel
1053 1860 1243 1967 aquibus;
1262 1891 1332 1939 nec
1347 1862 1415 1938 scit
1432 1862 1497 1940 ubi
1518 1862 1631 1970 ydola
1643 1861 1702 1939 vel
1714 1866 1830 1970 capita

403 1993 450 2101 de
471 1992 608 2098 quibus
627 1994 750 2100 agitur
767 1993 808 2068 in
830 1991 993 2069 articulis
1010 1993 1100 2082 sint,
1118 2021 1187 2069 nec
1204 2021 1225 2068 a
1242 2021 1319 2099 quo
1333 1994 1537 2084 custodita,
1558 2020 1628 2071 nec
1648 1995 1721 2071 scit
1741 1997 1830 2101 quid

402 2122 449 2198 sit
468 2120 639 2228 ydolum,
656 2149 725 2198 nec
745 2145 911 2226 [utquam
929 2121 1070 2198 audivit
1085 2123 1133 2199 de
1150 2122 1263 2230 ydolo
1283 2123 1340 2200 vel
1363 2120 1485 2229 ydolis
1500 2122 1664 2230 aliquem
1678 2123 1827 2202 fratrem

403 2250 458 2327 vel
473 2251 588 2329 alium
605 2250 841 2358 loquentem3
857 2280 927 2328 nec
941 2252 1058 2330 credit
1077 2253 1180 2360 quod
1195 2253 1351 2359 ydolum
1368 2253 1416 2329 sit
1431 2253 1590 2362 aliquid,
1615 2255 1682 2332 sed
1700 2256 1826 2334 nichil.

359 2483 361 2488 ,
459 2384 580 2490 Super
599 2383 679 2460 aliis
706 2411 792 2460 vero
814 2382 989 2460 omnibus
1010 2401 1046 2460 et
1065 2383 1218 2492 singulis
1245 2385 1430 2464 contentis
1452 2386 1490 2461 in
1513 2385 1623 2463 dictis
1648 2388 1826 2476 articulis,

404 2514 494 2590 dixit
508 2543 547 2592 se
564 2513 681 2591 nichil
700 2512 861 2619 amplius
875 2513 980 2590 scire.
1475 2537 1476 2540 ’

458 2779 566 2857 Anno
580 2807 657 2884 quo
676 2807 803 2886 supra,
825 2805 926 2882 nono
939 2777 1113 2854 kalendas
1126 2778 1316 2856 februarii.

458 2909 568 2988 XVII.
579 2911 708 2986 Frater
719 2909 848 2986 Petrus
864 2909 1065 2987 Servientis
1080 2908 1223 2985 ordinis
1240 2909 1329 2986 dicti
1346 2910 1493 3014 Templi
1511 2927 1549 2988 et
1561 2911 1700 2988 domus
1709 2911 1826 2989 Mansi

403 3039 490 3128 Dei,
505 3037 609 3118 testis
618 3040 765 3146 juratus
779 3038 827 3115 ad
845 3055 968 3116 sancta
979 3038 1049 3115 Dei
1065 3039 1259 3145 Evangelia
1284 3067 1396 3146 super
1414 3040 1592 3146 predictis
1610 3041 1778 3118 articulis
1794 3058 1829 3118 et

404 3197 535 3246 eorum
555 3168 724 3276 quolibet
746 3169 815 3246 sibi
838 3169 1011 3276 expositis
1031 3170 1069 3246 in
1087 3169 1244 3276 vulgari,
1262 3189 1305 3248 ut
1317 3171 1533 3278 principalis
1553 3171 1601 3249 de
1619 3201 1659 3250 se
1678 3173 1779 3279 ipso,
1795 3191 1830 3250 et

268 3353 273 3360 -
402 3317 443 3376 ut
460 3301 567 3378 testis
588 3301 634 3378 de
655 3300 749 3390 aliis,
773 3301 968 3407 diligenter
989 3315 1027 3375 et
1044 3299 1233 3406 sigillatim
1249 3301 1513 3410 interrogatus,
1531 3303 1768 3408 respondens
1783 3301 1828 3379 ad

400 3431 584 3539 primum,
607 3459 794 3510 u-xxxrx
814 3430 989 3510 articulos
1009 3429 1203 3522 inclusive,
1218 3433 1363 3540 negavit
1383 3433 1484 3540 ipsos
1504 3434 1678 3511 articulos
1689 3452 1733 3510 et
1748 3463 1831 3512 om·

402 3563 463 3638 nia
483 3579 520 3638 et
538 3563 682 3670 singula
701 3579 875 3640 contenta
890 3562 930 3639 in
946 3563 1016 3652 eis,
1039 3579 1193 3670 excepto
1205 3565 1311 3670 quod
1327 3563 1446 3643 credit
1462 3582 1499 3640 ct
1513 3563 1650 3642 fatetur
1663 3565 1768 3671 quod
1782 3581 1828 3642 eo

401 3710 572 3800 tempore
584 3722 661 3800 quo
677 3695 756 3801 ipse
773 3711 810 3770 et
825 3693 885 3769 alii
906 3692 1036 3770 fratres
1052 3695 1285 3800 recipiuntur
1301 3695 1348 3772 ad
1368 3695 1512 3772 dictum
1528 3695 1722 3782 ordinem,
1740 3695 1829 3772 reci·

401 3823 507 3928 piens
527 3839 724 3931 preceptor
737 3824 796 3901 vel
808 3831 993 3932 magister,
1009 3843 1093 3931 post
1109 3826 1369 3931 reccpcionem
1390 3853 1523 3904 eorum
1545 3841 1583 3904 et
1603 3844 1688 3931 post
1708 3827 1829 3931 impo-

402 3955 507 4032 sitam
530 3953 728 4033 clamidem
749 3956 788 4031 in
809 3956 912 4032 collis
932 3983 1080 4042 eorum,
1105 3956 1292 4034 osculatur
1312 3956 1413 4060 ipsos
1434 3956 1566 4036 fratres
1585 3957 1638 4033 sic
1656 3974 1828 4054 receptos

342 4092 345 4103 “
402 4085 440 4160 in
456 4113 520 4161 ore
533 4101 695 4174 tantum,
713 4083 913 4190 insignum
928 4081 1088 4158 fraterne
1110 4080 1320 4158 dilectionis
1335 4098 1373 4157 et
1386 4081 1557 4158 caritatis.

457 4217 551 4290 Item
571 4213 708 4290 latetur
733 4213 849 4290 moris
879 4240 958 4288 esse
979 4230 1017 4288 et
1037 4211 1319 4288 consuetudinis
1342 4211 1433 4288 dicti
1455 4211 1598 4288 ordinis
1616 4211 1721 4317 quod
1739 4212 1827 4317 quia

400 4345 454 4422 illi
468 4343 533 4450 qui
549 4344 589 4420 in
605 4343 734 4420 fratres
752 4344 831 4450 ejus
849 4343 1081 4450 recipiuntur
1101 4341 1240 4422 habent
1258 4341 1374 4448 recipi
1395 4359 1434 4419 et
1447 4341 1594 4420 admitti
1618 4341 1665 4418 ad
1684 4341 1827 4420 dictum

401 4475 589 4563 ordinem,
611 4476 652 4551 in
671 4474 858 4581 capitulis,
880 4474 1113 4582 recipiuntur
1133 4473 1265 4550 clausis
1280 4472 1409 4579 januis
1429 4472 1585 4551 ecclesie
1606 4472 1663 4549 vel
1686 4471 1828 4579 capelle

401 4608 538 4686 domus
556 4607 595 4683 in
620 4635 694 4713 qua
712 4607 954 4714 recipiuntur,
978 4633 1024 4682 ne
1046 4633 1089 4681 ea
1113 4634 1186 4711 quc
1205 4621 1365 4712 agimtur
1382 4605 1421 4680 in
1444 4603 1604 4710 capitulo
1626 4620 1715 4680 nota
1739 4601 1829 4679 fiant

402 4739 482 4818 aliis
499 4766 613 4845 quam
630 4737 804 4815 fratribus
818 4737 882 4844 qui
898 4735 1087 4814 affuerunt
1105 4737 1143 4812 in
1161 4734 1246 4813 illis.

459 4873 551 4948 Item
580 4869 673 4947 dixit
704 4897 744 4947 se
773 4870 925 4947 credere
947 4896 1040 4974 pure
1071 4885 1109 4945 et
1132 4866 1352 4974 simpliciter
1377 4867 1503 4944 omnia
1530 4884 1566 4943 et
1591 4865 1736 4973 singola
1760 4865 1828 4942 Dei
