4242 5890
700 532 1342 628 rrocnsnnsrnuramns.
1571 493 1577 504 ⁵
1660 565 1735 636 315

312 692 424 770 frater
433 690 522 768 dicti
533 689 675 770 ordinis
686 710 837 770 vocatus
846 693 1148 774 fraterchricus
1161 695 1373 803 Flamingus
1389 697 1630 779 condixerant
1640 700 1737 780 inter

311 851 350 902 se
377 822 482 929 quod
500 823 599 900 irent
617 824 665 899 ad
683 823 812 902 sedem
833 825 1069 932 apostolicam
1093 828 1142 904 ad
1161 828 1436 935 impetrandum
1456 830 1735 912 absolucionem

311 982 416 1032 suam
437 970 473 1030 et
491 952 683 1031 licenciam
697 955 915 1033 transeundi
931 955 978 1033 ad
997 956 1107 1034 aliam
1127 957 1361 1065 religionem.
1379 961 1591 1068 Requisitus
1606 980 1735 1040 utrum

310 1085 361 1173 vi,
378 1084 436 1161 vel
450 1098 554 1162 metu
573 1101 847 1163 tormentcrum
869 1087 927 1164 vel
945 1089 1116 1177 carceris·
1137 1107 1201 1168 aut
1219 1090 1341 1198 aliqua
1361 1091 1431 1168 alia
1455 1121 1579 1181 causa,
1603 1094 1641 1170 in
1668 1122 1734 1170 sua

311 1215 550 1324 deposicione
567 1216 658 1293 dixit
676 1215 892 1308 salsitatem,
915 1218 1007 1297 dixit
1023 1249 1092 1327 per
1105 1221 1363 1329 juramentum
1378 1251 1487 1300 snum
1509 1223 1614 1329 quod
1637 1251 1732 1312 non;

311 1350 426 1424 immo
441 1377 573 1455 puram
595 1366 632 1426 et
646 1377 787 1428 meram
802 1350 943 1428 dixerat
957 1352 1160 1429 veritatem.

364 1609 457 1684 ltem
483 1607 597 1686 frater
624 1611 815 1688 lohannes
836 1611 882 1690 de
902 1614 1032 1690 Turno
1055 1612 1308 1690 thesaurarius
1332 1611 1481 1717 Templi
1500 1613 1731 1700 Parisiensis‚

309 1739 413 1816 etatis
425 1739 690 1846 quinquaginta
709 1741 876 1848 quinque
895 1769 1080 1820 annornm
1102 1743 1159 1821 vel
1179 1745 1290 1832 circa,
1305 1743 1450 1848 juratus
1463 1743 1597 1820 codem
1617 1744 1732 1819 modo

308 1867 355 1945 de
364 1897 403 1946 se
415 1884 452 1945 et
462 1868 543 1946 aliis
557 1869 595 1944 in
611 1898 718 1946 causa
733 1869 823 1947 fidei
835 1870 959 1949 dicere
970 1873 1180 1962 veritatem,
1195 1889 1232 1950 et
1242 1874 1491 1976 interrogatus
1505 1872 1551 1948 de
1562 1887 1731 1977 tempore

309 2014 347 2075 et
360 1997 475 2075 modo
490 1997 721 2105 recepciouis
735 2027 801 2076 sue
811 2059 819 2088 ,
830 1997 923 2076 dixit
934 2029 1003 2108 per
1009 2003 1269 2108 juramentum
1284 2029 1396 2078 suum
1405 2001 1510 2107 qnod
1520 2001 1599 2106 ipse
1619 2000 1733 2078 fuerit

307 2145 479 2234 receptus
493 2129 532 2205 in
546 2129 660 2207 domo
675 2129 723 2206 de
737 2129 836 2208 Malo
856 2131 1036 2235 Repastu,
1054 2159 1123 2237 per
1135 2130 1288 2208 fratrem
1301 2131 1511 2208 Johannem
1536 2129 1584 2208 de
1602 2131 1731 2208 Turno

307 2259 609 2364 predecessorem
627 2285 738 2334 sunm
757 2259 1029 2338 thesaurarium
1049 2260 1198 2366 Templi
1214 2260 1429 2336 Parisiensis
1443 2259 1732 2366 quondam‚tri-

307 2389 408 2494 ginta
432 2389 510 2466 duo
534 2389 621 2466 anni
646 2407 734 2467 sunt
757 2389 871 2500 elapsi
894 2391 953 2468 vel
977 2392 1088 2480 circa,
1115 2408 1287 2498 presente
1313 2388 1423 2467 fratre
1450 2389 1655 2502 Guillelmo
1683 2390 1731 2466 de

308 2520 439 2625 Forgia
464 2536 502 2597 et
522 2518 746 2626 quibusdam
766 2517 848 2596 aliis
873 2518 920 2596 de
945 2547 1108 2627 quornm
1129 2519 1346 2598 nominibus
1369 2543 1445 2595 non
1465 2518 1609 2596 recolit.
1630 2518 1732 2595 Dixit

308 2651 423 2726 eciam
438 2677 507 2754 par
520 2620 777 2756 juramentum
789 2677 905 2726 suum
924 2649 1047 2756 quod,
1063 2667 1149 2755 post
1162 2647 1299 2726 multas
1311 2648 1582 2753 promissiones
1597 2647 1644 2724 de
1660 2665 1732 2724 sta-

306 2779 397 2856 tutis
417 2796 455 2855 et
474 2779 623 2856 secretis
637 2778 726 2857 dicti
740 2777 882 2856 ordinis
895 2780 1133 2858 observandis
1147 2779 1274 2870 lactas,
1292 2778 1414 2855 dictus
1428 2778 1612 2883 recipiens
1626 2778 1732 2854 duxit

308 2908 430 3015 ipsum
450 2925 551 2986 retro
567 2907 696 2998 altare,
716 2924 755 2984 et
773 2909 935 2986 ostendit
953 2909 1026 2988 sibi
1046 2936 1194 2986 crucem
1215 2907 1416 3015 quamdam
1435 2907 1474 2983 in
1489 2935 1563 3014 qua
1579 2923 1656 2984 erat
1671 2907 1733 2984 de·

307 3040 402 3144 picta
421 3066 552 3145 ymago
569 3037 685 3133 Jhesu
704 3037 843 3116 Christi
859 3038 1040 3128 crucifixi,
1057 3057 1094 3116 et
1111 3039 1225 3145 peciit
1238 3054 1366 3115 utrum
1383 3035 1554 3114 crederet
1568 3037 1607 3112 in
1624 3035 1732 3114 illum

220 3209 224 3214 ·
308 3169 414 3274 cujus
438 3183 516 3244 erat
540 3168 664 3274 imago
687 3169 784 3272 picta
809 3167 880 3261 ibi,
907 3169 973 3276 qui
1000 3169 1195 3274 respondit
1220 3167 1325 3274 quod
1348 3167 1417 3256 sic;
1447 3183 1482 3242 et
1507 3183 1653 3273 postca,
1683 3166 1729 3240 de

307 3297 482 3374 mandato
503 3295 590 3375 dicti
607 3297 837 3404 recipientis,
850 3298 1043 3405 abnegavit
1059 3297 1214 3376 Jhesnm
1229 3296 1421 3377 Christum
1436 3294 1553 3372 semel
1565 3312 1727 3384 notun,

308 3443 345 3502 et
356 3427 457 3532 spuit
469 3455 580 3532 supra
591 3455 739 3504 crucem
755 3427 883 3505 semel.
899 3428 1000 3507 Dixit
1016 3428 1134 3506 eciam
1148 3455 1219 3531 per
1232 3429 1490 3534 juramentum
1503 3451 1614 3502 suum
1627 3425 1730 3530 quod

308 3557 408 3632 idem
421 3557 604 3663 recipiens
619 3557 795 3636 eumdem
810 3574 1004 3664 receptum
1020 3557 1206 3636 osculatus
1221 3555 1293 3632 fuit
1309 3573 1394 3660 post
1406 3552 1571 3660 predicta
1584 3573 1654 3640 ter,
1664 3556 1726 3630 sci-

306 3685 411 3763 licet:
425 3687 549 3790 primo
564 3688 603 3764 in
615 3687 690 3766 fine
711 3689 816 3794 spine
827 3688 945 3777 dorsi,
962 3687 1130 3765 secundo
1142 3687 1182 3762 in
1196 3683 1389 3774 umbilico,
1408 3701 1446 3762 et
1456 3685 1573 3761 tercio
1590 3685 1629 3761 in
1646 3711 1722 3760 ore.

306 3817 518 3922 Requisitus
536 3817 684 3895 devoto
705 3819 877 3896 castitatis
895 3817 989 3924 quid
1006 3817 1079 3894 fuit
1098 3815 1169 3894 sibi
1191 3816 1417 3922 injunctum,
1437 3813 1529 3892 dixit
1547 3841 1615 3920 per
1624 3814 1729 3920 jura·
1781 3855 1785 3862 ·

306 3962 477 4022 mentum
487 3975 596 4024 suum
607 3947 710 4052 quod
720 3946 923 4024 inhibitum
934 3946 1126 4024 sueritsibi
1140 3973 1187 4022 ne
1199 3961 1438 4050 cognosceret
1455 3943 1646 4032 missores,
1662 3943 1729 4020 scd

307 4075 337 4151 si
353 4076 485 4182 aliquis
498 4077 598 4154 calor
606 4073 781 4154 naturalis
793 4093 960 4155 moveret
970 4105 1074 4168 enm,
1091 4093 1235 4182 potarat
1246 4103 1285 4152 se
1302 4076 1543 4152 commiscere
1560 4101 1645 4150 cum
1657 4073 1729 4148 lra-

305 4204 517 4295 trihnssuis‚
528 4205 1017 4313 ethocsimiliterpaterotur
1026 4205 1073 4284 de
1083 4205 1154 4296 eis;
1165 4204 1258 4283 dixit
1267 4221 1392 4282 tamen
1399 4205 1728 4312 perjuramentum

307 4361 416 4411 suum
424 4335 528 4441 quod
538 4361 730 4442 nunquam
741 4337 843 4425 lecit,
859 4334 1272 4443 necviditaliquemqui
1282 4333 1430 4412 faceret.
1440 4334 1655 4441 Requisitus
1663 4361 1730 4438 per

302 4464 556 4570 juramentum
577 4494 688 4544 suum
709 4484 837 4560 utrum
856 4465 941 4544 illos
960 4465 1092 4544 fratres
1106 4491 1201 4572 qnos
1217 4465 1358 4572 recepit
1377 4465 1491 4548 modu
1503 4491 1579 4569 quo
1592 4463 1664 4540 fnit
1676 4491 1730 4540 re·

308 4612 435 4701 ceptus
444 4597 642 4704 receperit,
656 4596 750 4673 dixit
758 4593 943 4702 quod'sic.
957 4593 1174 4702 Requis'itus
1191 4595 1239 4672 de
1255 4594 1373 4702 capite
1383 4593 1515 4701 dequo
1528 4593 1571 4670 lit
1581 4594 1728 4671 mencio

308 4713 432 4831 supra,
451 4727 543 4804 dixit
559 4733 627 4833 pel
639 4722 897 4835 juramentum
914 4755 1023 4806 suum
1036 4727 1140 4834 quod
1154 4725 1247 4802 vidit
1266 4725 1381 4803 semel
1400 4723 1592 4832 quoddam
1608 4721 1728 4829 capud

308 4855 498 4962 depictum
514 4859 552 4935 in
562 4857 723 4966 quadam
736 4858 987 4986 asseretquod
1003 4859 1081 4964 ipse
1093 4855 1258 4937 adoravit
1272 4857 1311 4932 in
1324 4854 1488 4962 quodam
1498 4851 1678 4957 capitulo,
1691 4869 1729 4928 st

1507 5003 1557 5068 lto.
