4210 5882
668 523 864 618 rnocns
892 541 988 616 nas
1014 543 1315 620 rnuemsas.
1622 547 1695 624 aas

272 686 428 778 bruerii,
442 711 540 762 anno
550 709 627 790 quo
640 711 766 790 supra,
782 683 1035 791 peremptorie
1052 684 1200 764 duobus
1215 684 1389 764 fratribus
1401 687 1697 768 Predicatcribus

274 837 310 895 et
331 818 480 897 duobus
496 814 673 893 fratribus
696 815 905 894 Minoribus
937 833 1188 894 conventuum
1217 816 1303 894 ville
1331 816 1543 922 Perpiniani
1571 837 1697 899 nostre

273 948 441 1026 Eluensis
456 945 631 1033 diocesis,
652 972 722 1052 per
739 962 882 1024 nostras
899 944 1038 1024 litteras
1055 947 1208 1024 subhac
1226 947 1345 1024 sorma
1362 980 1370 1024 :

329 1077 572 1186 Raymundus
605 1077 848 1154 miseracione
887 1075 1010 1156 divina
1052 1077 1223 1156 Elncnsis
1261 1078 1473 1186 episcopus,
1515 1079 1698 1187 religiosis

272 1209 359 1286 viris
376 1209 492 1315 priori
511 1207 792 1286 Predicatorum
815 1223 853 1284 et
870 1206 1046 1314 gurdiano
1066 1207 1223 1286 fratrum
1248 1208 1438 1288 Minorum
1464 1207 1548 1287 ville
1571 1209 1699 1318 Perpi·

273 1340 390 1428 niani,
408 1340 567 1416 salutem
579 1339 619 1415 in
635 1339 801 1417 Domino
816 1336 949 1424 lhesu,
969 1367 1055 1415 cum
1071 1355 1270 1447 augmento
1286 1337 1409 1416 divine
1421 1339 1542 1446 gracie
1552 1357 1699 1419 etamo-

272 1471 333 1548 ris.
351 1471 447 1549 Cum
456 1471 559 1578 justa
574 1469 855 1547 ordinacionem
868 1469 1085 1547 sanctissimi
1097 1471 1211 1575 patris
1221 1486 1259 1546 et
1268 1467 1410 1546 domini
1426 1471 1543 1548 nostri
1554 1471 1697 1549 domini

272 1601 476 1679 Clementis
496 1629 591 1707 pape
612 1601 751 1708 quinti,
773 1617 1003 1678 sacrosancte
1027 1603 1194 1679 Romane
1225 1631 1268 1678 ac
1292 1601 1509 1680 universalis
1537 1603 1698 1680 Ecclesie

273 1733 409 1810 summi
431 1731 634 1837 pontificis,
656 1730 876 1810 litteratorie
895 1729 1006 1808 nobis
1019 1731 1187 1821 missam
1208 1731 1358 1810 duobus
1371 1733 1559 1812 canonicis
1573 1752 1697 1811 nostre

273 1863 444 1942 Elnensis
469 1861 644 1952 ecclesie,
660 1861 810 1939 duobus
828 1861 1132 1941 Predicstoribus
1154 1881 1191 1941 et
1212 1861 1363 1942 duobus
1382 1861 1557 1942 iratribus
1576 1865 1700 1943 Mino·

273 1993 378 2070 ribus
404 1992 606 2080 accercitis,
630 2007 757 2070 contra
784 1989 1019 2096 Templarios
1049 2008 1176 2070 nostre
1206 1991 1378 2070 Elaensis
1406 1991 1564 2070 diocesis
1588 2021 1701 2100 super

274 2122 438 2200 articulis
459 2122 497 2200 in
516 2121 625 2198 dictis
641 2120 775 2198 litteris
792 2120 1072 2226 comprehensis
1086 2122 1277 2227 inquirere
1293 2121 1546 2211 intendamus,
1563 2151 1628 2200 vos
1641 2152 1699 2198 re-

274 2253 475 2358 quirimus,
506 2269 544 2327 et
568 2249 837 2328 nichilominus
867 2251 1084 2328 auctoritate
1111 2249 1313 2356 apostolica
1337 2251 1443 2328 vobis
1470 2251 1631 2330 dicimus
1663 2271 1700 2330 et

273 2383 493 2459 mandamus
515 2381 693 2488 quatinus
713 2395 875 2457 vestrum
895 2378 1056 2486 quilibet
1072 2407 1160 2458 cum
1179 2408 1257 2459 uno
1280 2380 1390 2458 fratre
1407 2383 1518 2458 vestri
1539 2367 1697 2472 ordinis,

273 2513 353 2590 viro
369 2512 498 2618 utique
513 2511 670 2616 provido
691 2528 728 2586 et
743 2511 782 2586 in
796 2507 934 2586 talibus
947 2510 1231 2614 circumspecto,
1253 2510 1314 2587 die
1330 2511 1504 2588 mercurii
1518 2513 1697 2617 proxima,

275 2643 322 2718 ad
334 2659 492 2720 castrum
505 2641 552 2718 de
565 2639 776 2727 Trullariis,
789 2665 899 2716 mane
912 2655 997 2754 ante
1008 2639 1177 2728 terciam,
1190 2639 1239 2716 ad
1248 2667 1317 2718 nos
1327 2641 1572 2746 personaliter
1583 2644 1702 2720 venia-

275 2773 339 2862 tis,
356 2773 394 2848 in
408 2771 584 2878 predictis
606 2769 804 2847 nobiscum
822 2767 971 2857 facturi,
988 2770 1093 2876 juxta
1108 2769 1179 2847 Dei
1189 2768 1467 2876 beneplacitum
1480 2789 1515 2849 et
1527 2773 1700 2852 traditam

275 2903 406 2980 adicto
427 2901 580 2979 domino
601 2917 730 2978 nostro
750 2925 900 2978 summo
920 2897 1096 3004 pontifice
1116 2899 1225 2978 nobis
1244 2899 1420 2992 formarn,
1439 2901 1543 3008 quod
1551 2903 1700 3009 justicia

274 3033 459 3110 suadebit.
471 3032 639 3108 lntencio
655 3030 757 3106 enim
774 3045 900 3107 nostra
914 3045 970 3106 est
987 3047 1207 3135 preceptum
1222 3029 1468 3137 apostolicum
1482 3032 1699 3110 litteratorie

275 3163 384 3242 nohis
396 3221 516 3239 .....
540 3163 678 3241 Datum
698 3159 869 3238 vicesima
881 3219 1002 3234 .....
1034 3160 1280 3268 [artantibusl]
1297 3163 1460 3267 providis
1476 3180 1515 3241 et
1533 3164 1701 3242 discretis

276 3293 421 3400 [duobus
448 3289 662 3396 canonicisll
690 3289 861 3368 Elnensis
888 3287 1062 3380 ecclesie,
1095 3289 1268 3371 videlicet
1295 3293 1500 3372 Benedicto
1532 3296 1701 3401 Hugonis
1761 3305 1766 3313 '

275 3422 537 3500 archidiacono
559 3420 701 3527 [mojori
720 3419 797 3526 etl]
821 3419 1042 3525 Raymundo
1066 3418 1260 3498 Guillelmi
1281 3422 1429 3498 sacrista
1450 3423 1634 3530 ejusdem.
1656 3427 1701 3501 Et

275 3553 399 3629 locum
418 3553 518 3657 apud
538 3567 699 3628 castrum
712 3551 759 3626 de
781 3549 975 3628 Trullariis
996 3549 1165 3657 ejusdem
1188 3551 1357 3630 Elnensis
1378 3552 1530 3630 ecclesie
1547 3555 1701 3661 propin-

275 3709 395 3787 quum
410 3678 581 3786 [domuit]
595 3681 715 3760 Mansi
735 3681 806 3760 Dei
825 3679 930 3786 quod
949 3697 1007 3758 est
1026 3680 1164 3758 milicie
1180 3680 1329 3787 Templi
1344 3681 1430 3770 Dei,
1448 3679 1575 3788 inqua
1590 3684 1701 3762 Tem-

275 3811 380 3917 plarii
405 3812 497 3891 olim
521 3811 699 3919 degentes
722 3812 762 3888 in
783 3811 938 3890 diversis
966 3810 1058 3888 locis
1084 3808 1178 3887 inlra
1199 3827 1363 3890 nostram
1385 3811 1580 3902 diocesim,
1597 3813 1701 3920 juxta

278 3941 535 4048 [mandatuml]
556 3943 714 4047 predicti
735 3940 879 4019 domini
899 3942 1016 4020 nostri
1032 3942 1170 4020 summi
1187 3940 1391 4049 pontilicis,
1410 3941 1481 4020 sub
1496 3941 1701 4022 fidacusto»

278 4072 338 4150 dia
359 4072 586 4149 detinentur.

333 4333 480 4427 Quibus
500 4333 562 4410 die
583 4333 759 4410 mercurii
779 4349 819 4412 et
836 4332 938 4422 loco,
961 4333 1132 4412 videlicet
1154 4334 1327 4442 [castini]
1348 4336 1517 4443 predicto
1532 4335 1579 4412 de
1594 4337 1703 4414 Trul-

276 4463 392 4551 lanis,
405 4491 474 4540 nos
486 4461 651 4570 prelatus
663 4463 838 4540 Elnensis
848 4465 1044 4570 episcopus
1060 4465 1225 4542 volentes
1238 4465 1429 4573 inquirere
1440 4495 1526 4544 curn
1533 4467 1703 4573 Templa·

277 4594 341 4670 riis
350 4593 529 4697 predictis
539 4623 652 4699 super
666 4593 832 4700 [articulis
844 4593 915 4701 int]
932 4594 1109 4702 predictis
1121 4595 1255 4674 litteris
1270 4595 1563 4704 comprehensis,
1575 4623 1702 4702 perso·

277 4723 409 4803 naliter
420 4723 631 4814 constituti,
644 4725 833 4804 accercitis
846 4743 883 4803 et
894 4725 1097 4804 astantibus
1110 4725 1219 4804 nobis
1230 4727 1338 4806 dictis
1352 4725 1504 4808 duobus
1516 4726 1702 4806 canonicis

278 4872 315 4930 et
336 4853 485 4960 du[obus
493 4857 665 4960 fratribus
684 4854 1012 4962 Prodicahoribus,
1034 4854 1207 4936 videlicet
1219 4856 1331 4938 fratre
1350 4856 1542 4938 Bernardo
1557 4855 1700 4936 Marchi

384 5011 490 5070 raoc‘ss
506 5030 559 5071 nas
574 5029 748 5074 renarrans.
764 5045 806 5058 -
822 5033 855 5072 u.
1491 5011 1532 5079 54
