4210 5882
707 533 1026 626 enocesons
1056 551 1356 625 Tunrcrnns.
1539 539 1545 546 “
1671 551 1745 626 trs

374 698 629 802 Interrogatus
644 711 772 772 utrum
787 695 839 786 vi,
856 693 914 770 vel
929 710 1034 770 metu
1050 693 1206 800 carceris
1217 711 1587 784 scutormentorum,
1604 712 1667 770 sut
1677 693 1746 770 alie

317 827 364 903 de
391 854 514 914 causa,
540 823 704 932 aliquam
717 824 853 902 dixerit
874 823 1073 902 salsitatem
1094 840 1158 900 aut
1178 824 1424 902 immiscuerit
1443 825 1483 900 in
1507 822 1745 930 deposicione

316 986 403 1047 sue,
427 956 520 1034 dixit
537 985 606 1062 per
614 957 874 1064 juramentum
893 983 1005 1033 suum
1021 953 1126 1062 quod
1140 983 1238 1046 non;
1260 956 1378 1033 immo
1393 983 1524 1060 puram
1546 972 1583 1032 et
1604 983 1745 1031 meram

316 1090 457 1166 dixerat
480 1088 686 1166 veritatem.

372 1356 465 1430 item
485 1353 598 1428 frater
613 1349 740 1429 Guido
761 1350 809 1427 de
821 1353 850 1426 F
852 1351 1001 1428 erroriis
1023 1349 1206 1457 presbiter
1220 1350 1310 1428 dicti
1331 1349 1491 1439 ordinis,
1514 1350 1621 1426 etatis
1633 1352 1746 1456 quin-

316 1485 491 1590 quaginta
519 1509 725 1570 ennorum,
757 1509 908 1560 morans
935 1480 1036 1587 apud
1060 1481 1288 1588 Ragnicourt
1316 1480 1474 1558 diocesis
1495 1481 1744 1569 Bebecensis,

310 1615 460 1719 juratus
485 1613 623 1692 eodem
644 1612 761 1690 modo
778 1613 826 1690 de
844 1641 883 1690 se
903 1629 941 1690 et
955 1611 1038 1688 aliis
1053 1613 1092 1688 iu
1109 1641 1219 1690 causa
1234 1611 1326 1690 fidei
1344 1612 1469 1690 dicere
1484 1611 1692 1699 veritatem,
1710 1631 1747 1689 et

315 1745 564 1852 interrogatus
584 1745 632 1821 de
646 1760 816 1850 tempore
833 1743 996 1822 etmodo
1012 1772 1078 1821 sue
1098 1742 1345 1849 recepcionis‚
1368 1741 1461 1818 dixit
1479 1769 1548 1847 per
1560 1743 1747 1849 juramen·

314 1893 394 1954 tum
419 1905 529 1953 suum
550 1874 655 1982 quod
674 1893 847 1980 receptus
868 1874 941 1952 suit
960 1875 1060 1980 apud
1079 1874 1322 1981 Laigneville,
1345 1874 1384 1950 in
1401 1873 1540 1978 capella
1556 1873 1655 1952 dicte
1677 1875 1746 1952 do-

317 2035 417 2094 mus,
439 2033 488 2082 xn
515 2005 605 2082 anui
633 2022 720 2083 sunt
748 2005 882 2111 elapsi,
909 2034 978 2110 per
999 2003 1152 2084 fratrem
1184 2004 1378 2082 Nicolaum
1408 2020 1666 2110 preceptorem
1699 2005 1746 2080 de

316 2137 529 2243 Latigniaco
548 2136 671 2228 Sicco,
693 2134 930 2242 presentibus
953 2134 1131 2214 fratribus
1149 2135 1355 2242 Reginaldo
1372 2152 1409 2213 et
1431 2134 1600 2212 Johanne
1626 2135 1748 2241 capel-

316 2267 411 2344 lanis
427 2267 525 2344 dicte
540 2267 687 2345 domus.
700 2267 801 2345 Dixit
814 2267 931 2344 eciem
946 2295 1014 2372 per
1026 2267 1283 2374 juramentum
1294 2294 1405 2342 suurn
1417 2265 1538 2371 quod,
1554 2284 1638 2371 post
1650 2267 1748 2342 mui-

179 2391 182 2398 ’
315 2415 371 2474 tas
390 2398 660 2505 promissiones
674 2397 720 2474 ab
742 2425 787 2474 eo
807 2395 918 2474 iactas
938 2396 985 2474 de
1006 2395 1248 2474 observandis
1268 2396 1416 2473 statutis
1434 2412 1471 2472 et
1488 2396 1640 2475 secretis
1656 2397 1746 2473 dicti

317 2529 480 2618 ordinis,
502 2529 624 2608 dictus
643 2528 828 2634 recipiens
848 2529 957 2605 traxit
979 2529 1135 2605 eumad
1157 2545 1322 2634 patrem,
1344 2526 1427 2604 aliis
1446 2526 1744 2618 remanentibus,

318 2677 354 2736 et
373 2660 536 2738 ostendit
556 2659 627 2737 sibi
648 2659 849 2767 quamdam
871 2688 1020 2736 crucem
1036 2659 1199 2766 ligneam
1215 2658 1417 2763 depictam,
1436 2674 1472 2734 et
1486 2658 1655 2763 precepit
1673 2658 1745 2736 sibi

316 2792 422 2898 quod
438 2793 640 2900 abnegaret
663 2791 773 2869 illum
803 2792 868 2898 qui
889 2817 1019 2896 passus
1040 2789 1163 2868 fuerat
1187 2790 1226 2866 in
1251 2818 1381 2876 cruce,
1404 2806 1441 2866 et
1460 2807 1612 2895 spueret
1631 2819 1746 2896 supra

317 2951 483 3014 crucem,
507 2940 545 3000 et
563 2923 642 3027 ipse
661 2939 752 2998 tunc
772 2921 908 2998 invitus
928 2921 1074 3027 negavit
1098 2937 1157 2996 ter
1176 2937 1214 2996 et
1230 2919 1333 3025 spuit
1349 2935 1421 3009 ter,
1444 2947 1554 3026 supra
1577 2949 1744 3010 crucem,

317 3081 382 3130 ore
403 3071 439 3130 et
452 3079 530 3132 non
550 3053 675 3130 corde.
697 3052 799 3128 Dixit
819 3053 936 3129 eciam
957 3080 1025 3157 per
1038 3052 1296 3158 juramentum
1311 3079 1423 3126 suum
1439 3049 1543 3157 quod
1558 3051 1747 3130 osculatus

316 3184 389 3262 fuit
408 3184 551 3262 dictum
572 3183 816 3290 recipientem
834 3183 872 3259 in
887 3211 952 3259 ore
971 3183 1060 3258 etin
1074 3181 1274 3270 umbilico,
1295 3199 1332 3258 et
1350 3181 1518 3287 precepit
1537 3180 1609 3258 sibi
1625 3181 1747 3259 dictus

316 3316 502 3419 recipiens
521 3315 627 3420 quod
648 3312 879 3394 oscrderetur
899 3341 986 3390 eum
1013 3313 1052 3388 in
1072 3310 1147 3388 fine
1169 3313 1279 3416 spine
1298 3311 1421 3402 dorsi;
1444 3311 1510 3411 sed
1533 3340 1610 3390 non
1632 3313 1748 3390 voluit

316 3448 440 3552 ipsum
461 3445 513 3522 ibi
539 3444 708 3524 osculari.
730 3443 832 3522 Dixit
849 3444 966 3520 eciam
986 3471 1054 3549 per
1068 3443 1325 3548 juramentum
1353 3469 1462 3519 suum
1493 3441 1598 3548 quod
1626 3443 1747 3519 dictus

316 3577 499 3682 recipiens
518 3577 611 3653 dixit
633 3575 704 3653 sibi
724 3575 829 3680 quod
853 3574 883 3650 si
908 3572 1009 3651 calor
1028 3572 1205 3650 naturalis
1222 3589 1391 3650 moveret
1414 3600 1518 3664 eum,
1540 3590 1685 3680 poterat
1707 3603 1746 3650 se

317 3707 559 3784 commiscere
575 3704 850 3784 cumfratribus
864 3704 1019 3782 ordinis.
1036 3703 1137 3780 Dixit
1149 3719 1274 3779 tamen
1289 3731 1357 3808 per
1361 3703 1617 3810 juramentum
1634 3731 1746 3781 suurn

317 3838 422 3942 quod
439 3863 631 3943 nimquam
650 3834 753 3924 fecit,
777 3863 847 3912 nec
867 3833 939 3911 fuit
955 3833 1171 3939 requisitus.
1190 3835 1441 3940 Interrogatus
1466 3849 1595 3910 utrum
1613 3833 1747 3910 viderit

317 3967 462 4073 aliquos
481 3966 612 4044 fratres
628 3965 760 4072 recipi,
783 3965 875 4044 dixit
890 3993 957 4071 per
972 3965 1230 4072 juramentum
1252 3992 1365 4041 suum
1392 3963 1499 4068 quod
1522 3941 1745 4042 sicfrntrem

317 4098 505 4176 Thomam
533 4098 580 4176 de
604 4097 881 4185 Ruebancourt,
903 4081 972 4203 per
1001 4093 1153 4172 fratrem
1184 4093 1395 4172 Gerardum
1419 4093 1596 4172 vicarium
1621 4123 1749 4201 prece·

318 4230 435 4334 ptoris
450 4228 585 4307 domus
602 4228 650 4304 de
665 4227 859 4316 Fontanis,
880 4227 918 4303 in
935 4227 1031 4304 dicta
1054 4227 1187 4315 domo,
1206 4243 1242 4302 et
1257 4223 1411 4303 fratrem
1429 4225 1638 4304 Johannem
1652 4227 1749 4304 Dor-

316 4359 440 4448 viller,
458 4387 526 4466 per
540 4357 779 4446 eundem,ut
799 4357 932 4446 credit,
955 4358 1047 4434 etin
1067 4357 1199 4434 eadem
1217 4357 1349 4445 domo,
1368 4373 1404 4432 et
1422 4354 1575 4434 fratrem
1594 4358 1746 4434 Petrum

320 4492 368 4568 de
390 4491 581 4578 Fontanis,
602 4517 672 4596 per
700 4487 852 4566 fratrem
875 4488 1084 4566 iohannem
1106 4487 1153 4564 de
1179 4489 1327 4574 Turum
1353 4503 1389 4564 et
1416 4486 1508 4564 dixit
1530 4487 1633 4594 quod
1652 4487 1747 4564 reci-

318 4621 463 4728 pientes
489 4620 678 4698 duxerunt
696 4619 796 4725 ipsos
811 4635 982 4722 receptos
1004 4615 1050 4693 ed
1074 4634 1235 4723 partem,
1256 4635 1292 4693 et
1320 4616 1437 4694 credit
1465 4616 1570 4724 quod
1594 4615 1748 4694 fuerunt

320 4751 454 4830 eodem
477 4751 594 4828 modo
613 4749 766 4857 recepti.
864 4817 866 4822 ,

376 4885 627 4990 Interrogatus
643 4896 771 4958 utrum
784 4878 906 4968 vi,vel
923 4895 1027 4958 metu
1039 4880 1196 4957 carceris
1209 4907 1276 4958 seu
1287 4895 1577 4966 tormentorum,
1595 4895 1658 4954 aut
1678 4877 1748 4954 elia
