4320 5898
384 517 428 586 12
768 495 965 589 raocns
991 513 1087 586 uns
1114 513 1417 586 rnunmnns.

379 655 520 763 capella
531 655 668 734 domus
677 657 827 765 Templi
841 658 889 735 de
903 655 1062 763 Rupella
1071 654 1243 748 insimul,
1260 657 1357 733 circa
1368 655 1494 734 Natale
1510 656 1681 762 proximo
1694 672 1813 762 prete·

377 785 494 864 ritum
515 786 671 865 luerunt
693 805 777 867 octo
795 788 881 866 anni
901 787 962 866 vel
982 787 1092 877 eirca,
1116 785 1249 866 fratres
1267 788 1481 865 Zachariam
1501 786 1548 864 de
1572 803 1696 864 sancta
1720 788 1812 866 Sora

377 917 649 1024 presbiterum,
674 935 712 996 et
730 917 982 997 Guillelmum
1003 918 1151 1026 Fargeti
1171 918 1392 1006 servientes,
1413 919 1510 1025 quos
1529 917 1651 995 credit
1670 917 1810 1010 vivere3

380 1077 458 1128 non
469 1050 602 1128 recolit
613 1051 660 1128 de
670 1052 909 1159 presentibus
919 1077 989 1129 nec
1001 1050 1278 1129 denominibus
1290 1050 1452 1128 aliorum
1465 1078 1561 1158 quos
1572 1050 1665 1127 vidit
1677 1049 1810 1156 recipi:

381 1180 421 1256 in
436 1191 599 1288 quorum
614 1182 901 1291 receptionibus
914 1181 1031 1260 nichil
1046 1182 1157 1272 vidit,
1174 1173 1244 1290 nec
1258 1182 1379 1274 scivit,
1396 1210 1466 1260 nec
1486 1181 1628 1259 audivit
1644 1177 1728 1258 lieri
1745 1179 1814 1258 illi·

304 1399 316 1412 „
381 1310 510 1390 citum.
532 1315 643 1406 Item,
667 1313 760 1391 dixit
773 1313 1011 1422 quodfuerat
1029 1313 1252 1422 conjugatus
1265 1313 1305 1390 in
1320 1311 1465 1402 seculo,
1488 1331 1526 1390 et
1539 1312 1646 1421 quod
1660 1328 1814 1390 steterat

380 1470 449 1550 per
464 1473 606 1522 annum
621 1461 660 1522 et
675 1445 878 1523 dimidium
894 1444 995 1523 ultra
1010 1474 1130 1535 mare,
1149 1463 1187 1523 et
1198 1445 1251 1523 ibi
1264 1444 1338 1524 fuit
1353 1445 1426 1525 sibi
1443 1443 1587 1522 dictum
1600 1471 1669 1554 per
1680 1473 1814 1554 quem-

335 1593 339 1598 “
382 1573 468 1652 dam
499 1574 654 1654 fratrem
683 1577 846 1655 militem
875 1577 1020 1655 ordinis
1043 1605 1192 1668 senem,
1223 1577 1331 1686 cujus
1359 1604 1501 1656 noman
1535 1571 1584 1654 ci·
1602 1603 1813 1684 cognomen

300 1693 304 1698 ⁵
380 1708 543 1818 ignorat,
571 1709 640 1788 sed
660 1709 811 1788 videtur
833 1708 905 1788 sibi
928 1709 1034 1817 quod
1054 1726 1152 1788 esset
1174 1708 1379 1816 Hispanus,
1404 1709 1509 1817 quod
1537 1707 1642 1786 tarde
1662 1726 1815 1787 venerat

380 1838 429 1918 ad
444 1839 620 1918 ordinem
640 1841 730 1948 quia
745 1859 825 1918 erat
845 1867 974 1930 senex,
994 1841 1062 1918 sed
1075 1839 1172 1918 sorte
1188 1841 1305 1918 cicius
1317 1857 1471 1918 venerat
1485 1869 1600 1947 quam
1622 1837 1816 1946 expediret

381 1969 469 2060 sibi,
494 1971 585 2079 quia
610 1969 732 2050 dictus
753 1971 863 2050 miles
883 2000 961 2050 non
980 1971 1174 2059 credebat,
1196 1988 1240 2049 ut
1265 1970 1357 2052 dixit
1375 1971 1447 2077 ipsi
1466 1970 1570 2061 testi,
1593 1971 1699 2079 quod
1718 1972 1813 2051 ordo

383 2129 516 2181 eorum
541 2102 608 2181 diu
624 2104 761 2181 durare
783 2119 911 2210 posset
933 2120 1089 2210 propter
1108 2101 1324 2211 superbiam
1344 2131 1496 2194 eorum,
1520 2119 1559 2180 et
1579 2102 1668 2210 quia
1687 2103 1815 2211 acqui-

380 2232 515 2312 rebant
540 2232 641 2312 dicto
664 2235 790 2312 ordini
812 2233 1117 2342 quibuscumque
1144 2232 1267 2312 modis
1289 2250 1478 2342 poterant,
1507 2251 1546 2312 et
1571 2251 1678 2313 erant
1700 2235 1814 2312 nimis

380 2363 507 2472 cupidi
536 2379 575 2441 et
603 2363 813 2454 ambitiosi,
846 2392 917 2442 neo
942 2363 1192 2442 intendebant
1218 2364 1266 2442 ad
1294 2364 1435 2444 lactum
1465 2393 1657 2442 armorum
1685 2382 1814 2443 contra

380 2483 556 2573 infideles
583 2496 681 2573 sicut
707 2495 949 2590 debuissent3
979 2513 1017 2573 et
1038 2497 1110 2574 hoc
1139 2494 1212 2574 fuit
1239 2496 1384 2574 dictum
1410 2497 1483 2605 ipsi
1512 2498 1599 2576 testi
1624 2496 1814 2605 inprime

381 2653 480 2706 anno
497 2625 729 2733 recepcionis
752 2655 831 2706 sue.
861 2629 976 2715 Item,
1002 2626 1096 2705 dixit
1117 2627 1223 2736 quod
1241 2626 1340 2704 bene
1359 2625 1538 2706 credebat
1558 2627 1815 2708 ecclesiasticis

244 2807 252 2816 -
381 2759 639 2849 sacramentis,
660 2775 699 2836 et
710 2757 830 2837 credit
842 2757 947 2865 quod
962 2755 1025 2838 alii
1037 2758 1170 2838 fratres
1184 2757 1283 2838 bene
1297 2758 1497 2838 crederent
1509 2777 1547 2838 et
1560 2761 1666 2868 quod
1680 2790 1812 2841 eorum

381 2890 594 2970 sacerdotes
614 2890 742 2968 debite
763 2889 1007 2968 celebrarent.
1027 2891 1218 2969 durabant
1237 2891 1413 2970 ordinem
1423 2921 1516 2988 ,non
1539 2892 1652 2970 exire.
1677 2891 1812 2972 Statim

381 3051 450 3130 pro
471 3021 655 3130 professis·
668 3020 917 3100 habebantur.
943 3021 1186 3100 Clandestine
1205 3021 1497 3129 recipiebantur,
1522 3023 1637 3102 nullis
1660 3053 1812 3131 presen·

381 3153 484 3232 tibus
505 3153 578 3231 nisi
592 3153 771 3256 ¹fratribus
786 3153 945 3244 ordinis,
970 3183 1013 3231 ex
1029 3181 1107 3262 quo
1126 3154 1246 3232 credit
1264 3154 1370 3262 quod
1387 3172 1486 3234 esset
1504 3155 1669 3263 suspicio
1685 3173 1813 3236 contra

383 3314 458 3365 eos.
482 3287 565 3365 Non
585 3285 707 3366 credit
728 3285 834 3394 quod
858 3276 1014 3363 cordule
1042 3285 1181 3392 quibus
1203 3285 1450 3394 cingebantur
1474 3303 1673 3395 tangerent
1694 3289 1814 3394 capita

381 3418 603 3526 ydolorum,
626 3446 696 3496 nec
710 3418 817 3525 quod
833 3416 1019 3494 baberent
1037 3446 1108 3496 nec
1125 3418 1325 3498 adorarent
1340 3417 1465 3526 ydola.
1486 3416 1638 3525 Absque
1656 3418 1810 3498 licencia

382 3557 461 3630 no'n
481 3567 656 3658 poterant
675 3550 747 3628 nisi
772 3549 1030 3628 sacerdotibus
1049 3528 1192 3630 ordinis
1216 3549 1399 3631 confiteri.
1420 3550 1656 3629 Elemosinas
1682 3567 1720 3628 et
1744 3551 1814 3630 bo-

381 3681 624 3791 spitalitatem
649 3679 853 3772 faciebant,
887 3681 1004 3789 aliqui
1029 3681 1187 3791 largius,
1214 3682 1331 3791 aliqui
1357 3682 1533 3760 strictius.
1558 3681 1815 3788 Acquirebant

381 3814 501 3893 multa
514 3814 661 3903 illicita,
677 3843 755 3892 non
771 3832 900 3892 tamen
915 3814 989 3892 boc
1005 3815 1060 3891 eis
1075 3815 1364 3922 precipiebatur.
1385 3812 1573 3921 Capitulis
1586 3811 1814 3894 tenebantur

381 3945 490 4026 valde
507 3945 728 4053 tempestive
754 3963 792 4024 et
811 3945 1014 4054 aliquando
1031 3945 1078 4024 de
1098 3965 1226 4038 nocte,
1254 3946 1370 4026 nullis
1392 3945 1633 4056 presentibus
1652 3944 1723 4022 nisi
1742 3945 1815 4024 fra-

380 4078 504 4156 tribus
526 4077 688 4170 ordinis,
711 4076 893 4185 deputato
914 4105 992 4156 uno
1019 4077 1067 4155 ad
1087 4078 1295 4157 custodiam
1317 4095 1442 4187 porta,
1464 4107 1512 4156 ne
1530 4077 1693 4157 exterius
1708 4079 1815 4156 audi-

381 4215 515 4289 rentur
528 4237 572 4288 ea
591 4238 665 4317 que
686 4208 911 4288 dicebantur
930 4210 1099 4289 interius.
1122 4211 1237 4306 Quod
1255 4240 1414 4320 magnus
1432 4207 1609 4318 Magister
1627 4210 1815 4288 statuebat

383 4370 471 4420 cum
487 4357 675 4420 conventu
688 4341 903 4420 servabatur
918 4344 958 4421 in
974 4342 1126 4433 ordine,
1145 4356 1274 4421 contra
1285 4349 1404 4452 ¹quem
1422 4371 1526 4460 nupc
1539 4341 1696 4451 grandia
1710 4369 1815 4420 scan-

383 4472 483 4562 dala,
497 4473 660 4582 suspicio
673 4491 711 4552 et
719 4472 872 4552 infamia
888 4491 976 4553 sunt
988 4492 1125 4554 exorta.
1139 4474 1293 4555 Audivit
1308 4476 1382 4554 dici
1399 4502 1580 4584 magnum
1591 4473 1812 4580 Magistrum

381 4613 421 4682 'et
436 4605 529 4683 alios
542 4605 689 4713 aliquos
702 4633 864 4700 errores,
879 4607 999 4684 nescit
1013 4635 1125 4714 quos,
1143 4605 1333 4686 confessos
1344 4605 1459 4687 fuisse
1475 4622 1605 4684 contra
1618 4604 1809 4694 ordinem,

383 4736 431 4816 ad
451 4737 559 4846 cujus
578 4736 854 4816 deffensionem
876 4765 915 4814 se
936 4765 1014 4816 non
1035 4737 1237 4817 obtulerat.

440 4856 657 4976 Requisitus
689 4869 720 4950 si
752 4867 805 4948 sic
832 4867 1057 4976 deposuerat
1084 4873 1211 4978 prece,
1247 4889 1442 4980 precepto,
1476 4871 1633 4959 timore,
1664 4895 1809 4956 amore,
