4202 5876
413 556 484 633 nso
795 533 989 626 rnoons
1016 547 1110 622 uns
1136 543 1439 618 rnnemnns.

408 717 530 808 gatus,
544 695 776 802 respondens
785 693 929 802 negavit
941 693 1064 770 omnia
1081 705 1117 765 et
1129 687 1275 793 singula
1287 701 1462 764 contenta
1478 683 1518 758 in
1533 681 1643 758 dictis
1658 681 1837 771 articulis,

409 829 549 906 addens
569 827 671 934 quod
692 841 835 932 peccata
858 852 921 900 sua
940 837 1094 927 possunt
1113 816 1281 895 confiteri
1302 815 1514 924 presbitero
1533 812 1727 919 capellano
1745 813 1839 920 ejus-

410 960 496 1034 dem
510 957 668 1046 ordinis3
688 956 740 1032 eis
755 971 876 1030 autem
891 947 1167 1038 deficientibus,
1182 963 1355 1054 poterant
1371 963 1408 1022 et
1422 961 1601 1052 possunt,
1619 943 1668 1019 de
1683 972 1839 1022 consue-

409 1088 539 1165 tudine
556 1104 593 1164 et
604 1113 709 1163 more
725 1083 812 1160 dicti
828 1082 985 1168 ordinis,
1005 1079 1105 1156 adire
1122 1078 1277 1154 licenter
1292 1075 1485 1183 quoslibet
1500 1073 1697 1181 religiosos
1707 1101 1841 1180 appro-

408 1217 492 1294 bate
520 1215 707 1323 religionis
733 1213 789 1290 vel
809 1211 922 1288 alium
942 1208 1148 1316 quemlibet
1171 1208 1424 1315 presbiterum
1449 1205 1675 1294 secularem,
1703 1206 1839 1312 quibus

409 1362 554 1453 peccata
568 1373 633 1423 sua
646 1343 881 1430 confitentur,
896 1357 933 1417 et
942 1339 1191 1446 penitenciam
1204 1337 1403 1414 salutarem
1416 1338 1608 1442 rccipiunt
1620 1337 1667 1414 ab
1683 1336 1836 1416 eisdem.

464 1476 519 1552 Ad
539 1475 649 1552 lxxxn
673 1471 868 1549 articulum
896 1469 1095 1575 diligenter
1120 1469 1386 1574 interrogatus,
1415 1467 1509 1544 dixit
1529 1497 1569 1544 se
1591 1495 1669 1544 non
1688 1468 1837 1544 credere

407 1621 578 1683 contenta
600 1605 638 1680 in
659 1630 715 1680 eo.

463 1735 520 1813 Ad
535 1733 674 1824 lxxxnr,
699 1732 837 1810 lxxxnu
860 1749 896 1808 et
920 1729 1024 1808 lxxxv
1044 1729 1220 1808 articulos
1240 1728 1439 1818 inclusive,
1458 1728 1663 1836 diligenter
1685 1747 1723 1806 et
1738 1731 1836 1836 sigil-

407 1865 509 1943 latim
530 1865 792 1970 interrogatus,
813 1860 1042 1966 respondens
1063 1861 1155 1936 dixit
1173 1887 1213 1937 se
1232 1860 1385 1937 credere
1406 1861 1513 1966 quod
1531 1861 1623 1937 dicti
1645 1860 1776 1938 fratres
1792 1863 1835 1938 de

406 1995 543 2102 quibus
561 1994 679 2100 agitur
699 1993 736 2068 in
753 1991 920 2068 articulis
935 1991 1010 2067 sint
1029 1989 1186 2068 confessi
1208 2015 1354 2068 errores
1373 1991 1565 2097 predictos
1580 1991 1639 2067 vel
1658 1992 1835 2098 majorem

405 2143 548 2231 partem
566 2149 695 2201 eorum
706 2121 936 2198 sanctissimo
953 2119 1107 2197 domino
1127 2136 1257 2196 nostro
1272 2147 1368 2226 pape
1385 2137 1424 2198 et
1436 2147 1565 2200 coram
1581 2120 1748 2199 dominis
1760 2153 1836 2200 car-

406 2255 591 2331 dinalibus
607 2268 644 2330 ct
658 2279 784 2330 coram
805 2249 884 2326 aliis
899 2250 1009 2326 bonis
1030 2249 1127 2326 viris.
1149 2249 1248 2326 Dicit
1261 2267 1387 2326 tamen
1404 2279 1444 2328 se
1461 2252 1619 2330 credere
1635 2253 1742 2358 quod
1755 2283 1836 2359 pre·

405 2385 493 2462 dicti
509 2384 640 2462 fratres
658 2382 877 2461 confitentes
892 2379 983 2457 falso
1003 2379 1118 2457 modo
1134 2379 1293 2458 confessi
1311 2398 1401 2457 sunt
1420 2382 1648 2488 supradicta.

460 2515 506 2591 Et
525 2515 598 2591 hoc
618 2513 708 2589 dicit
731 2511 827 2588 salva
851 2539 1000 2616 semper
1020 2510 1232 2587 excellentia
1263 2511 1407 2589 domini
1434 2513 1555 2589 nostri
1579 2541 1676 2618 pape
1702 2532 1740 2591 et
1760 2518 1834 2623 ejus

405 2644 624 2732 consistorii,
645 2643 844 2720 ethonore
865 2641 1103 2718 dominorum
1125 2641 1384 2718 cardinalium.

460 2773 517 2850 Ad
531 2773 651 2850 lxxxvr
666 2771 865 2848 articulum
881 2769 1079 2876 diligenter
1093 2770 1357 2880 interrogatus,
1372 2773 1610 2878 respondens
1626 2775 1721 2852 dixit
1732 2777 1834 2883 quod

404 2903 516 2980 frater
544 2903 788 3011 Raymundus
817 2901 864 2976 de
889 2898 1025 2977 Gardia
1048 2916 1246 3006 preceptor
1270 2901 1409 2979 domus
1438 2905 1558 2980 Mansi
1585 2905 1656 2982 Dei
1696 2907 1833 2984 ordinis

406 3033 495 3109 dicti
514 3031 679 3138 Templi,
696 3031 762 3138 qui
774 3047 867 3106 tunc
881 3046 959 3106 erat
978 3045 1016 3104 et
1035 3029 1158 3106 adbuc
1178 3048 1251 3118 est,
1271 3033 1415 3136 recepit
1430 3033 1556 3140 ipsum
1572 3051 1611 3110 et
1628 3035 1832 3116 Jobannem

406 3163 453 3239 de
472 3162 615 3241 Comba
635 3161 885 3269 presbiterum
903 3177 940 3236 et
959 3159 1172 3237 Ferrarium
1191 3163 1278 3238 Hoti
1296 3164 1335 3238 in
1348 3162 1481 3240 fratres
1502 3165 1593 3242 dicti
1614 3168 1776 3258 ordinis,
1798 3172 1832 3245 in

405 3292 519 3370 domo
530 3291 647 3369 Mansi
665 3291 751 3380 Dei,
766 3291 806 3366 in
821 3288 958 3395 capella
975 3287 1143 3395 ejusdem
1161 3290 1296 3368 domus
1312 3293 1432 3370 Mansi
1451 3293 1541 3381 Dei,
1560 3312 1645 3372 ων*
1659 3299 1748 3374 anni
1762 3299 1832 3375 fue

403 3439 492 3498 runt
506 3421 620 3526 elapsi
636 3421 697 3496 die
710 3419 905 3498 Dominioa
924 3419 1019 3496 circa
1038 3417 1174 3496 festum
1189 3423 1303 3498 sancti
1323 3423 1474 3500 Martini
1496 3427 1669 3530 proxime
1685 3430 1831 3534 preteri—

402 3572 500 3641 tum,
518 3551 724 3630 nstantibus
737 3568 775 3628 et
789 3550 1027 3657 presentibus
1040 3550 1306 3629 Bartholomeo
1321 3552 1369 3628 de
1384 3555 1524 3644 Turre,
1542 3558 1612 3633 Bn.
1630 3557 1828 3635 Gnerrerio

402 3682 617 3788 presbiteris
637 3699 674 3758 et
693 3680 893 3786 capellanis
905 3698 942 3757 et
960 3679 1134 3758 fratribus
1149 3680 1238 3773 dicti
1254 3681 1416 3772 ordinis,
1440 3701 1479 3762 et
1499 3687 1733 3791 quibusdam
1754 3690 1828 3766 aliis

402 3813 649 3891 confratribus
668 3813 767 3888 dicte
787 3812 931 3888 domus.

457 3943 595 4021 Modus
610 3960 734 4018 autern
751 3970 818 4016 sue
832 3941 1061 4045 recepcionis
1071 3958 1109 4017 et
1124 3941 1312 4020 dictorum
1330 3945 1497 4024 duorum
1511 3947 1674 4026 batmm
1686 3979 1772 4026 cum
1785 3977 1826 4025 eo

402 4073 474 4150 luit
485 4073 570 4150 talis
584 4071 734 4177 qualem
748 4069 871 4146 dictus
885 4069 996 4146 frater
1007 4071 1296 4152 Bartholomeus
1309 4074 1403 4151 dixit
1417 4077 1457 4154 in
1472 4106 1539 4154 sua
1551 4079 1824 4166 testificatione,

403 4218 442 4277 et
459 4221 502 4278 ut
515 4203 564 4278 de
583 4201 683 4278 dicto
702 4200 817 4276 modo
831 4199 1037 4304 recipiendi
1052 4202 1184 4279 fratres
1205 4203 1252 4279 ad
1273 4203 1417 4282 dictum
1432 4207 1607 4286 ordinem
1626 4210 1672 4286 lit
1692 4211 1826 4288 mentio

404 4333 443 4407 in
461 4330 560 4408 libro
579 4347 802 4408 statutorum
824 4347 862 4406 et
882 4329 1008 4436 regule
1030 4332 1117 4408 dicti
1133 4334 1294 4423 ordinis,
1315 4337 1483 4417 exhibito
1506 4357 1545 4416 et
1563 4343 1706 4419 tradito
1724 4341 1829 4419 nobis

402 4459 688 4567 inquisitoribus
705 4487 773 4564 per
792 4457 934 4536 dictum
951 4457 1102 4536 fratrem
1120 4463 1430 4544 bartholomeum
1447 4467 1496 4545 de
1511 4471 1655 4562 Turre,
1669 4475 1829 4580 primum

402 4607 551 4668 testem.
1017 4662 1022 4674 ,

458 4721 516 4798 Ad
525 4719 659 4796 lxxxvn
673 4737 712 4795 et
726 4721 870 4798 lxxxvm
884 4740 922 4799 et
937 4721 1111 4800 ultimum
1122 4726 1298 4805 articulos
1314 4728 1517 4838 diligenter
1528 4735 1780 4844 interrogatus
1793 4753 1834 4813 et

403 4851 606 4959 sigillatim,
634 4853 828 4957 respondit
847 4869 884 4928 et
902 4854 1046 4958 negavit
1059 4859 1184 4932 omnia
1204 4875 1243 4934 et
1262 4859 1406 4966 singula
1423 4881 1602 4943 contenta
1618 4868 1660 4943 in
1680 4870 1746 4944 eis.
