4210 5882
424 557 496 629 sos
809 535 1005 629 esoces
1031 553 1126 627 ons
1153 554 1449 628 teupernus.

477 699 570 772 Item
589 693 701 772 frater
715 696 935 774 Lambertus
948 696 1179 801 Flamingus‚
1203 696 1308 772 etatis
1330 695 1562 804 septuaginta
1577 721 1783 783 annorum,
1803 710 1846 770 ut

422 827 585 915 dicebat,
608 826 745 902 eodem
765 827 877 904 modo
898 827 1134 916 constitutus,
1151 826 1297 930 juratus
1322 845 1358 904 et
1382 827 1645 931 iuterrogatus,
1668 823 1761 900 dixit
1777 853 1845 930 per

416 959 791 1064 juramentumsuum
803 958 907 1062 quod
927 956 997 1032 fnit
1011 973 1181 1062 receptus
1201 956 1302 1062 apud
1321 957 1445 1034 Tonni
1466 983 1585 1063 prope
1601 957 1760 1032 Pontem
1777 953 1845 1030 Ar-

420 1088 567 1176 vernis,
581 1088 620 1162 in
635 1087 788 1164 instanti
798 1086 893 1164 testo
905 1087 1107 1180 Natiuitatis
1118 1087 1269 1164 Domini
1283 1105 1394 1164 erunt
1405 1087 1556 1193 triginta
1566 1085 1643 1163 duo
1654 1086 1760 1175 anni,
1776 1113 1845 1192 per

421 1215 569 1292 fratrem
602 1217 753 1292 Petrum
784 1216 1039 1293 Normannum
1073 1233 1330 1322 preceptorem
1365 1216 1528 1294 baillivie
1563 1214 1840 1301 Laudunensis‚

421 1345 654 1448 presentibus
668 1345 842 1423 fratribus
858 1346 1027 1423 lohanne
1045 1348 1093 1423 de
1114 1347 1249 1425 Sancto
1264 1345 1427 1444 Albano,
1444 1347 1510 1452 qui
1526 1345 1650 1424 luerat
1668 1345 1841 1452 magister

420 1475 596 1580 passagii,
620 1475 788 1552 Johannc
814 1477 861 1552 de
881 1478 987 1553 Braie
1006 1494 1043 1553 et
1060 1477 1288 1582 quibusdam
1309 1475 1391 1554 aliis
1414 1477 1586 1554 fratribus
1606 1476 1654 1553 de
1676 1503 1838 1582 quorum

420 1604 634 1681 nominibus
649 1631 725 1680 non
736 1603 878 1682 recolit.
894 1605 994 1683 Dixit
1014 1606 1130 1682 eciam
1147 1633 1213 1711 per
1220 1606 1480 1711 juramentum
1493 1633 1606 1682 suurn
1622 1604 1745 1711 qnod,
1758 1621 1841 1709 post

419 1733 554 1808 multas
570 1734 837 1837 promissiones
853 1734 899 1810 ab
917 1762 961 1810 eo
975 1734 1086 1812 lactas
1105 1736 1152 1811 de
1172 1737 1319 1814 statutis
1335 1753 1373 1813 et
1385 1736 1537 1812 secretis
1556 1735 1701 1812 ordinis
1717 1734 1841 1811 obser·

420 1862 561 1950 vendis,
580 1879 618 1938 et
636 1860 814 1938 mantello
833 1862 903 1940 sibi
925 1863 973 1938 ad
990 1863 1129 1939 collum
1147 1865 1286 1968 posito,
1308 1866 1430 1941 dictus
1453 1866 1636 1970 recipiens
1662 1865 1840 1970 aportavit

420 1992 489 2069 sibi
505 1992 706 2097 quamdam
727 2019 875 2067 crucem
899 1992 1050 2096 pictam,
1075 1985 1113 2068 et
1133 1996 1301 2098 precepit
1321 1994 1393 2070 sibi
1417 1995 1456 2070 in
1474 1995 1667 2100 presencia
1683 1993 1838 2072 aliorum

419 2121 573 2198 fratrum
593 2122 698 2228 quod
714 2119 868 2198 lhesum
887 2120 1080 2199 Christum
1099 2121 1315 2229 abnegaret,
1333 2142 1371 2201 et
1385 2141 1536 2230 spueret
1548 2153 1660 2231 supra
1675 2153 1837 2214 crucem3

420 2270 455 2326 et
467 2269 573 2344 tunc,
586 2252 634 2328 de
641 2267 819 2356 precepto
833 2251 922 2326 dicti
938 2251 1169 2357 recipientis,
1186 2253 1343 2330 Jbesum
1358 2253 1550 2332 Christum
1564 2255 1757 2361 abnegavit
1770 2274 1836 2346 ter,

419 2398 456 2457 et
467 2398 536 2470 ter,
553 2379 697 2487 fingens
716 2409 851 2485 spuere
867 2409 977 2486 supra
995 2409 1162 2471 crucem,
1185 2383 1287 2487 spuit
1301 2385 1348 2460 ad
1365 2401 1515 2462 terram.

475 2513 567 2588 Item
585 2510 678 2588 dixit
695 2538 764 2616 per
780 2510 1036 2617 juramentum
1062 2537 1174 2588 suum
1199 2515 1304 2618 (prod
1324 2513 1447 2590 dictus
1471 2515 1657 2620 recipiens
1675 2516 1837 2622 precepit

420 2640 489 2716 sibi
517 2640 620 2747 quod
647 2639 877 2718 oscularetur
904 2668 992 2716 eum
1023 2642 1062 2716 in
1087 2640 1162 2716 line
1178 2641 1284 2746 spine
1316 2623 1432 2735 dorsi,
1461 2645 1500 2720 in
1529 2645 1711 2724 umbilico
1741 2663 1778 2722 et
1800 2647 1837 2722 in

419 2795 501 2858 ore;
529 2787 567 2846 et
592 2770 670 2874 ipse
689 2768 796 2844 finxit
822 2770 943 2874 ipsum
965 2768 1123 2847 osculari
1149 2769 1219 2858 ibi,
1241 2773 1308 2848 sed
1331 2801 1407 2850 non
1435 2775 1558 2881 tetigit
1582 2803 1670 2852 eum
1700 2777 1772 2852 nisi
1801 2777 1837 2851 in

419 2925 496 2973 ore.
516 2898 616 2975 Dixit
636 2898 752 2974 eciam
777 2926 844 3002 per
858 2899 1117 3004 juramentum
1140 2927 1251 2978 suum
1271 2903 1376 3007 quod
1399 2904 1438 2979 in
1461 2905 1660 2982 emissione
1681 2907 1756 2983 voti
1781 2935 1837 2983 ca·

418 3028 549 3104 stitatis
569 3026 653 3104 data
671 3027 744 3104 fuit
758 3027 828 3105 sibi
849 3028 1002 3106 licencia
1022 3030 1214 3107 habitandi
1237 3033 1433 3112 carnaliter
1452 3061 1537 3113 cum
1556 3033 1734 3114 fratribus
1749 3037 1833 3113 dicti

418 3157 572 3235 ordinis.

473 3289 722 3395 Interrogatus
736 3307 864 3366 utrum
878 3291 928 3380 vi,
946 3291 1004 3370 vel
1020 3309 1124 3370 metu
1140 3310 1416 3372 tormentorum
1429 3296 1486 3372 vel
1501 3299 1671 3384 carceris,
1690 3315 1756 3374 aut
1767 3297 1831 3376 alia

418 3445 653 3523 quacumque
675 3418 721 3494 de
742 3447 867 3510 causa,
898 3420 936 3499 in
956 3449 1021 3498 sua
1041 3421 1280 3526 deposicione
1300 3423 1463 3530 aliquam
1480 3425 1613 3502 dixerit
1632 3443 1697 3503 aut
1720 3428 1834 3504 immi·

417 3547 552 3624 seuerit
570 3546 780 3638 falsitatem,
807 3551 898 3628 dixit
917 3580 984 3658 per
997 3552 1256 3659 juramentum
1272 3583 1382 3632 suum
1398 3555 1502 3661 quod
1516 3583 1612 3645 non;
1628 3557 1747 3636 immo
1767 3587 1833 3664 pu·

416 3703 494 3751 ram
528 3693 565 3752 et
591 3705 733 3754 meram
754 3679 896 3757 dixerat
923 3682 1128 3760 veritatem.
1159 3682 1247 3760 Acta
1278 3701 1365 3761 sunt
1389 3684 1460 3761 bec
1488 3709 1601 3774 anno,
1628 3686 1827 3774 indicione,

416 3833 545 3881 mense
561 3807 772 3885 novembris
787 3809 972 3915 predicto,
990 3812 1068 3902 die,
1084 3813 1169 3891 loco
1186 3832 1223 3890 et
1236 3814 1455 3920 pontificatu
1470 3816 1663 3922 predictis,
1682 3843 1828 3922 presen-

416 3935 515 4012 tibus
527 3934 703 4014 lratribus
718 3939 899 4016 Michaele
910 3941 957 4018 de
970 3941 1153 4033 Bonellis,
1165 3944 1302 4024 Karolo
1318 3945 1541 4050 Ymbernico
1553 3965 1592 4024 et
1605 3950 1714 4025 Petro
1729 3949 1825 4024 Lam·

416 4064 512 4140 berti
525 4066 669 4143 ordinis
684 4068 980 4159 Predicatorum,
997 4099 1038 4147 ac
1053 4071 1256 4150 Guillelmo
1270 4073 1316 4150 de
1331 4075 1506 4183 Cboques
1523 4077 1600 4154 cive
1618 4077 1822 4164 Parisiensi‚

416 4192 573 4271 testibus
587 4196 634 4272 ad
649 4198 828 4302 premissa
841 4199 977 4276 vocatis
991 4201 1198 4306 specialiter
1215 4221 1251 4282 et
1265 4206 1413 4313 rogatis.
1516 4303 1518 4308 Ι

471 4455 516 4530 Et
525 4483 593 4562 ego
603 4455 764 4536 Amisius
780 4460 825 4536 de
836 4459 1036 4540 Aureliano
1049 4464 1211 4542 dictusle
1223 4465 1330 4554 Ratis,
1349 4466 1517 4557 clericus,
1531 4485 1759 4546 sacrosancte
1766 4470 1829 4546 tto-

415 4611 523 4660 mane
540 4586 700 4665 Ecclesie
720 4593 936 4668 auctoritate
951 4595 1116 4671 notarius
1131 4595 1322 4700 publicus,
1341 4597 1514 4674 omnibus
1527 4617 1564 4674 et
1576 4587 1732 4706 singulis
1748 4625 1829 4676 oon-

414 4717 528 4794 tentis
540 4717 579 4794 in
595 4718 664 4794 hac
679 4735 717 4795 et
730 4723 1018 4826 precedentibus
1034 4726 1146 4831 peciis
1164 4726 1274 4802 simili
1281 4743 1335 4804 ter
1349 4729 1441 4806 sutis
1452 4728 1557 4838 signo
1565 4757 1652 4806 meo
1661 4729 1824 4836 signatis,

414 4875 487 4922 una
507 4878 592 4932 cum
605 4850 751 4958 scriptis
770 4852 927 4930 testibus
948 4871 985 4930 et
1003 4855 1162 4957 publicis
1176 4859 1329 4936 notariis
1342 4886 1497 4965 presens
1517 4859 1687 4949 interlui,
1712 4889 1769 4948 ac,
1789 4860 1828 4936 de
