4202 5876
401 543 416 578 1
681 490 878 583 procas
904 509 1000 580 nas
1025 507 1329 582 annumeras.
1639 507 1712 582 aar

290 646 505 754 Requisitns
525 648 555 724 si
574 647 654 728 vult
672 651 869 756 persistere
885 650 923 726 in
940 647 1049 726 dictis
1068 677 1143 726 ase
1159 649 1346 755 responsis
1366 666 1404 725 et
1423 648 1635 728 confessatis
1655 648 1714 726 vel

289 777 445 886 negatis,
468 795 571 854 etan
590 777 677 856 velit
693 778 818 886 aliqua
837 777 1004 858 confiteri
1024 777 1231 856 secundum
1249 777 1443 856 raritatem
1462 805 1536 884 que
1557 807 1635 856 ase
1650 807 1715 856 su-

288 908 415 1013 perius
430 925 516 985 sunt
535 926 680 1015 negata,
701 908 896 1016 respondit
915 926 952 987 et
971 907 1065 986 dixit
1076 937 1115 986 se
1131 910 1224 987 scire
1245 925 1284 985 et
1300 909 1453 986 credere
1473 908 1578 1015 quod
1597 937 1711 1014 pure,

289 1041 327 1114 in
336 1038 511 1118 omnibus
519 1055 556 1116 et
562 1067 631 1146 per
643 1039 780 1128 omnia,
792 1038 925 1116 dixerit
934 1039 1138 1128 veritatem,
1151 1067 1171 1114 a
1184 1066 1258 1146 qna
1267 1039 1443 1116 recedere
1453 1066 1530 1116 non
1537 1037 1712 1116 intendit.

345 1299 455 1378 Anno
474 1315 512 1377 et
531 1298 592 1375 die
612 1298 750 1406 quibus
769 1326 892 1405 supra.

344 1431 422 1508 XX.
452 1432 580 1506 Frater
598 1428 822 1508 Guillelrnus
843 1427 890 1506 de
910 1429 1072 1506 Terratis
1092 1428 1235 1506 ordinis
1255 1428 1344 1506 dicti
1359 1427 1508 1533 Templi
1526 1445 1564 1506 et
1578 1429 1716 1506 domus

289 1560 406 1638 Mansi
431 1561 520 1650 Dei,
547 1559 652 1636 testis
675 1559 824 1667 juratus
847 1560 896 1638 ad
920 1576 1044 1636 sancta
1073 1561 1144 1638 Dei
1171 1559 1367 1667 Evangelia
1399 1587 1512 1665 super
1537 1559 1716 1666 predictis

289 1690 454 1768 articulis
473 1707 511 1767 et
531 1717 664 1768 eorum
683 1689 852 1796 quolibet
868 1688 939 1766 sibi
962 1689 1135 1795 expositis
1153 1689 1193 1764 in
1205 1689 1360 1796 vulgari,
1378 1706 1421 1766 ut
1436 1688 1648 1795 principalis
1667 1688 1715 1765 de

289 1847 329 1896 se
343 1821 441 1926 ipso,
466 1836 504 1896 et
522 1837 566 1897 ut
583 1820 691 1898 testis
710 1820 756 1897 de
777 1811 878 1908 aliis‚'
900 1818 1099 1928 diligenter
1111 1836 1148 1896 et
1164 1818 1352 1926 sigillatim
1371 1819 1637 1928 interrogatus,
1658 1849 1717 1898 re-

289 1950 479 2056 spondens
492 1949 539 2026 ad
558 1951 741 2057 primum,
758 1973 923 2026 11-xr1x
938 1948 1114 2027 articulos
1134 1948 1328 2038 inclusive,
1347 1948 1548 2057 diligenter
1563 1967 1600 2028 et
1613 1949 1716 2058 sigil-

289 2081 394 2158 latim
408 2082 673 2186 interrogatus‚
695 2080 841 2188 negavit
855 2080 956 2186 ipsos
969 2079 1144 2158 articulos
1159 2097 1197 2156 et
1206 2079 1331 2156 omnia
1341 2098 1379 2157 et
1386 2079 1535 2190 singula
1547 2097 1716 2160 contenta

290 2211 329 2288 io
346 2212 416 2302 eis;
438 2211 601 2289 adiciens
620 2210 774 2317 quodsi
794 2239 952 2316 magnus
971 2210 1145 2316 Magister
1170 2210 1313 2290 ordinis
1338 2210 1498 2318 predicti
1524 2211 1716 2290 confessus

291 2357 347 2418 est
367 2340 548 2447 predicta,
570 2341 749 2418 mentitus
775 2359 829 2419 est
851 2341 890 2416 in
908 2339 1030 2447 capud
1054 2369 1167 2419 suum
1193 2357 1230 2418 et
1257 2339 1349 2418 falso
1368 2342 1484 2419 modo
1503 2369 1573 2446 per
1588 2341 1715 2448 gulam
1780 2445 1782 2450 Ι

290 2498 406 2548 suam.

346 2601 405 2678 Ad
423 2627 658 2682 xxx-xxxrrr
676 2601 853 2682 articulos
872 2601 1068 2692 inclusive,
1091 2601 1290 2708 diligenter
1305 2617 1343 2678 et
1358 2599 1547 2710 sigillatim
1555 2599 1715 2678 interro-

289 2747 411 2838 gatus,
433 2732 663 2838 respondens
683 2733 829 2840 negavit
844 2733 945 2839 ipsos
957 2731 1135 2810 articulos
1147 2749 1185 2809 et
1198 2731 1324 2808 omnia
1337 2749 1374 2810 et
1386 2729 1530 2838 singula
1543 2747 1715 2810 contenta

290 2860 410 2952 ineis,
434 2881 587 2970 excepto
607 2863 683 2940 oris
703 2862 849 2954 osculo,
871 2862 976 2970 quod
992 2880 1069 2940 tam
1085 2893 1104 2940 a
1123 2862 1327 2970 recipiente
1348 2861 1395 2939 ad
1415 2861 1586 2940 ordinem
1600 2891 1714 2970 quam

291 3009 474 3098 arecepto
495 2991 538 3068 lit
554 2992 732 3070 duntaxat
746 2993 787 3068 in
807 3019 885 3072 ore.

346 3123 406 3199 Ad
420 3149 718 3202 arnor—xxxva
732 3122 907 3202 articulos
923 3123 1118 3212 inclusive,
1137 3124 1334 3232 diligenter
1350 3141 1388 3202 et
1401 3122 1592 3230 sigillatim
1602 3123 1716 3202 inter-

290 3269 455 3359 rogatus,
486 3255 718 3362 respondens
740 3255 831 3333 dixit
849 3283 934 3332 vera
955 3283 1034 3332 esse
1057 3270 1229 3332 contenta
1252 3253 1291 3330 in
1315 3253 1404 3360 ipsis
1436 3252 1619 3342 articulis;
1638 3254 1713 3330 adi-

290 3386 391 3460 ciens
410 3383 457 3460 de
478 3413 584 3464 more
607 3413 687 3462 esse
711 3383 828 3490 ipsius
850 3382 993 3461 ordinis
1017 3381 1122 3490 quod
1147 3382 1277 3460 [ratres
1302 3383 1367 3490 qui
1391 3383 1529 3487 recepti
1553 3399 1640 3460 sunt
1666 3383 1715 3461 ad

290 3511 413 3618 ipsum
432 3511 602 3591 ordinem
621 3513 845 3618 promittunt
867 3541 935 3621 per
953 3513 1209 3620 juramentum
1234 3541 1274 3589 se
1293 3541 1371 3590 non
1395 3511 1494 3588 exire
1511 3539 1581 3588 nec
1600 3509 1715 3589 relin-

289 3669 406 3748 quere
427 3659 637 3750 susceptum
665 3642 836 3721 ordinem
859 3672 928 3749 pro
956 3617 1087 3752 majori
1106 3643 1164 3721 vel
1187 3642 1324 3721 minori
1347 3641 1438 3732 alio,
1465 3642 1535 3720 nisi
1560 3641 1715 3720 obtenta

289 3771 437 3850 licentia
453 3801 474 3848 a
490 3775 683 3880 superiore
703 3790 924 3879 potestatem
943 3772 1103 3852 habente
1119 3773 1233 3852 dandi
1248 3773 1442 3852 licenciam
1456 3773 1505 3850 ad
1519 3771 1635 3852 alium
1650 3801 1714 3852 or-

290 3901 418 3980 dinem
437 3906 669 3984 transeundi.

233 4067 239 4082 ·
344 4032 404 4110 Ad
422 4035 673 4116 xxxvm--lvn
688 4038 862 4116 articulos
874 4036 1068 4128 inclusive,
1084 4036 1284 4145 diligenter·
1299 4053 1336 4114 et
1352 4035 1541 4144 sigillatim
1551 4031 1711 4114 interro-

289 4180 409 4270 gatus,
431 4167 663 4272 respondens
683 4169 829 4276 negavit
847 4168 1065 4275 simpliciter
1086 4168 1256 4246 universa
1275 4185 1314 4246 et
1332 4167 1475 4275 singula
1492 4167 1532 4244 in
1551 4166 1605 4244 eis
1625 4148 1713 4246 con·

288 4313 406 4386 tenta,
428 4298 555 4376 dicens
574 4327 613 4374 se
629 4325 700 4376 nec
714 4299 806 4377 scire
824 4327 894 4376 nec
913 4300 1066 4378 credere
1082 4298 1145 4378 illa
1158 4327 1227 4376 nec
1247 4299 1370 4407 aliqua
1390 4299 1437 4376 de
1453 4297 1544 4376 illis.
1644 4308 1647 4314 ’

345 4427 404 4506 Ad
421 4428 614 4508 tvm-ln
629 4430 805 4508 articulos
817 4429 1011 4520 inclusive,
1030 4431 1231 4538 diligenter
1246 4449 1283 4508 et
1302 4429 1490 4539 sigillatim
1508 4428 1715 4534 interroga-

289 4576 358 4648 tus,
372 4561 604 4666 respondens
619 4563 766 4669 negavit
784 4563 910 4640 omnia
928 4580 966 4639 et
979 4561 1125 4672 singula
1139 4578 1311 4641 contenta
1331 4560 1371 4636 in
1384 4559 1476 4648 illis,
1492 4557 1591 4636 salvo
1609 4560 1713 4664 quod

289 4691 423 4770 fatetur
441 4694 561 4800 quod,
586 4693 817 4800 recepcionis
842 4710 1010 4800 tempore
1035 4694 1193 4772 fratrum
1212 4692 1300 4770 dicti
1323 4689 1484 4784 ordinis,
1506 4689 1716 4797 injungitur

290 4824 343 4900 eis
358 4840 400 4902 ut
418 4841 568 4931 portent
586 4823 764 4931 quasdam
786 4822 957 4902 cordulas
978 4825 1024 4903 de
1051 4823 1114 4904 filo
1134 4823 1235 4902 lineo
1256 4822 1314 4901 vel
1338 4821 1386 4900 de
1409 4847 1564 4926 canape,
1585 4818 1643 4895 vel
1663 4817 1712 4898 de

376 4982 483 5042 raoc'ns
497 4999 550 5041 nes
565 4998 739 5042 murrinos.
755 5014 796 5028 -
812 5000 844 5040 rr.
1505 4972 1545 5036 63
