4210 5882
376 569 449 644 aas
772 546 970 639 rnoots
996 561 1091 635 uus
1117 559 1418 634 rnurtruas

368 711 533 819 juratus,
556 725 599 785 nt
620 706 835 815 principalis
856 706 903 784 de
924 705 1065 812 seipse,
1087 721 1125 781 et
1143 720 1185 781 ut
1204 701 1308 782 testis
1330 701 1377 780 de
1398 699 1495 791 al'u‘s,
1518 729 1632 808 super
1651 701 1815 780 articulis

374 868 486 948 super
505 838 647 948 quibus
663 838 955 945 interrogabitur
974 835 1140 943 plenam,
1166 863 1311 914 meram
1328 852 1366 912 et
1387 861 1521 942 puram
1542 832 1668 912 dicere
1684 833 1816 912 verita-

374 989 469 1062 tem,
498 971 591 1050 dixit
611 989 649 1048 et
674 969 850 1077 deposuit
878 986 920 1047 ut
944 967 1136 1077 sequitur:

431 1103 617 1210 Expositis
630 1103 753 1209 primo
773 1101 844 1180 sibi
861 1100 1026 1180 articulis
1040 1101 1078 1177 in
1093 1099 1257 1209 vulgari:
1274 1127 1388 1207 super
1406 1099 1532 1207 primo
1548 1097 1706 1176 articulo
1724 1097 1817 1175 dixit

377 1254 413 1314 et
432 1235 579 1344 negavit
598 1261 702 1324 eum,
726 1250 764 1311 et
778 1232 904 1313 omnia
924 1249 963 1309 et
977 1231 1122 1340 singula
1139 1247 1313 1310 contenta
1330 1231 1369 1308 in
1390 1260 1449 1309 eo.

343 1443 349 1454 ,
433 1367 491 1446 Ad
511 1392 658 1446 11-1111
678 1364 856 1444 articulos
878 1363 1060 1442 inclusive
1080 1362 1329 1469 respondens,
1356 1363 1606 1470 interrogatus
1630 1389 1716 1440 cum
1735 1361 1817 1440 dili·

375 1500 522 1606 gencia,
540 1498 686 1605 negavit
705 1524 771 1575 eos
791 1513 828 1574 et
848 1495 973 1574 omnia
994 1511 1031 1572 et
1052 1493 1197 1603 singula
1216 1510 1390 1574 contenta
1408 1493 1449 1570 in
1469 1493 1535 1572 eis.

432 1629 629 1708 Adv-vu
640 1626 818 1705 articulos
829 1624 1007 1704 inclusive
1019 1623 1254 1732 respondens
1267 1625 1769 1734 interrogatus,negavitcos
1779 1641 1817 1701 et

376 1760 502 1838 omnia
518 1777 556 1838 et
569 1757 713 1866 singula
727 1772 900 1836 contenta
916 1757 953 1832 in
967 1756 1041 1846 eis,
1062 1783 1230 1834 asserens
1245 1755 1439 1836 Christum
1455 1785 1606 1864 passum
1623 1754 1814 1864 luissepro

376 1891 637 1998 redemptione
653 1889 807 1967 humani
824 1888 989 1998 generis,
1001 1916 1081 1970 non
1096 1917 1166 1996 pro
1185 1887 1392 1967 sceleribus
1402 1887 1520 1996 ipsius
1529 1887 1667 1968 Christi
1685 1888 1812 1966 Jhesu.

432 2021 491 2099 Ad
510 2047 573 2100 viu
592 2018 792 2099 articulum
810 2018 1058 2125 respondens,
1091 2019 1239 2128 negavit
1259 2022 1384 2126 ipsum
1411 2037 1449 2098 et
1471 2019 1597 2098 omnia
1618 2037 1655 2097 et
1672 2017 1816 2128 singula

377 2169 550 2232 contenta
569 2153 608 2230 in
626 2181 685 2231 eo.

433 2284 491 2360 Ad
511 2281 853 2362 rx--xurarticulos
874 2282 1052 2360 inclusive
1074 2282 1275 2392 diligenter
1297 2284 1560 2392 interrogatus,
1583 2284 1731 2392 negavit
1752 2311 1815 2360 eos

378 2434 414 2494 et
434 2415 562 2494 omnia
583 2431 621 2492 et
641 2412 787 2522 singula
807 2429 981 2492 contenta
1001 2413 1122 2491 ineis.

434 2546 492 2624 Ad
511 2571 716 2624 xuu-xtx
735 2543 910 2624 articulos
928 2543 1106 2622 inclusive
1129 2542 1331 2652 diligenter
1351 2561 1389 2622 et
1401 2544 1589 2652 sigillatim
1613 2545 1815 2654 interroga-

376 2697 452 2768 tus,
489 2677 635 2785 negavit
655 2703 721 2754 eos
732 2692 769 2753 et
779 2676 905 2754 omnia
924 2693 961 2752 et
973 2674 1119 2783 singula
1134 2693 1306 2753 contenta
1328 2677 1368 2754 in
1389 2677 1454 2754 eis.

435 2809 491 2888 Ad
519 2835 704 2888 xx-xxrx
729 2807 905 2886 articulos
926 2806 1102 2885 inclusive
1124 2807 1324 2916 diligenter
1346 2825 1385 2886 et
1406 2807 1593 2916 sigillatim
1613 2809 1815 2918 interroga-

377 2960 455 3030 tus,
477 2940 623 3048 negavit
642 2967 706 3017 eos
722 2957 760 3017 et
779 2940 907 3018 omnia
927 2957 965 3017 et
982 2939 1129 3048 singula
1149 2957 1323 3019 contenta
1336 2941 1374 3018 in
1396 2940 1467 3029 eis,
1489 2939 1654 3019 adiciens
1667 2940 1813 3049 quodsi

378 3072 554 3179 Magister
573 3072 694 3181 major
718 3070 861 3150 ordinis
880 3070 1029 3179 Templi
1050 3069 1243 3150 consessus
1263 3089 1320 3149 est
1339 3072 1527 3181 predicta,
1552 3072 1649 3150 sicut
1670 3073 1709 3150 in
1731 3072 1816 3150 arti-

379 3203 472 3282 culis
502 3204 724 3297 continetur,
746 3203 851 3310 quod
876 3230 954 3282 nou
977 3203 1097 3281 credit
1118 3204 1220 3282 idem
1248 3204 1362 3282 frater
1385 3206 1533 3296 Petrus,
1560 3206 1742 3284 mentitus
1762 3223 1815 3282 est

379 3335 482 3413 idem
505 3335 681 3444 Magister
701 3335 819 3442 major
838 3333 988 3441 Templi
1008 3362 1076 3442 per
1094 3335 1222 3445 gulam
1242 3365 1348 3414 suam
1368 3335 1463 3416 falso
1482 3335 1611 3415 modo.

327 3463 332 3478 ’
434 3466 495 3546 Ad
518 3493 758 3546 xxx—xxxin
782 3465 958 3544 articulos
980 3466 1160 3544 inclusive
1183 3468 1434 3575 respondens,
1462 3466 1554 3544 dixit
1581 3484 1756 3545 contenta
1775 3441 1814 3543 in

380 3599 435 3677 eis
457 3598 546 3676 salsa
566 3627 664 3690 esse,
686 3597 784 3676 salvo
804 3615 842 3675 et
862 3615 1016 3704 excepto
1036 3597 1142 3705 quod
1163 3599 1347 3706 recipiens
1368 3597 1558 3677 osculatur
1577 3595 1730 3676 fratrem
1749 3627 1814 3676 no

378 3732 473 3808 viter
486 3749 679 3838 receptum
697 3730 735 3807 in
752 3757 816 3808 ore
838 3745 1001 3819 tantum,
1024 3730 1063 3807 in
1084 3731 1231 3839 signum
1253 3730 1353 3809 bone
1372 3730 1462 3810 fidei
1485 3749 1524 3810 et
1539 3731 1700 3810 fraterne
1721 3730 1815 3808 dile-

380 3861 523 3940 ctionis.

434 3992 493 4070 Ad
507 4019 633 4071 xxxuu
648 3994 847 4074 articulum
866 3996 1114 4102 respondens,
1135 3995 1227 4073 dixit
1245 3995 1349 4103 quod
1368 3997 1507 4101 recepti
1522 3995 1561 4071 in
1576 3993 1711 4073 fratres
1726 3993 1811 4071 dicti

380 4123 522 4202 ordinis
536 4125 668 4233 jurant
685 4141 858 4232 tempore
879 4154 946 4202 sue
963 4127 1196 4234 recepcionis
1216 4125 1319 4235 quod
1336 4155 1414 4205 non
1435 4127 1593 4205 exibunt
1611 4155 1683 4205 nec
1703 4125 1813 4204 relin-

379 4271 498 4362 quent
518 4253 692 4332 ordinem
717 4255 1018 4364 Templariorum
1041 4287 1111 4366 pro
1134 4259 1207 4337 alio
1232 4259 1364 4365 majori
1384 4258 1443 4336 vel
1464 4257 1627 4352 fortiori,
1658 4257 1718 4338 vel
1746 4286 1812 4366 pro

380 4386 517 4465 minori
532 4385 590 4464 vel
611 4384 787 4466 debiliori
808 4387 954 4468 ordine.

436 4519 689 4628 Interrogatus
716 4547 831 4628 quare
854 4520 996 4599 dictum
1016 4541 1287 4601 sacramentum
1309 4541 1489 4630 prestant,
1512 4551 1597 4601 cum
1618 4523 1666 4599 sit
1686 4539 1809 4600 contra

380 4649 623 4728 interdictum
629 4651 741 4762 juris,
757 4652 879 4730 dantis
893 4652 1087 4732 licenciam
1106 4654 1267 4763 receptis
1284 4654 1333 4732 ad
1351 4654 1576 4763 religionem
1596 4653 1760 4762 aliquam
1771 4668 1811 4730 ut

312 4783 315 4792 ’
379 4783 477 4861 intra
495 4811 654 4875 annum,
674 4782 733 4862 vel
752 4783 793 4860 in
809 4781 884 4862 fine
900 4786 1004 4878 anni,
1025 4785 1181 4894 probata
1196 4785 1394 4893 asperitate
1413 4803 1584 4894 suscepte
1602 4782 1810 4891 religionis,

380 4912 481 4991 illam
494 4914 709 5024 relinquant
719 4917 749 4992 si
763 4914 894 5008 velint,
908 4935 945 4994 et
954 4917 1002 4993 ad
1012 4916 1183 4995 seculum
1198 4934 1430 4996 revertantur
1444 4917 1538 4996 intra
1552 4945 1709 5010 annum,
1728 4934 1811 5025 post
