4208 5886
385 537 460 613 rm
769 519 966 614 rnocrts
997 539 1095 612 ons
1124 538 1432 614 rnnrmnns.

386 680 587 768 serviente,
605 705 720 785 quem
741 680 862 759 credit
876 681 1014 770 vivere,
1032 680 1142 757 Petro
1168 679 1216 756 de
1241 680 1391 758 Medico
1413 676 1550 766 milite,
1568 676 1681 753 Petro
1695 673 1812 754 Char-

388 809 518 890 boneli
535 825 574 900 et
593 810 731 903 Quone
756 809 804 887 de
829 813 974 888 Brueco
1000 810 1266 898 servientibus,
1294 809 1513 901 deffunctis,
1535 808 1575 884 in
1605 806 1710 883 hunc
1730 833 1812 882 mo-

387 941 479 1019 dum
499 971 507 1020 ε
526 969 614 1018 nam
644 939 761 1046 petita
779 939 826 1018 ab
856 941 910 1018 eis
936 939 1113 1017 societate
1135 939 1280 1018 ordinis
1305 955 1343 1016 et
1369 938 1403 1016 ei
1424 963 1616 1027 concessa,
1638 951 1812 1042 receptor

386 1070 475 1149 fecit
496 1099 560 1148 eos
580 1097 712 1148 vovere
740 1087 778 1147 et
792 1070 919 1178 jurare
940 1071 1163 1160 castitatem,
1185 1068 1465 1160 obedienciam,
1487 1066 1609 1144 vivere
1625 1067 1705 1144 sine
1720 1092 1810 1173 pro-

383 1202 486 1307 prio,
516 1217 554 1279 et
578 1229 720 1278 servare
739 1200 861 1279 bonos
884 1229 976 1278 usus
995 1201 1060 1308 qui
1082 1217 1174 1277 tunc
1195 1217 1302 1277 erant
1325 1201 1364 1276 in
1381 1199 1515 1276 ordine
1541 1214 1578 1274 et
1598 1197 1665 1304 qui
1685 1197 1724 1272 in
1741 1223 1808 1302 po-

385 1348 529 1410 sterum
555 1330 860 1436 imponerentur,
881 1347 918 1408 et
938 1329 1123 1435 impositis
1143 1329 1331 1408 mantellis
1360 1327 1596 1438 primodictis
1621 1326 1808 1406 militibus

384 1479 422 1538 et
446 1461 690 1569 postmodum
719 1460 789 1566 ipsi
817 1461 923 1552 testi,
952 1477 1125 1566 receptor
1138 1445 1220 1538 luit
1243 1459 1431 1538 osculatus
1458 1487 1523 1538 eos
1550 1457 1591 1534 in
1624 1456 1806 1534 umbilico

382 1619 496 1696 super
514 1605 651 1679 vestes,
671 1589 742 1695 ipsi
762 1608 907 1684 tamen,
929 1591 1035 1696 quod
1049 1590 1205 1680 recolat,
1227 1619 1304 1668 non
1324 1589 1479 1668 suerunt
1498 1587 1655 1668 osculati
1681 1589 1805 1694 ipsum

382 1737 616 1828 receptorem
637 1749 709 1798 nec
735 1720 828 1800 alios
855 1739 1017 1800 astantes
1031 1721 1070 1797 in
1092 1749 1169 1800 ore.
1185 1721 1335 1830 Deinde
1354 1722 1523 1828 precepit
1548 1720 1601 1798 eis
1621 1718 1726 1825 quod
1741 1719 1805 1796 ab·

374 1863 535 1959 ‘negaret
556 1853 682 1929 Deum
702 1851 761 1928 vel
786 1853 960 1940 Jhesum,
986 1851 1121 1958 etipse
1147 1853 1253 1930 testis
1273 1850 1451 1930 fecithoc
1470 1880 1549 1940 ore,
1575 1879 1653 1928 non
1674 1851 1804 1939 corde3

382 1998 420 2059 ct
440 1981 559 2058 credit
583 1981 689 2088 quod
709 1982 844 2060 eodem
868 1983 984 2061 modo
1005 2011 1070 2060 ore
1083 1991 1174 2060 'non
1200 1984 1312 2060 corde
1330 1981 1608 2089 abnegaverunt
1623 1980 1713 2057 dicti
1733 1981 1803 2058 mi-

381 2111 477 2189 lites.
501 2111 649 2188 Deinde
677 2111 786 2190 allata
812 2115 931 2190 nescit
950 2140 1019 2219 per
1044 2141 1159 2218 quem
1186 2113 1349 2220 quadam
1379 2139 1509 2200 cruce,
1537 2110 1657 2188 nescit
1681 2110 1801 2217 quali,

379 2242 547 2348 precepit
573 2242 627 2319 eis
650 2243 755 2348 quod
774 2259 955 2347 spuerent
973 2271 1086 2350 supra
1106 2271 1207 2332 eam,
1235 2260 1273 2322 et
1291 2260 1476 2350 spuerunt
1500 2271 1578 2320 non
1600 2269 1712 2347 supra
1736 2243 1804 2321 sed

372 2372 479 2478 juxta
498 2400 593 2449 eam.
618 2373 722 2449 Dixit
741 2373 794 2449 eis
819 2373 973 2478 insuper
992 2373 1097 2479 quod
1119 2371 1297 2450 fratribus
1322 2373 1467 2451 ordinis
1486 2388 1660 2478 poterant
1677 2397 1802 2448 carua-

377 2500 467 2580 liter
490 2501 741 2592 commisceri,
765 2518 804 2579 et
825 2501 896 2608 ipsi
913 2531 1000 2578 cum
1027 2502 1100 2594 eis,
1127 2521 1166 2581 et
1184 2504 1290 2609 quod
1308 2503 1477 2610 predicta
1503 2503 1631 2580 omnia
1651 2501 1745 2578 sacta
1765 2517 1804 2580 et

381 2632 479 2711 dicta
495 2634 536 2709 in
553 2633 747 2739 presencia
764 2631 926 2708 aliorum
943 2649 1049 2710 erant
1069 2649 1106 2710 et
1119 2630 1261 2710 fiebant
1282 2663 1325 2711 ex
1341 2649 1519 2740 precepto
1540 2632 1696 2710 ordinis.
1719 2632 1801 2710 Alia

379 2761 508 2840 illicita
523 2792 601 2841 non
621 2763 904 2840 intervenerunt
920 2762 960 2840 in
990 2763 1098 2840 dictis
1113 2763 1396 2870 recepcionibus
1415 2791 1485 2841 nec
1504 2780 1607 2871 post,
1632 2779 1670 2840 et
1682 2763 1802 2842 credit

379 2894 483 2999 quod
514 2894 646 2970 eadem
672 2910 711 2971 et
736 2921 815 2970 non
842 2892 913 2971 alia
938 2894 1221 2972 intervenerunt
1245 2895 1499 2973 communiter
1527 2911 1566 2971 et
1593 2891 1738 2999 ubique
1760 2895 1799 2970 in

374 3022 661 3130 recepcionibus
681 3022 841 3100 aliorum
870 3022 1028 3102 fratrum
1053 3025 1197 3102 ordinis
1218 3023 1278 3101 vel
1303 3042 1418 3131 post:
1441 3024 1530 3131 quia
1551 3023 1644 3101 vidit
1667 3051 1800 3100 secun-

332 3167 336 3174 '
376 3153 469 3231 dum
506 3156 665 3232 modum
692 3155 945 3234 consessatum
971 3183 1040 3261 per
1068 3184 1157 3232 eum
1184 3156 1298 3262 recipi
1329 3155 1481 3233 fratrem
1510 3155 1721 3233 Jobannem
1749 3155 1797 3232 de

374 3285 504 3362 Monte
542 3285 739 3378 Marlbope
779 3284 940 3362 militem
974 3286 1190 3391 quondam,
1224 3285 1265 3362 in
1298 3284 1438 3391 capella
1472 3277 1610 3362 domus
1644 3283 1796 3390 Templi

373 3417 420 3492 de
456 3415 602 3494 Chanat
639 3414 957 3493 Claromontensis
987 3415 1163 3505 diocesis,
1195 3433 1284 3492 sunt
1316 3414 1463 3492 circiter
1489 3410 1555 3492 tutti
1587 3413 1697 3501 anni,
1728 3443 1797 3520 per

371 3545 525 3622 fratrem
552 3547 750 3653 Hugonem
777 3544 937 3653 Saycelli
968 3544 1146 3634 militem,
1183 3545 1231 3622 de
1257 3547 1363 3654 cujus
1389 3545 1461 3621 vita
1484 3544 1542 3622 vel
1564 3561 1685 3621 morte
1716 3573 1793 3622 non

368 3675 485 3754 habet
501 3675 784 3766 certitudinem,
806 3675 1045 3783 presentibus
1062 3672 1239 3753 fratribus
1253 3675 1476 3782 Raymundo
1493 3673 1611 3754 Vince
1627 3689 1665 3750 et
1683 3674 1817 3752 Petro,

370 3805 557 3913 Pothayro
583 3805 847 3896 servientibus,
883 3804 1102 3894 deffunctis,
1136 3821 1175 3881 et
1202 3804 1312 3883 Petro
1335 3804 1454 3892 Blavi,
1475 3819 1570 3881 teste
1596 3831 1708 3910 supra
1728 3805 1793 3907 ju-'

368 3953 469 4024 rato,
490 3952 578 4041 post
596 3935 699 4012 hunc
719 3935 940 4012 examinato.
957 3934 1063 4015 Vidit
1082 3933 1199 4012 eciam
1214 3933 1331 4040 recipi
1348 3962 1417 4041 per
1432 3933 1610 4010 eumdem
1632 3933 1792 4012 modum

318 4097 323 4108 ·
367 4065 520 4142 fratrem
550 4063 744 4142 Galterum
771 4064 819 4141 de
843 4063 953 4142 Massi
983 4063 1161 4155 militem,
1192 4063 1390 4142 detentum
1420 4061 1601 4155 Parisius‚
1630 4062 1669 4138 in
1694 4063 1793 4142 dicta

368 4194 509 4303 capella
535 4196 672 4272 domus
699 4194 848 4301 Templi
877 4195 925 4272 de
945 4194 1128 4284 Folhosa,
1159 4195 1307 4273 circiter
1334 4221 1565 4301 perannum
1595 4211 1680 4270 ente
1708 4223 1793 4302 cap-

368 4326 516 4404 cionem
541 4353 693 4416 eorum,
720 4353 789 4431 per
807 4325 1012 4431 quemdam
1037 4325 1199 4404 militem
1223 4325 1331 4434 cujus
1354 4353 1495 4402 nomen
1516 4341 1555 4400 et
1579 4351 1790 4431 cognomen
1868 4373 1871 4380 ·

365 4457 531 4564 ignorat,
553 4454 792 4561 presentibus
818 4453 996 4533 fratribus
1027 4454 1197 4534 Jobanne
1225 4455 1393 4534 Senandi
1421 4471 1459 4532 et
1484 4454 1528 4532 B.
1550 4453 1598 4530 de
1616 4453 1787 4549 Alsonio,

364 4583 525 4663 testibus
560 4613 673 4691 supra
708 4585 943 4678 examinatis,
986 4603 1023 4663 et
1061 4585 1178 4662 eciam
1216 4585 1400 4664 Durando
1440 4582 1659 4674 Charnerii,
1692 4601 1787 4664 teste

363 4716 535 4823 proximo
556 4717 782 4809 examinato,
801 4733 845 4794 ut
865 4717 936 4796 sibi
956 4717 1118 4794 ridetur.
1136 4716 1308 4794 Plurium
1333 4713 1619 4822 recepcionibus
1635 4742 1714 4792 non
1734 4745 1799 4794 re.

362 4848 455 4927 colit
473 4845 640 4939 affuisse,
665 4847 755 4925 licet
773 4846 846 4924 luit
876 4847 975 4926 ultra
1004 4875 1106 4924 mare
1133 4863 1268 4953 quater
1286 4847 1346 4925 vel
1373 4843 1580 4954 quinquies
1607 4861 1786 4952 tanquam
