4242 5890
384 549 458 626 sao
776 530 972 626 aaoots
998 550 1094 622 nas
1119 545 1419 622 rnurxxnxs.

383 691 542 781 ordinis,
564 690 798 798 inquisitoris
817 691 982 770 heretice
996 687 1185 796 pravitatis
1209 688 1249 764 in
1274 715 1389 793 regno
1408 687 1563 764 Francis
1584 688 1804 766 auctoritate

382 821 585 927 apostolica
625 820 809 926 deputati,
846 837 1017 902 nostrum
1054 817 1285 896 notariorum
1314 817 1554 924 publicorum
1585 835 1624 896 et
1653 819 1804 896 testium

380 951 701 1058 infrascriptorum
741 951 931 1057 presencia
972 947 1215 1056 personaliter
1259 948 1484 1056 constitutus
1530 944 1643 1026 frater
1683 949 1805 1028 dictus

380 1083 599 1171 Touzsains‚
626 1082 730 1160 etatis
753 1082 905 1190 triginta
932 1080 1096 1158 duorum
1121 1105 1321 1169 annorum,
1345 1078 1493 1186 juratus
1517 1077 1565 1155 ad
1588 1096 1712 1156 sancta
1734 1081 1804 1158 Dei

380 1211 579 1321 Evangelia
600 1211 669 1288 sibi
690 1230 855 1295 ostensa.
879 1228 916 1288 et
935 1237 1048 1288 manu
1066 1209 1217 1314 propria
1230 1225 1342 1299 tacta,
1365 1209 1412 1286 de
1433 1236 1473 1287 se
1494 1225 1532 1286 et
1546 1207 1629 1286 aliis
1643 1210 1683 1286 in
1699 1237 1804 1288 causa

381 1341 471 1418 fidei
497 1343 622 1420 dicere
649 1342 859 1431 veritatem,
876 1357 919 1418 et
943 1340 1192 1446 interrogatus
1212 1339 1260 1418 de
1278 1355 1450 1446 tempore
1470 1357 1507 1418 et
1526 1340 1640 1418 modo
1661 1369 1728 1420 sue
1748 1369 1805 1418 re-

381 1472 587 1578 capcionis‚
619 1471 712 1549 dixit
743 1499 812 1578 per
836 1473 1095 1578 juramentum
1124 1497 1235 1548 suum
1264 1469 1368 1577 qaod
1400 1483 1571 1576 receptus
1605 1469 1678 1548 fuit
1705 1471 1803 1578 apud

380 1601 624 1709 Laigneville,
642 1629 710 1707 per
724 1601 877 1679 fratrem
894 1600 1136 1706 Radulphnm
1154 1600 1201 1678 de
1218 1600 1303 1678 Bria
1319 1618 1578 1706 preceptorem
1591 1599 1740 1678 ballivis
1757 1601 1803 1678 de

379 1731 593 1822 Moissiaco‚
616 1759 736 1810 annus
756 1748 794 1810 et
812 1731 993 1809 dimidius
1004 1745 1061 1808 est
1080 1729 1227 1835 elapsus
1241 1730 1299 1808 vel
1315 1729 1429 1820 circa,
1443 1731 1680 1836 presentibus
1692 1729 1803 1808 fratre

378 1859 547 1937 Johanne
566 1860 614 1938 de
634 1863 761 1939 Fumo
774 1878 812 1938 et
826 1860 1024 1966 Radulpho
1039 1859 1208 1939 Goceran
1230 1858 1319 1937 dicti
1341 1860 1501 1950 ordinis,
1524 1877 1562 1938 et
1580 1859 1803 1967 quibusdam

380 1989 459 2068 aliis
480 1991 527 2066 de
548 2019 712 2096 quorum
733 1989 951 2068 nominihus
963 2017 1040 2067 non
1055 1989 1198 2067 recolit.
1215 1989 1318 2068 Dixit
1338 1991 1455 2068 eciam
1470 2017 1539 2095 per
1549 1993 1822 2100 juramentum*

379 2149 492 2197 suum
502 2120 622 2227 quod,
644 2137 731 2226 post
742 2120 879 2198 multas
893 2120 1165 2225 promissiones
1178 2119 1225 2196 de
1240 2120 1388 2198 statutis
1402 2137 1440 2200 at
1455 2119 1701 2198 observanciis
1714 2121 1802 2198 dicti

378 2249 521 2327 ordinis
541 2249 780 2330 observandis
799 2250 912 2329 factas
931 2250 977 2328 ab
998 2277 1060 2338 eo,
1083 2267 1122 2326 et
1141 2251 1321 2328 mantello
1341 2250 1413 2328 sibi
1434 2252 1557 2356 posito
1577 2251 1625 2328 ad
1644 2251 1799 2340 colltun.

379 2377 501 2456 dictus
518 2380 701 2484 recipiens
715 2379 880 2458 ostendit
898 2379 969 2456 sibi
987 2405 1135 2456 crucem
1149 2379 1189 2454 in
1203 2407 1276 2486 qua
1297 2397 1376 2458 erat
1387 2407 1521 2486 ymago
1536 2379 1651 2459 lhesu
1666 2379 1801 2459 Christi

378 2509 561 2597 crucifixi,
589 2524 627 2585 et
653 2509 783 2613 petivit
806 2509 853 2586 ab
878 2537 925 2585 eo
950 2508 1071 2586 dictus
1098 2508 1282 2613 recipiens
1304 2526 1432 2587 utrum
1463 2508 1631 2586 crederet
1652 2511 1690 2586 in
1715 2537 1801 2588 eum

378 2640 485 2745 cujus
510 2655 588 2714 erat
611 2638 664 2714 ihi
689 2635 808 2744 figura
833 2639 997 2742 depicta,
1018 2638 1084 2744 qui
1105 2637 1302 2743 respondit
1320 2637 1427 2743 quod
1445 2637 1513 2729 sic,
1536 2655 1573 2716 et
1592 2654 1682 2716 tunc
1700 2667 1802 2716 com-

377 2769 473 2874 pulit
493 2797 579 2846 eum
602 2766 649 2842 ad
664 2767 925 2875 abnegandum
944 2767 1099 2843 Jhesum
1114 2767 1307 2845 Christum
1325 2784 1361 2843 et
1381 2767 1595 2872 spuendum
1616 2784 1674 2846 ter
1692 2796 1801 2876 supra

379 2926 527 2976 erucem
548 2915 585 2976 et
598 2898 821 3004 ymaginem.
840 2899 1091 3004 Interrogatus
1111 2897 1160 2974 de
1179 2914 1266 2976 voto
1291 2897 1482 2988 castitatis,
1502 2899 1595 2976 dixit
1615 2926 1684 3004 per
1699 2901 1802 3008 jura·

379 3045 548 3106 mentum
564 3056 675 3104 suum
696 3028 798 3134 quod
821 3027 913 3104 dixit
930 3027 1002 3105 sibi
1021 3024 1125 3133 quod
1139 3027 1292 3106 omnino
1308 3027 1512 3107 abstineret
1525 3057 1545 3106 a
1560 3028 1797 3120 mulieribus,

379 3177 418 3236 et
436 3159 466 3234 si
487 3157 588 3236 calor
606 3157 784 3236 naturalis
804 3174 971 3234 moveret
991 3185 1094 3247 eum,
1116 3156 1219 3262 quod
1239 3157 1499 3236 commisceret
1520 3187 1559 3235 se
1579 3187 1666 3236 cum
1683 3160 1800 3237 fratri-

378 3288 451 3366 bus
472 3287 559 3366 dicti
579 3287 734 3365 ordinis.
756 3287 971 3393 Requisitus
991 3287 1039 3364 de
1059 3288 1207 3378 osculo,
1230 3287 1322 3365 dixit
1335 3317 1402 3395 per
1412 3289 1670 3395 juramentum
1690 3319 1798 3368 suum

372 3418 484 3524 quod
504 3417 691 3498 osculatus
709 3417 782 3498 fuit
801 3417 941 3498 dictum
961 3418 1203 3524 recipientem
1221 3419 1259 3494 in
1280 3417 1460 3500 umbilico
1474 3436 1512 3497 et
1529 3419 1568 3498 in
1584 3449 1649 3496 ore
1665 3419 1799 3498 solum·

379 3551 505 3628 modo.

435 3681 827 3787 Interrogatusutrum
840 3679 888 3770 vi,
903 3679 961 3758 vel
973 3698 1078 3759 metu
1097 3681 1253 3760 carceris
1265 3681 1323 3760 vel
1336 3695 1626 3770 tormentorum,
1649 3697 1712 3759 ant
1730 3681 1798 3760 ali-

378 3839 453 3917 qua
467 3809 538 3887 alia
561 3809 609 3888 de
629 3837 755 3900 causa,
778 3809 940 3917 aliquam
956 3809 1155 3890 falsitatem
1170 3812 1321 3903 dixerit,
1337 3828 1400 3892 aut
1417 3813 1608 3890 veritatem
1626 3811 1796 3902 tacuerit,

380 3940 472 4016 dixit
489 3967 557 4045 per
566 3941 825 4048 juramentum
845 3969 954 4020 suum
969 3942 1073 4048 quod
1092 3971 1186 4033 non;
1208 3945 1324 4021 immo
1340 3939 1431 4021 dixit
1444 3971 1575 4050 puram
1594 3943 1796 4022 veritatem.

434 4203 528 4278 ltem
543 4198 658 4278 frater
670 4201 862 4280 Johrnnes
874 4201 921 4279 de
935 4201 1198 4310 Lainguevilla‚
1216 4207 1321 4282 etatis
1333 4205 1600 4312 quinquaginta
1614 4231 1798 4283 annorum

378 4331 435 4410 vel
449 4331 560 4420 circa,
573 4331 719 4439 juratus
739 4331 874 4411 eodem
894 4333 1009 4411 modo
1029 4334 1076 4411 de
1096 4362 1135 4412 se
1153 4353 1190 4412 ct
1208 4334 1288 4412 aliis
1302 4335 1342 4411 in
1358 4363 1465 4413 causa
1484 4332 1574 4411 fidei
1593 4332 1743 4439 plenam
1762 4351 1798 4412 et

377 4487 510 4568 puram
521 4461 757 4570 acintegram
769 4464 893 4542 dicere
902 4464 1116 4556 veritatem,
1134 4484 1172 4544 et
1180 4466 1383 4572 requisitus
1395 4465 1442 4542 de
1453 4483 1622 4569 tempore
1632 4492 1673 4541 ac
1682 4464 1796 4542 modo

375 4619 442 4670 sue
470 4593 715 4699 recepciouis‚
741 4594 832 4671 dixit
855 4623 924 4700 per
942 4595 1200 4702 juramentum
1226 4623 1338 4674 suum
1362 4595 1468 4703 qnod
1492 4583 1665 4700 receptus
1685 4593 1797 4671 fuerit

376 4724 477 4830 apud
500 4725 741 4803 Summerens
770 4726 929 4826 diocesis
958 4694 1236 4818 Ambidnensis,
1264 4729 1304 4804 in
1334 4727 1429 4806 sesto
1459 4728 1574 4805 sancti
1605 4725 1796 4806 Michaelis

374 4853 527 4932 fuerunt
554 4856 742 4935 sexdecim
767 4858 870 4946 anni,
891 4884 960 4963 per
986 4857 1137 4937 fratrem
1166 4858 1373 4939 Robertum
1401 4857 1449 4934 de
1474 4856 1610 4935 Sancto
1639 4855 1798 4934 Pentha-
