4202 5876
633 523 638 530 ’
685 514 883 644 exores
910 532 1007 606 oss
1034 524 1337 605 Truetlsus.
1653 531 1722 604 ror

353 677 411 754 Ad
426 675 540 754 lxxuu
561 675 756 754 articulum
774 674 971 783 diligenter
991 675 1255 782 interrogatus,
1276 673 1503 780 respondens
1523 673 1616 750 dixit
1634 675 1729 752 sicut

297 810 335 883 in
355 833 456 885 tuum
475 806 630 885 articulo
650 836 760 914 supra
781 807 888 895 dixit,
910 806 1076 884 adiciens
1095 806 1199 914 quod
1218 805 1386 912 quandiu
1404 805 1533 885 fratres
1555 807 1643 884 dicti
1669 836 1730 884 or·
1780 792 1783 811 ι

296 938 393 1016 dinis
413 937 551 1016 habere
571 956 726 1044 possunt
745 938 955 1016 facultatem
971 937 1132 1015 adeundi
1155 937 1304 1015 fratrem
1321 936 1550 1045 capellanum
1562 938 1729 1046 ejusdem

296 1071 438 1148 ordinis
456 1071 602 1176 sibique
624 1069 825 1148 confitendi
854 1099 919 1148 sua
940 1087 1104 1177 peccata,
1124 1071 1228 1177 juxta
1250 1087 1383 1148 statuta
1408 1069 1497 1148 dicti
1522 1072 1663 1149 ordinis
1683 1073 1730 1150 ad

296 1203 484 1280 neminem
500 1202 613 1279 alium
631 1220 730 1279 extra
746 1203 888 1279 dictum
903 1202 1074 1279 ordinem
1092 1202 1146 1279 ire
1158 1201 1312 1294 debent,
1328 1202 1398 1279 nisi
1412 1203 1450 1279 in
1466 1202 1629 1305 deffectu
1641 1202 1728 1281 dicti

297 1332 417 1412 fratris
437 1334 615 1440 capellani
642 1334 809 1412 confiteri
835 1335 949 1412 velint
972 1336 1187 1412 auctoritate
1215 1334 1366 1440 propria
1393 1334 1568 1441 religioso
1593 1336 1731 1441 presbi-

295 1485 376 1544 tero
399 1485 462 1544 aut
481 1465 542 1543 alii
563 1467 770 1572 presbitero
790 1467 957 1544 seculari.

353 1593 411 1676 Ad
430 1597 529 1686 lxm,
551 1595 646 1676 lxxvi
663 1615 700 1674 et
719 1596 826 1677 lxxvu
852 1596 1025 1675 articulos
1050 1596 1242 1686 inclusive,
1266 1596 1464 1704 diligenter
1483 1615 1520 1673 et
1544 1595 1730 1704 sigillatim

297 1730 557 1835 interrogatus,
579 1728 808 1835 respondens
832 1729 979 1837 negavit
1002 1729 1103 1835 ipsos
1123 1727 1296 1806 articulos
1318 1748 1356 1805 et
1381 1729 1504 1807 omnia
1531 1746 1568 1806 et
1589 1729 1731 1836 singula
1772 1778 1778 1792 ·

297 1879 465 1939 contenta
484 1861 521 1936 in
543 1860 611 1951 eis,
639 1860 801 1938 adiciens
821 1860 926 1968 quod
950 1860 1039 1937 dicti
1063 1888 1207 1938 errores
1229 1859 1430 1968 dequibus
1454 1861 1493 1937 in
1514 1860 1621 1939 dictis
1646 1861 1732 1938 arti-

297 1991 388 2072 culis
406 1992 449 2069 fit
466 1992 607 2070 mentio
626 2021 703 2069 non
717 1991 867 2070 fuerunt
881 1994 919 2068 in
939 1993 1020 2099 ipso
1041 1993 1106 2099 qui
1122 1992 1290 2098 loquitur
1301 2021 1371 2069 neo
1383 1993 1421 2068 in
1436 1991 1563 2098 aliquo
1577 1992 1731 2070 fratrum

297 2123 438 2202 ordinis
457 2123 659 2230 supradicti
675 2153 787 2230 quem
804 2125 882 2230 ipse
898 2141 1028 2202 notum
1043 2123 1234 2214 habuerit3
1257 2139 1294 2200 ct
1308 2122 1409 2199 idem
1426 2123 1544 2200 credit
1557 2124 1661 2230 quod
1684 2123 1729 2202 de

297 2256 437 2362 seipso
463 2254 555 2330 dixit
584 2254 632 2332 de
660 2255 814 2362 singulis
844 2254 1018 2334 fratribus
1048 2253 1190 2332 ordinis
1214 2253 1431 2360 supradicti,
1456 2271 1609 2360 propter
1628 2256 1731 2362 quod

295 2415 371 2464 non
387 2385 456 2464 fuit
471 2385 694 2494 negligentia
709 2415 778 2464 nec
795 2385 866 2464 fuit
885 2415 1034 2464 necesse
1052 2387 1151 2496 ipsos
1167 2413 1311 2463 errores
1327 2385 1460 2493 corrigi
1480 2415 1549 2463 nec
1563 2387 1730 2464 nunciari

296 2517 476 2609 Ecclesia,
494 2547 580 2596 cum
594 2547 670 2596 non
686 2537 817 2598 essent.

353 2650 411 2728 Ad
421 2650 544 2731 lxxvut
556 2667 593 2727 et
607 2650 705 2728 lxxtx
717 2651 891 2729 articulos
906 2635 1094 2743 inclusiie,
1113 2650 1311 2760 diligenter
1321 2669 1357 2729 et
1372 2650 1559 2759 sigillatim
1576 2652 1731 2727 interro-

296 2801 415 2892 gatus,
437 2782 667 2890 respondens
686 2784 831 2890 negavit
846 2784 945 2891 ipsos
966 2782 1140 2862 articulos
1156 2802 1192 2862 et
1207 2783 1332 2862 omnia
1348 2801 1385 2860 et
1404 2784 1546 2891 singula
1561 2801 1731 2861 contenta

296 2915 335 2991 in
356 2915 425 3004 eis,
447 2915 587 2992 addens
607 2915 711 3022 quod
727 2916 825 2993 inter
839 2915 909 2994 alia
929 2932 1063 2993 statuta
1077 2916 1134 2992 sui
1147 2915 1289 2994 ordinis
1299 2945 1373 3023 que
1377 2915 1505 3022 jurant
1519 2916 1589 3022 ipsi
1602 2915 1731 2992 fratres

297 3075 439 3124 servare
461 3064 658 3136 ettonem,
682 3064 736 3124 est
754 3047 858 3154 quod
871 3076 946 3124 non
968 3046 1129 3125 debeant
1149 3047 1290 3155 aliquid
1309 3047 1443 3156 injuste
1464 3047 1662 3155 adquirere
1675 3047 1732 3124 vel

298 3180 358 3256 alii
375 3179 591 3258 subtrahere
612 3208 766 3286 quoquo
783 3181 917 3272 mod03
940 3197 977 3256 et
996 3181 1060 3286 qui
1077 3197 1202 3258 contra
1217 3180 1355 3258 faceret
1368 3183 1564 3289 quisquam
1580 3180 1627 3257 de
1643 3181 1731 3287 ipsis

296 3311 487 3399 fratribus,
506 3312 610 3420 juxta
625 3312 748 3389 statuti
765 3311 923 3418 predicti
940 3312 1075 3390 seriem
1090 3313 1249 3420 graviter
1266 3314 1473 3419 puniretur.
1685 3415 1694 3422 ..

353 3443 412 3520 Ad
430 3442 512 3523 lxxx
530 3461 567 3521 et
584 3443 681 3522 lxxxr
701 3443 874 3522 articulos
889 3443 1076 3534 inclusive,
1096 3442 1293 3551 diligenter
1313 3462 1350 3520 et
1369 3444 1554 3552 sigillatim
1574 3445 1732 3521 interro-

296 3594 416 3681 gatus,
436 3575 667 3682 respondens
686 3575 830 3682 negavit
850 3576 950 3681 ipsos
965 3573 1139 3653 articulos
1156 3592 1191 3652 et
1207 3574 1331 3652 omnia
1348 3592 1384 3650 et
1399 3573 1540 3682 singula
1561 3592 1730 3652 contenta

298 3709 336 3783 in
352 3709 405 3785 eis
421 3736 499 3786 csse
521 3737 615 3785 vera.

354 3837 412 3914 Ad
433 3837 542 3916 lxxxx!
562 3837 757 3916 articulum
779 3838 976 3945 diligenter
994 3839 1255 3945 interrogatus,
1274 3839 1504 3946 respondeus
1523 3839 1614 3916 dixit
1628 3840 1732 3946 quod

298 3968 327 4044 si
344 3965 459 4072 aliqui
480 3967 609 4046 fratres
632 3968 721 4048 dicti
743 3970 885 4047 ordinis
911 3969 949 4044 in
974 3998 1106 4080 magna
1129 3969 1367 4046 multitudine
1387 3969 1444 4047 vel
1464 3970 1502 4046 in
1522 3999 1631 4076 parva
1649 3998 1732 4046 con·

298 4099 383 4176 fessi
404 4117 489 4176 sunt
514 4129 658 4178 errores
682 4101 730 4178 de
758 4102 895 4210 quibus
919 4103 955 4179 in
982 4100 1147 4180 articulis
1167 4103 1302 4209 agitur,
1320 4101 1475 4180 confessi
1496 4118 1598 4192 sunt,
1620 4122 1732 4207 prout

298 4230 434 4319 credit,
456 4249 581 4310 contra
596 4262 728 4339 puram
744 4235 953 4324 veritatem,
972 4251 1008 4310 et
1030 4233 1175 4310 mentiti
1192 4251 1276 4312 sunt
1294 4235 1332 4310 in
1353 4252 1462 4342 caput
1485 4263 1595 4312 suum
1614 4251 1650 4311 et
1663 4249 1731 4340 per

297 4363 399 4469 gulas
420 4391 551 4440 eornm
567 4362 685 4442 falsas.

353 4494 413 4572 Ad
423 4493 564 4584 lxxxux,
580 4495 715 4574 lxxxnn
732 4513 769 4573 et
782 4496 889 4575 lxxxv
901 4495 1076 4574 articulos
1084 4496 1273 4587 inclusive,
1289 4496 1531 4604 diligenteret
1543 4495 1731 4605 sigillatim

298 4626 558 4734 interrogatus,
585 4627 815 4734 respondens
833 4627 926 4704 dixit
944 4627 1048 4735 quod
1067 4627 1198 4706 fratres
1221 4627 1286 4735 qui
1307 4627 1463 4706 confessi
1484 4647 1569 4706 sunt
1588 4655 1730 4705 errores

298 4785 421 4834 coram
442 4757 595 4834 domino
611 4774 737 4835 nostro
752 4785 846 4864 papa
862 4775 899 4836 et
913 4757 1075 4834 dominis
1093 4755 1340 4836 cardinalibus
1362 4757 1401 4835 in
1420 4759 1638 4835 consistorio
1659 4787 1730 4864 pu-

296 4887 395 4966 blico
406 4889 537 4996 jurati,
560 4889 607 4966 de
628 4889 765 4997 quibus
785 4889 938 4996 quidem
962 4890 1150 4968 erroribus
1164 4890 1203 4968 in
1221 4890 1384 4969 articulis
1397 4889 1538 4968 mentio
1553 4889 1727 4981 habetur,
