4242 5890
699 533 899 626 esoces
924 551 1022 624 nes
1047 551 1347 626 remersus.
1661 563 1736 638 sos

311 689 459 797 plenius
480 691 731 780 continentur,
753 719 925 770 unacum
942 693 1199 798 suprascriptis
1210 693 1368 771 testibus
1389 711 1427 772 et
1444 697 1619 802 magistro
1635 699 1736 780 Gau-

311 819 410 898 frido
422 820 612 928 Enguelor
624 820 725 898 dicto
741 819 902 926 Chalop,
919 822 1065 898 notario
1080 822 1253 926 publico,
1267 851 1422 927 presens
1435 825 1604 917 interlui,
1617 859 1674 919 ac,
1688 832 1735 909 de

313 950 486 1029 mandato
511 951 745 1058 inquisitoris
763 949 941 1056 predicti,
968 951 1007 1026 in
1027 951 1101 1028 hoc
1120 951 1273 1056 publico
1297 953 1546 1034 instrumento
1566 987 1626 1036 me
1649 961 1737 1039 sub-

312 1081 440 1186 scripsi
451 1082 490 1158 in
501 1081 758 1160 testimonium
768 1082 1052 1188 premissorum,
1065 1081 1235 1190 illudque
1248 1084 1355 1192 signo
1368 1113 1454 1163 meo
1470 1086 1581 1168 solito
1598 1090 1735 1194 signavi
1764 1177 1767 1182 A

312 1229 472 1319 rogatus.

369 1475 416 1551 Et
440 1499 508 1578 ego
530 1471 732 1553 Gaulridus
751 1474 941 1580 Enguelor
958 1476 1081 1552 dictus
1100 1475 1264 1580 Chalop‚
1286 1477 1440 1556 clericus
1462 1479 1637 1557 Dolensis
1656 1479 1738 1560 dio-

314 1603 423 1692 cesis,
438 1603 638 1708 apostolica
657 1604 876 1683 auctoritate
896 1605 1062 1682 notarius
1081 1605 1272 1711 publicus,
1294 1607 1484 1710 premissis
1504 1609 1681 1686 omnibus
1701 1629 1738 1688 et

314 1732 472 1839 singulis
492 1733 530 1808 in
549 1733 617 1809 hac
635 1733 739 1838 pecie
760 1734 964 1822 contentis,
994 1760 1068 1809 una
1089 1762 1175 1810 cum
1196 1735 1305 1840 dictis
1323 1734 1490 1813 testibus
1502 1765 1544 1812 ac
1560 1737 1736 1844 magistro

313 1861 455 1939 Amisio
481 1862 627 1939 notario
643 1862 812 1966 publico,
834 1891 987 1966 presens
1007 1862 1175 1950 interfui,
1197 1865 1235 1939 in
1255 1865 1516 1942 testimonium
1538 1872 1738 1972 premisso-

314 2019 397 2068 rum
417 2019 478 2068 me
499 1991 710 2095 subscripsi,
737 2008 774 2068 et
790 1990 937 2096 signum
964 2019 1091 2069 meum
1111 1993 1266 2095 apposui
1287 2012 1507 2072 consuetiun
1527 2013 1675 2074 vocatus
1702 2017 1740 2074 et

315 2137 475 2226 rogatus.
759 2121 763 2128 ’

370 2382 557 2461 lnChristi
571 2383 722 2460 nomine
738 2411 860 2460 amen.
875 2386 1002 2460 Pateat
1016 2383 1197 2460 universis
1211 2411 1279 2488 per
1292 2385 1364 2460 hoc
1375 2410 1529 2489 presens
1544 2385 1737 2490 publicum

316 2514 609 2590 instrumentum
628 2513 733 2621 quod
756 2541 854 2589 anno
874 2513 1030 2591 Domini
1050 2513 1250 2590 millesimo
1270 2515 1532 2592 trecentesimo
1556 2517 1735 2621 septimo,

316 2639 502 2719 indicione
514 2659 634 2751 ¹senta,
650 2670 780 2720 mense
793 2641 971 2728 octobris,
987 2642 1158 2718 vicesima
1172 2659 1303 2748 quarta
1323 2641 1384 2719 die
1400 2642 1569 2747 ejusdem
1584 2646 1738 2732 mensis,

316 2771 553 2876 pontificatus
580 2771 798 2849 sanctissimi
824 2772 936 2877 patris
962 2771 1106 2848 domini
1133 2771 1334 2849 Clementis
1359 2771 1481 2848 divina
1500 2773 1739 2876 providencia

315 2928 409 3005 pape
434 2902 558 3006 quinti
587 2929 686 2978 anno
711 2902 897 2989 secundo,
928 2902 967 2976 in
989 2901 1152 3007 religiosi
1173 2901 1300 2978 viriet
1323 2899 1471 2977 bonesti
1490 2899 1613 2978 fratris
1635 2901 1741 2980 Guil-

317 3028 425 3106 lermi
450 3030 497 3106 de
519 3031 680 3110 Parisios
704 3031 845 3108 ordinis
864 3031 1160 3118 Predicatorum,
1188 3030 1419 3136 inquisitoris
1443 3028 1608 3108 heretice
1627 3033 1741 3136 pravi·

316 3161 402 3238 tatis
415 3160 454 3236 in
470 3187 585 3268 regno
602 3162 756 3238 Francie
772 3162 987 3239 auctoritate
1001 3160 1201 3267 apostolica
1217 3161 1403 3267 deputati,
1420 3160 1459 3235 in
1474 3159 1588 3238 domo
1602 3161 1740 3240 milicie

317 3291 464 3395 Templi
494 3292 656 3368 Parisios
680 3320 749 3398 pro
784 3291 1011 3397 inquirendo
1041 3308 1168 3367 contra
1195 3291 1375 3396 quasdam
1397 3318 1574 3395 personas
1599 3291 1741 3369 ibidem

319 3420 514 3497 existentes
531 3420 653 3496 eidem
673 3420 813 3497 deletas
833 3449 946 3526 super
966 3421 1066 3497 dicto
1087 3420 1240 3495 crimine
1256 3419 1462 3506 existentis,
1491 3437 1662 3497 nostrum
1678 3451 1741 3527 pu-

316 3547 501 3626 blicorum
532 3550 763 3626 notariorum
783 3568 820 3626 et
839 3548 1157 3654 infrascriptorum
1175 3549 1366 3654 presencia
1392 3547 1637 3652 personaliter
1658 3575 1742 3626 con-

318 3679 467 3756 stitutus
503 3679 614 3758 frater
649 3655 808 3757 lacobus
838 3681 886 3756 de
916 3679 1039 3785 Molay
1066 3680 1185 3786 major
1213 3680 1389 3785 Magister
1431 3679 1574 3755 ordinis
1602 3679 1740 3756 milicie

318 3808 482 3914 Templi,
498 3810 644 3916 juratus
661 3810 710 3886 ad
725 3826 849 3887 sancta
868 3811 938 3886 Dei
958 3809 1170 3914 Evangelia,
1191 3807 1315 3884 eidem
1334 3807 1522 3912 preposita
1537 3823 1575 3884 et
1593 3807 1639 3884 ab
1659 3809 1740 3914 ipso

319 3939 559 4042 corporaliter
574 3957 688 4027 tacta,
710 3939 834 4016 dicere
855 3941 903 4016 de
923 3967 962 4016 se
977 3955 1014 4015 et
1033 3938 1115 4015 aliis
1130 3939 1167 4014 in
1186 3965 1294 4014 causa
1313 3935 1403 4014 fidei
1417 3935 1583 4041 plenam,
1601 3965 1740 4014 meram

320 4084 357 4144 et
376 4070 558 4175 integram
574 4071 783 4158 veritatem,
802 4087 838 4145 et
853 4069 1105 4174 interrogatus
1125 4066 1172 4143 de
1188 4085 1359 4172 tempore
1378 4082 1416 4141 et
1428 4065 1543 4142 modo
1560 4067 1742 4173 recepcio

320 4198 377 4274 nis
396 4226 479 4286 sue,
502 4198 593 4274 dixit
613 4228 681 4304 per
694 4199 949 4304 juramentum
969 4225 1080 4273 suum
1101 4197 1205 4302 quod
1217 4222 1288 4272 χιιι
1304 4195 1389 4270 anni
1403 4212 1491 4272 sunt
1506 4195 1620 4299 elapsi
1637 4197 1742 4302 quod

320 4323 391 4403 luit
414 4344 584 4431 receptus
613 4328 715 4432 apud
733 4326 888 4402 Belnam
914 4325 1101 4402 Eduensis
1127 4324 1301 4410 diocesis,
1322 4351 1391 4428 per
1410 4323 1562 4400 fratrem
1586 4325 1742 4402 Ymber-

320 4470 401 4531 tum
431 4455 477 4532 de
504 4456 645 4533 Parado
680 4454 855 4544 militem,
877 4453 1112 4561 presentibus
1139 4452 1314 4529 fratribus
1333 4453 1518 4530 Amalrico
1542 4455 1589 4530 de
1610 4456 1741 4563 Ruppe

322 4602 358 4661 et
381 4585 554 4692 pluribus
577 4585 657 4662 aliis
675 4585 852 4662 fratribus
872 4586 920 4661 de
939 4612 1102 4690 quorum
1123 4582 1342 4660 nominibus
1364 4610 1441 4659 non
1468 4582 1609 4660 recolit.
1642 4586 1744 4664 Dixit

323 4715 439 4794 eciam
462 4743 531 4821 per
544 4695 802 4823 juramentum
820 4743 930 4792 suum
951 4713 1070 4820 quod,
1097 4729 1182 4818 post
1200 4711 1334 4788 multas
1348 4713 1613 4815 promissiones
1632 4714 1678 4792 ab
1697 4743 1742 4794 eo

321 4842 432 4938 lectas
451 4875 564 4952 super
583 4845 831 4924 observanciis
852 4862 890 4922 et
903 4845 1050 4922 statutis
1071 4842 1160 4922 dicti
1181 4841 1340 4930 ordinis,
1362 4861 1571 4947 posuerunt
1590 4847 1742 4923 mantel-

428 5002 533 5061 enoclss
549 5020 601 5062 oss
616 5019 789 5076 rennuens.
805 5033 846 5046 -—
863 5019 895 5058 n.
1533 4997 1572 5078 39
