4202 5876
428 541 501 615 ara
815 523 1011 615 ruccas
1037 539 1133 613 ons
1161 539 1462 614 raurarans.

231 681 235 698 '
321 781 324 786 A
425 683 471 760 ab
493 712 536 760 eo
553 683 617 790 qui
638 681 816 788 recipitur
837 682 885 759 ad
904 681 1077 761 ordinem
1098 681 1187 758 dicti
1208 683 1356 789 Templi
1383 682 1536 758 fuerunt
1555 709 1575 756 a
1597 709 1637 757 se
1652 682 1795 788 quesita
1817 702 1854 761 et

426 841 600 919 responsa
612 815 664 890 eis
680 813 764 889 data
779 841 800 889 a
815 841 871 902 se,
895 814 991 891 sicut
1007 811 1121 890 frater
1133 811 1424 891 Bartholomeus
1439 814 1486 890 de
1502 813 1623 890 Turre
1638 812 1853 918 capellanus

425 944 512 1021 dicti
538 943 694 1032 ordinis,
727 944 872 1049 primus
897 945 1018 1031 testis,
1046 945 1138 1020 dixit
1163 961 1201 1021 et
1225 945 1264 1020 in
1283 972 1351 1022 sua
1374 944 1642 1022 testificacione
1664 946 1850 1052 superius,

423 1093 535 1180 prout
555 1075 690 1162 credit,
708 1074 897 1179 deposuit,
919 1092 957 1152 et
974 1075 1013 1150 in
1030 1073 1129 1152 libro
1150 1089 1372 1152 statutorum
1393 1075 1482 1153 dicti
1503 1074 1647 1152 ordinis
1667 1090 1706 1152 et
1723 1075 1852 1182 regule

423 1205 484 1280 illa
504 1233 578 1311 que
598 1204 728 1280 fratres
746 1221 920 1281 tenentur
934 1205 1083 1312 jurare,
1105 1204 1246 1292 dicere,
1271 1205 1391 1282 lacere
1414 1224 1451 1282 et
1470 1205 1677 1311 exprimere
1693 1206 1732 1282 in
1751 1235 1852 1284 rece·

424 1337 557 1440 pcione
577 1363 661 1424 sua,
692 1336 835 1412 noviter
860 1335 1014 1424 faciunt,
1043 1335 1256 1440 exprimunt
1275 1351 1314 1412 et
1334 1335 1539 1423 declarant,
1562 1336 1710 1444 plenius
1732 1339 1852 1415 conti-

423 1485 543 1542 netur.
566 1468 660 1544 Cum
681 1467 782 1542 enim
795 1466 873 1570 ipse
889 1465 937 1542 sit
956 1465 1082 1572 laycus
1098 1466 1163 1571 qui
1179 1464 1357 1572 loquitur,
1377 1494 1454 1544 non
1473 1468 1600 1572 potuit
1616 1469 1654 1544 in
1670 1470 1850 1546 memoria

422 1597 615 1674 continere
634 1599 806 1673 universa
826 1613 864 1672 et
883 1594 1029 1702 singula
1049 1624 1124 1702 que
1141 1594 1272 1674 fratres
1290 1596 1379 1674 dicti
1400 1597 1546 1675 ordinis
1559 1599 1690 1705 jurant
1710 1615 1748 1676 et
1766 1629 1851 1706 pro-

421 1729 592 1815 mittunt,
607 1755 677 1802 nec
692 1725 754 1802 illa
764 1755 838 1832 que
853 1755 873 1802 a
888 1725 1155 1830 recipientibus
1169 1745 1381 1832 querrmtur
1393 1729 1539 1806 noviter
1554 1757 1574 1804 a
1588 1730 1759 1836 receptis.
1775 1731 1848 1808 Sed

424 1862 515 1937 dixit
526 1877 564 1936 et
576 1856 756 1962 expressit
765 1855 887 1961 aliqua
896 1871 935 1932 et
949 1855 1021 1932 alia
1032 1855 1079 1931 de
1092 1853 1231 1962 quibus
1244 1883 1319 1933 non
1333 1858 1560 1948 recordatur,
1569 1858 1661 1935 dixit
1673 1885 1753 1938 esse
1764 1887 1851 1938 con-

421 2007 570 2069 tentaet
579 1989 713 2094 scripta
724 1987 763 2063 in
777 1985 874 2064 libro
885 1985 1049 2092 quodam
1060 2003 1284 2065 statutorum
1298 2005 1334 2064 et
1344 1988 1473 2093 regule
1482 1987 1625 2068 ordinis
1633 1991 1847 2096 supradicti.

477 2121 535 2198 Ad
553 2119 688 2196 lxxxvu
708 2132 746 2193 et
765 2115 910 2194 lxxxvur
935 2135 972 2193 et
990 2117 1169 2196 ultimum
1188 2115 1363 2195 articulos
1384 2118 1585 2227 diligenter
1604 2136 1642 2196 et
1660 2119 1847 2228 sigillatim

421 2251 684 2356 interrogatus,
700 2245 792 2322 dixit
808 2273 847 2322 se
868 2273 937 2323 nec
957 2247 1051 2322 scire
1071 2275 1142 2324 nec
1159 2247 1312 2324 credere
1336 2275 1482 2326 errores
1503 2249 1551 2326 de
1573 2251 1713 2356 quibus
1732 2252 1849 2357 agitur

421 2383 457 2458 in
474 2380 653 2467 articulis,
666 2406 735 2456 nec
749 2377 911 2484 aliquem
922 2379 969 2455 de
986 2377 1127 2456 eisdem
1143 2379 1325 2486 originem
1343 2379 1517 2458 habuisse
1533 2381 1572 2457 in
1588 2380 1689 2458 dicto
1703 2383 1844 2470 ordine,

412 2540 489 2588 nec
505 2511 552 2587 de
571 2512 625 2587 eis
640 2509 680 2584 in
695 2509 776 2615 ipso
792 2507 926 2586 ordine
941 2535 1009 2614 per
1025 2507 1190 2615 aliquem
1204 2508 1261 2585 vel
1281 2508 1427 2615 aliquos
1440 2510 1673 2587 mentionem
1687 2511 1846 2618 aliquam

320 2683 326 2694 ·
419 2642 552 2718 factam
568 2669 664 2728 esse,
687 2667 757 2716 nac
776 2638 824 2716 de
845 2639 953 2716 dictis
974 2639 1163 2716 erroribus
1182 2665 1411 2746 quemquam
1426 2640 1515 2717 dicti
1533 2641 1677 2718 ordinis
1697 2641 1844 2720 fratrem

420 2771 589 2847 locutum
616 2768 750 2856 luisse,
775 2796 844 2845 ncc
863 2768 982 2846 credit
1000 2767 1104 2875 quod
1130 2797 1150 2844 a
1176 2769 1277 2846 dicto
1297 2769 1429 2846 ordine
1448 2768 1505 2846 vel
1524 2771 1572 2847 ab
1592 2770 1718 2876 aliquo
1735 2800 1845 2880 quare

421 2901 511 2976 dicti
529 2927 672 2978 errores
687 2896 1016 2976 introducerentur
1031 2898 1088 2976 vel
1101 2898 1233 2976 fierent
1249 2927 1396 2977 causam
1409 2927 1488 2978 esse
1503 2901 1705 2988 inventam,
1728 2900 1845 2980 donec

422 3030 468 3108 de
485 3031 538 3108 eis
556 3031 698 3108 mentio
718 3029 790 3106 fuit
808 3028 900 3106 lacta
916 3029 1139 3136 generaliter
1154 3030 1253 3107 inter
1269 3057 1349 3118 cos,
1370 3032 1552 3137 captionis
1569 3048 1606 3108 et
1622 3033 1844 3110 detentionis

419 3178 589 3266 tempore
631 3159 848 3238 eorturdem.
883 3161 958 3236 Nec
986 3158 1106 3236 credit
1136 3159 1414 3237 venerationem
1444 3161 1631 3239 dictorum
1660 3189 1843 3249 errorum,

418 3291 620 3397 ydolorum
647 3289 705 3368 vel
731 3291 911 3397 capitum,
939 3319 1008 3367 nec
1033 3291 1241 3369 custodiam
1269 3292 1496 3384 eorundem,
1522 3293 1656 3370 factam
1674 3292 1788 3370 fuisse
1810 3295 1844 3368 in

419 3421 519 3500 dicto
540 3423 674 3500 ordine
690 3421 748 3498 vel
762 3423 801 3498 in
816 3421 942 3526 aliquo
956 3421 1040 3500 loco
1061 3423 1159 3530 ejus,
1182 3421 1248 3500 sed
1264 3423 1384 3500 credit
1397 3421 1486 3500 falsa
1502 3451 1582 3500 esse
1598 3423 1746 3528 penitus
1762 3453 1843 3502 con·

417 3569 518 3630 tenta
537 3554 576 3629 in
591 3551 755 3630 articulis
775 3551 1006 3657 supradictis.

406 3684 409 3692 ’
474 3685 595 3788 Super
615 3682 696 3760 aliis
715 3711 802 3760 vero
817 3684 864 3760 de
884 3681 1023 3792 quibus
1038 3683 1175 3790 inquiri
1198 3684 1403 3789 precipitur
1423 3682 1729 3770 circumstanciis,
1752 3685 1843 3760 sicut

417 3813 555 3919 pericie
580 3813 699 3892 visum
726 3813 846 3890 fuerat
869 3814 1108 3920 inquirentis,
1132 3815 1333 3920 inquisitus
1359 3833 1396 3891 et
1417 3815 1666 3919 interrogatus
1687 3812 1842 3917 diligen-

416 3961 485 4030 ter,
507 3941 602 4018 dixit
621 3969 661 4020 se
676 3941 783 4048 plura
798 3941 870 4019 alia
884 3943 1040 4020 nescire.

473 4203 582 4281 Anno
602 4227 678 4308 quo
698 4229 826 4308 supra,
848 4202 1063 4280 xlralendas
1085 4202 1272 4280 februarii.

473 4334 566 4411 Xlll.
586 4333 717 4410 Frater
734 4332 976 4440 Raymundus
997 4331 1096 4410 ttutli
1117 4333 1261 4412 ordinis
1281 4332 1372 4409 dicti
1393 4331 1545 4439 Templi
1568 4331 1704 4410 domus
1726 4332 1839 4408 Mansi

417 4464 504 4553 Dei,
525 4464 630 4542 testis
644 4464 790 4571 juratus
810 4464 858 4541 ad
878 4491 979 4542 sacra
997 4464 1067 4541 Dei
1089 4463 1284 4572 Evangelia
1300 4491 1414 4569 super
1430 4462 1607 4570 predictis
1626 4462 1792 4540 articulis
1808 4479 1842 4539 et

415 4622 549 4672 eorum
559 4594 729 4701 quolibet
747 4593 817 4672 sibi
832 4595 1007 4702 expositis
1022 4596 1061 4671 in
1073 4595 1231 4702 vulgari,
1241 4612 1281 4673 ut
1297 4593 1512 4701 principalis
1527 4594 1574 4671 de
1588 4621 1630 4672 se
1642 4593 1736 4700 ipso,
1752 4610 1790 4671 et
1801 4608 1842 4668 ut
1910 4651 1912 4658 .

415 4725 519 4804 testis
535 4724 583 4803 de
595 4725 692 4817 aliis,
708 4725 907 4832 diligenter
921 4742 958 4802 et
977 4724 1164 4832 sigillatim
1182 4724 1692 4832 interrogatus,respondens
1705 4723 1753 4800 ad
1767 4722 1841 4829 pri-

415 4883 537 4945 mum,
561 4881 727 4934 u--xrux
752 4856 926 4934 articulos
953 4849 1149 4946 inclusive,
1179 4857 1323 4962 negavit
1346 4857 1445 4963 ipsos
1466 4854 1640 4932 articulos
1660 4872 1698 4930 et
1717 4852 1840 4930 omnia
