4330 5884
759 495 956 591 enocts
982 515 1079 589 nrs
1105 515 1409 590 rrurmrns.
1725 519 1799 594 rso
1844 531 1849 544 ·

371 689 473 754 enm,
498 676 645 770 poterat
671 685 710 738 se
736 658 931 738 carnaliter
950 657 1193 738 commiscere
1214 687 1300 738 cum
1323 627 1412 737 viris
1430 657 1606 736 iratribus
1626 657 1716 737 dicti
1738 688 1801 738 or·-

371 793 481 872 diuis.

425 925 675 1033 Interrogatus
691 950 759 1028 per
777 923 1035 1030 juramentum
1057 951 1167 1000 suum
1192 942 1320 1002 utrum
1343 950 1475 1001 omues
1494 919 1555 1000 alii
1577 922 1802 1030 recipiantur

370 1083 438 1163 per
455 1055 568 1132 istum
588 1053 762 1144 modum,
785 1054 877 1132 dixit
899 1054 1004 1161 quod
1022 1033 1141 1132 noscit
1158 1082 1227 1161 pro
1243 1072 1362 1144 certo,
1388 1053 1475 1161 quia
1500 1037 1692 1161 nunquam
1711 1051 1804 1130 vidit

371 1181 538 1291 aliquem
552 1183 686 1290 recipi;
702 1184 768 1264 sed
787 1186 906 1264 credit
919 1184 1024 1292 quod
1042 1213 1121 1263 uon
1136 1185 1207 1262 fuit
1220 1184 1328 1263 aliter
1340 1183 1411 1262 sihi
1428 1182 1566 1261 lactum
1580 1211 1694 1290 quam
1709 1184 1801 1262 aliis.

427 1316 677 1422 Interrogatus
691 1313 739 1392 de
760 1317 880 1422 capite
901 1315 948 1393 de
973 1344 1049 1422 quo
1061 1314 1113 1392 fir
1132 1344 1242 1423 supra
1264 1315 1429 1405 mencio,
1444 1313 1640 1420 respondit
1659 1343 1727 1420 per
1741 1315 1804 1422 ju·

371 1462 580 1524 ramentum
599 1475 709 1524 suum
731 1474 770 1524 se
791 1445 910 1524 nichil
931 1447 1037 1526 scire.
1062 1449 1310 1554 Interrogatus
1332 1476 1401 1553 per
1414 1445 1670 1554 juramentum
1691 1473 1802 1523 snum

370 1594 497 1666 utrum
508 1578 541 1655 vi
555 1594 847 1672 tormentorum,
861 1577 921 1656 vel
934 1596 1054 1667 metu,
1071 1578 1186 1656 minis
1200 1595 1262 1656 aut
1279 1577 1401 1684 aliqua
1414 1576 1544 1655 eliade
1557 1605 1682 1666 causa,
1697 1577 1804 1654 dixis·

370 1725 427 1786 set
445 1724 512 1786 aut
530 1703 793 1788 immiscuisset
816 1709 855 1786 iu
883 1709 1122 1817 deposicione
1147 1739 1214 1788 sua
1239 1708 1402 1818 aliquam
1422 1707 1637 1797 falsitatem,
1663 1725 1728 1786 aut
1750 1725 1805 1784 ta-

371 1839 507 1918 cuisset
531 1839 692 1947 aliquam
716 1840 930 1929 veritatem,
954 1840 1047 1918 dixit
1074 1869 1142 1947 per
1164 1841 1422 1949 jurameutum
1450 1868 1559 1916 suum
1580 1839 1685 1946 quod
1707 1867 1801 1926 non,

371 1971 488 2049 immo
505 1972 646 2049 dixerat
659 1999 792 2077 puram
809 1988 846 2048 et
864 1999 1006 2049 meram
1020 1971 1229 2060 veritatem,
1241 1987 1395 2078 propter
1412 1970 1571 2047 salutem
1587 1970 1709 2047 anime
1723 1999 1803 2047 sue.

426 2103 518 2181 Aeta
537 2119 624 2180 sunt
646 2103 718 2180 hec
737 2130 852 2192 auno,
881 2103 1091 2192 indicione,
1107 2131 1254 2192 meuse,
1273 2101 1351 2192 die,
1380 2099 1616 2206 pontificatu,
1643 2129 1743 2178 auno
1768 2119 1805 2178 et

372 2235 454 2314 loco
471 2233 666 2341 predictis,
681 2231 918 2340 presentibus
942 2231 1125 2340 religiosis
1148 2233 1235 2309 viris
1254 2249 1291 2309 et
1313 2231 1481 2308 discretis
1503 2229 1678 2308 fratribus
1698 2232 1806 2337 llegi·

372 2365 483 2445 naldo
522 2367 570 2444 do
606 2364 824 2472 Albigniaco
856 2365 981 2471 priore
1009 2364 1056 2444 de
1085 2365 1264 2453 Pisciaco,
1306 2362 1511 2471 Reginaldo
1548 2362 1595 2440 de
1624 2361 1805 2441 Credolio

257 2541 262 2552 ·
372 2495 517 2577 ordinis
530 2495 829 2586 Predicatorum;
851 2495 1038 2602 magistris
1057 2495 1266 2603 Reginaldo
1286 2496 1335 2574 de
1356 2496 1507 2572 Foresta
1524 2493 1804 2580 Landunensis,

372 2626 578 2735 reginardo
597 2627 644 2705 aa
664 2625 882 2733 luigniaco
901 2626 1158 2714 asturcones,
1181 2643 1219 2703 a
1239 2603 1448 2705 austrefuso
1468 2625 1515 2703 aa
1538 2623 1645 2703 nors
1666 2623 1808 2702 noten-

372 2759 422 2838 sis
444 2758 686 2838 ecclesiarum
708 2757 913 2880 canonicis,
932 2773 969 2836 et
988 2757 1165 2864 pluribus
1187 2756 1270 2836 aliis
1289 2755 1432 2834 clericis
1451 2772 1490 2833 et
1509 2755 1630 2845 laicis,
1646 2754 1807 2833 testibus

373 2890 422 2968 ad
437 2889 512 2968 hoc
529 2888 668 2970 vocaus
685 2905 722 2966 et
737 2889 886 2994 rogatis.

430 3156 473 3234 lo
493 3156 633 3234 Christi
652 3156 807 3234 nomine
827 3183 950 3234 amen.
975 3158 1102 3262 Pateat
1122 3155 1308 3232 universis
1325 3183 1394 3260 per
1412 3153 1486 3231 hoc
1506 3177 1660 3259 presens
1680 3149 1808 3256 publi-

374 3315 461 3366 cum
476 3287 772 3366 instrumentum
792 3285 898 3392 quod
916 3313 1016 3363 anuo
1031 3286 1184 3363 Domini
1200 3285 1404 3362 millesimo
1420 3297 1500 3362 coc⁰
1520 3297 1596 3372 vu0,
1618 3281 1807 3360 indicione

374 3434 490 3506 sexta,
508 3445 637 3496 mense
658 3415 838 3505 octobris,
857 3415 1030 3495 vicesima
1049 3415 1170 3522 prima
1191 3415 1253 3492 die
1280 3415 1451 3522 ejusdem
1474 3413 1631 3503 mensis,
1655 3412 1810 3519 pontili-

374 3563 478 3626 catus
498 3547 720 3626 sanctissimi
746 3546 862 3653 patris
893 3546 1041 3624 domini
1060 3545 1268 3625 Clementis
1296 3545 1421 3623 diviua
1447 3543 1688 3650 providencia
1713 3569 1808 3649 pape

316 3725 319 3732 Α
374 3678 496 3786 quinti
517 3706 617 3757 anno
632 3678 817 3769 secundo,
833 3677 873 3754 in
892 3676 1057 3787 religiosi
1077 3677 1146 3754 viri
1169 3693 1208 3754 et
1227 3677 1376 3754 honesti
1396 3675 1518 3753 fratris
1538 3671 1739 3753 Guillermi
1760 3673 1808 3752 de

374 3808 535 3888 Parisius
572 3807 717 3887 ordinis
745 3807 1042 3898 Prcdicatorum,
1076 3806 1312 3915 inquisitoris
1348 3806 1512 3884 heretice
1546 3803 1735 3911 pravitatis
1769 3804 1808 3879 in

373 3967 491 4048 regno
505 3939 677 4030 Francis,
694 3941 913 4019 auctoritate
932 3937 1135 4045 apostolica
1150 3939 1318 4045 deputati
1339 3939 1378 4015 in
1398 3937 1514 4016 domo
1534 3934 1673 4013 milicie
1695 3936 1810 4012 Tem-

374 4069 427 4179 pli
459 4069 676 4150 Parisieusis
703 4099 773 4177 pro
806 4071 1037 4178 inquirendo
1073 4089 1203 4149 contra
1240 4068 1423 4178 quasdam
1456 4095 1634 4176 personas
1664 4064 1808 4144 ibidem

377 4201 589 4290 existentes,
621 4201 745 4278 eidem
776 4200 915 4280 delatas
945 4231 1059 4308 super
1086 4203 1188 4280 dicto
1215 4201 1371 4288 crimine
1403 4199 1610 4293 existentis,
1637 4214 1809 4277 nostrum

376 4330 618 4442 publicorum
636 4333 871 4412 notariorum
891 4349 929 4410 et
948 4333 1269 4440 infrascriptorum
1289 4333 1444 4410 testium
1463 4331 1656 4438 presencia
1678 4359 1809 4436 perso·

376 4462 511 4542 naliter
525 4461 749 4542 constitutus
763 4461 877 4542 frater
890 4463 1123 4542 Guillelmus
1140 4462 1188 4540 de
1204 4463 1319 4543 Giaco
1338 4462 1609 4542 bisuntinensis
1628 4460 1804 4550 diocesis,

327 4643 332 4652 ·
376 4594 491 4674 irater
505 4593 670 4674 serviens
689 4592 737 4672 de
753 4593 870 4700 domo
890 4613 928 4674 et
945 4593 1087 4674 familia
1100 4594 1253 4702 majoris
1268 4594 1435 4703 Magistri
1452 4593 1622 4700 Templi,
1637 4593 1809 4702 preposi-

377 4742 437 4804 tus
461 4725 644 4804 harnesiis
667 4741 705 4804 et
729 4723 953 4804 animalibus
975 4726 1067 4817 suis,
1097 4727 1203 4804 etatis
1229 4752 1301 4804 xxx
1325 4751 1509 4804 annorum
1537 4723 1597 4802 vel
1624 4725 1734 4813 circa,
1765 4737 1808 4798 ut

379 4856 542 4945 dicebat,
558 4856 706 4964 juratus
728 4854 775 4934 ad
794 4871 918 4934 sancta
937 4857 1007 4936 Dei
1028 4855 1225 4964 Evangelia
1245 4856 1370 4936 eidem
1389 4856 1577 4964 preposita
1599 4867 1637 4932 et
1657 4852 1703 4930 ab
1726 4851 1807 4957 ipso

464 5014 571 5075 rnocls
586 5031 638 5074 nes
654 5030 879 5076 reuertens-
891 5031 924 5072 n.
1596 5009 1638 5090 67
