4320 5898
432 547 479 621 rr
820 523 1016 621 enonas
1041 545 1137 618 nas
1163 539 1469 616 conparans

463 775 468 784 ,
485 691 617 767 Frater
628 688 820 767 lohannes
833 688 881 766 de
893 687 995 767 Beali
1006 687 1393 793 serviens,preceptor
1408 682 1545 760 domus
1557 676 1709 785 Templi
1722 676 1771 757 de
1783 675 1867 754 Bel-

429 819 553 899 lenval
580 820 845 898 Ambianensis
872 820 1050 910 diocesis,
1071 818 1178 898 testis
1198 845 1311 925 supra
1326 817 1490 924 juratus,
1520 810 1782 920 sexagenarius
1807 807 1866 886 vel

431 955 542 1046 circa,
552 955 619 1062 qui
630 968 1015 1061 proptervetustatem
1027 949 1255 1030 mantellum
1266 977 1377 1026 suum
1393 962 1661 1052 consumptum
1673 943 1868 1022 dimiserat

433 1103 469 1162 et
483 1085 565 1164 radi
581 1083 719 1162 fecerat
733 1083 806 1162 sibi
819 1082 992 1171 barbam,
1008 1082 1286 1191 protestacione
1299 1078 1482 1187 premissa
1494 1076 1600 1184 quod
1610 1104 1689 1153 uon
1702 1074 1867 1152 intendit

430 1218 608 1297 recedere
628 1245 647 1293 a
669 1216 910 1323 deposicione
934 1245 1004 1327 per
1024 1245 1112 1295 eum
1132 1213 1227 1292 sacta
1249 1241 1375 1298 coram
1398 1211 1557 1292 domino
1580 1210 1756 1318 episcopo
1776 1209 1866 1288 Am·

335 1365 340 1376 '
430 1348 601 1427 bianensi
625 1347 692 1454 qui
709 1375 812 1424 nunc
828 1363 902 1438 est,
920 1376 1035 1456 aquo
1049 1344 1245 1426 absolutus
1262 1361 1299 1422 et
1317 1342 1583 1423 reconciliatus
1599 1343 1738 1434 luerat,
1760 1341 1866 1420 lectis

431 1497 468 1558 et
494 1479 697 1588 diligenter
717 1479 895 1586 expositis
919 1479 992 1558 sibi
1014 1479 1194 1576 omnibus
1220 1495 1258 1555 et
1282 1476 1441 1604 singulis
1458 1474 1643 1566 articulis,
1668 1475 1867 1582 respondit

429 1641 468 1716 sp
489 1611 651 1702 nescire,
673 1639 743 1688 nec
768 1611 943 1704 credere,
966 1641 1036 1690 nec
1056 1611 1245 1688 audivisse
1267 1608 1342 1686 dici
1369 1608 1416 1686 de
1442 1607 1630 1686 contentis
1650 1606 1690 1684 in
1715 1607 1769 1686 eis
1792 1609 1865 1685 nisi
1945 1621 1956 1638 ’

316 1729 319 1736 ’
429 1743 535 1852 quod
554 1742 739 1850 sequitur.
758 1741 865 1820 Dixit
884 1769 1023 1850 nempe
1046 1770 1085 1821 se
1105 1741 1221 1820 fuisse
1242 1757 1436 1848 receptum
1454 1738 1495 1814 in
1511 1738 1656 1845 capella
1676 1739 1775 1818 dicte
1797 1740 1866 1821 do·

429 1903 514 1951 mus
525 1875 572 1952 de
584 1872 792 1966 bellenval,
811 1890 938 1952 octava
949 1873 1011 1952 die
1022 1890 1108 1981 post
1121 1874 1365 1951 Pentecostes
1381 1886 1494 1948 erunt
1507 1897 1558 1948 xn
1571 1870 1660 1946 anni
1676 1869 1735 1948 vel
1750 1871 1862 1964 circa,

428 2035 498 2112 per
516 2004 671 2084 lratrem
692 2006 846 2083 Petrum
866 2007 1018 2085 Minhot
1037 2004 1308 2114 presbiterum,
1332 2019 1504 2082 curatum
1523 2002 1623 2080 dicte
1644 2002 1798 2091 domus,
1817 2003 1864 2082 de

418 2138 607 2217 'mandato
627 2135 750 2215 fratris
776 2137 905 2216 Garini
932 2138 980 2215 de
1006 2135 1151 2218 Grandi
1174 2136 1321 2218 Villarii
1349 2135 1580 2243 preceptoris
1602 2151 1693 2214 tunc
1713 2135 1863 2214 ballivie

430 2269 476 2346 de
495 2269 669 2362 Pontivo‚
691 2269 930 2376 presentibus
946 2269 1127 2349 fratribus
1146 2269 1313 2349 Roberto
1334 2268 1382 2346 de
1402 2267 1618 2377 Reybenval
1638 2268 1864 2348 Morinensis

429 2401 608 2493 diocesis,
625 2429 743 2509 quem
764 2403 885 2480 credit
899 2404 1038 2493 vivere,
1060 2403 1172 2480 Petro
1193 2403 1240 2480 de
1261 2401 1383 2480 Lenhi
1404 2419 1495 2478 tunc
1519 2415 1740 2509 preceptore
1761 2401 1865 2510 d'Oy·

363 2549 365 2552 ’
427 2549 554 2620 mont,
579 2533 746 2610 Roberto
763 2534 810 2611 de
831 2533 976 2613 Grandi
990 2533 1138 2625 Villari,
1156 2532 1374 2623 deffunctis,
1398 2550 1435 2610 et
1453 2533 1592 2612 Jacobo
1609 2531 1657 2608 de
1677 2532 1865 2612 Vaucellis

428 2661 691 2740 Ambianensis
702 2647 929 2754 diocesium,
946 2666 1011 2773 qui
1026 2663 1098 2743 suit
1114 2663 1361 2772 postmodum
1380 2664 1526 2742 reditus
1542 2664 1651 2742 uxori
1669 2693 1783 2773 quam
1801 2666 1866 2743 de-

428 2813 667 2903 sponsaverat
682 2813 768 2874 ante
786 2797 1014 2904 ingressum,
1032 2798 1081 2874 de
1102 2799 1210 2905 cujus
1225 2799 1298 2876 vita
1307 2777 1372 2876 vrel
1387 2815 1510 2877 morte
1526 2826 1604 2875 non
1623 2797 1738 2876 habet
1753 2798 1863 2876 certi-

426 2927 625 3020 tudinem,
647 2957 668 3004 a
687 2955 763 3034 quo
777 2927 937 3035 quidem
958 2945 1153 3044 receptore
1170 2928 1286 3036 peciit
1305 2929 1489 3006 instanter
1511 2947 1549 3007 et
1569 2928 1789 3037 frequenter
1806 2959 1865 3038 pa·

428 3086 517 3136 nem
534 3074 573 3138 et
587 3087 723 3165 aquam
741 3073 778 3136 et
793 3058 1012 3136 societatem
1029 3059 1206 3152 fratrum,
1225 3089 1267 3135 ac
1280 3088 1488 3166 pauperem
1503 3059 1681 3138 vestitum
1697 3060 1860 3152 ordinis3

428 3208 467 3269 ct
484 3191 556 3269 sibi
572 3192 772 3286 concessis,
790 3191 947 3298 prestito
963 3219 1032 3297 per
1047 3191 1308 3301 juramentum
1329 3191 1435 3299 quod
1454 3219 1532 3268 uon
1554 3209 1633 3270 erat
1652 3191 1760 3269 alteri
1777 3193 1864 3270 reli-

362 3325 368 3336 ’
427 3321 549 3428 gioni,
576 3321 820 3399 matrimonio
845 3320 905 3400 vel
931 3321 1070 3400 debitis
1095 3349 1169 3428 que
1193 3321 1337 3398 solvere
1357 3345 1435 3400 non
1461 3339 1588 3430 posset
1615 3351 1702 3400 cum
1729 3322 1862 3402 litteris
1961 3423 1967 3436 ⁸

427 3451 540 3560 regiis
564 3451 768 3559 obligatus,
796 3481 866 3529 nec
890 3452 1034 3530 servilis
1060 3452 1311 3543 condicionis,
1341 3479 1412 3532 nec
1440 3455 1803 3546 excommunicatae,
1827 3475 1863 3536 et

427 3585 532 3692 quod
546 3613 624 3663 non
646 3583 810 3662 babebat
824 3581 1084 3662 infirmitatem
1105 3583 1302 3672 latentem,
1320 3582 1409 3662 lecit
1428 3613 1518 3664 eum
1533 3615 1666 3664 vovere
1687 3606 1725 3666 et
1734 3590 1861 3698 jurare

427 3747 543 3824 super
558 3717 765 3826 quemdam
786 3716 930 3795 librum
952 3717 1179 3811 castitatem,
1202 3715 1463 3796 obedienciam
1480 3736 1518 3796 et
1537 3719 1659 3798 vivere
1681 3722 1761 3800 sine
1777 3753 1863 3830 pro-

427 3847 530 3953 prio,
547 3867 586 3925 et
598 3848 768 3956 precepit
782 3848 818 3926 ei
833 3847 940 3954 quod
954 3865 1117 3926 servaret
1134 3848 1256 3926 bonos
1273 3875 1365 3926 usus
1380 3865 1418 3928 et
1431 3849 1551 3929 bonas
1566 3855 1861 3934 consuetudines

428 3978 587 4070 ordinis,
607 3996 645 4056 et
664 4007 743 4056 non
762 3978 945 4058 revelaret
965 3997 1107 4058 secreta
1123 3980 1397 4087 capitulorum
1416 4000 1454 4060 et
1471 3983 1650 4092 imposito
1667 3986 1739 4064 sibi
1755 4017 1861 4065 man·

427 4108 537 4203 tello,
560 4107 633 4188 fuit
657 4139 747 4188 eum
772 4110 963 4190 osculatus
991 4128 1029 4190 et
1049 4139 1182 4190 omues
1202 4129 1364 4192 astantes
1387 4115 1533 4206 inore,
1560 4117 1751 4196 instruens
1771 4147 1860 4197 eum

427 4259 522 4349 quot
540 4243 653 4322 Pater
670 4258 786 4322 noster
805 4243 948 4322 diceret
967 4272 1036 4350 pro
1057 4244 1161 4324 horis
1179 4245 1258 4322 suis
1277 4262 1316 4324 et
1335 4246 1499 4354 qualiter
1518 4265 1666 4357 regeret
1684 4279 1723 4326 se
1744 4251 1784 4327 in
1801 4280 1862 4342 or-

428 4374 530 4450 dine.
559 4374 648 4452 Post
671 4403 747 4481 que
773 4375 866 4453 dixit
891 4375 925 4453 ei
950 4375 990 4452 in
1013 4377 1207 4483 presencia
1234 4377 1495 4485 predictorum
1524 4380 1631 4488 quod
1660 4381 1862 4489 abnegaret

427 4506 551 4583 Deum
562 4504 619 4583 vel
638 4505 812 4599 Jhesum‚
836 4507 904 4584 sed
925 4535 1002 4584 non
1022 4509 1156 4586 recolit
1171 4509 1278 4616 quod
1293 4510 1453 4588 istorum
1471 4511 1695 4600 nominavit,
1717 4529 1859 4592 certum

426 4654 552 4714 tamen
569 4665 608 4714 se
625 4636 718 4715 dixit
733 4639 839 4743 quod
856 4639 1059 4748 abnegaret
1077 4641 1201 4718 Deum
1216 4641 1275 4719 vel
1289 4643 1468 4748 Jhesum3
1492 4663 1531 4722 et
1550 4674 1636 4724 cum
1657 4647 1735 4752 ipse
1756 4646 1861 4723 testis

425 4786 669 4877 repugnaret,
696 4769 789 4846 dixit
809 4770 842 4846 ei
863 4772 968 4877 quod
987 4772 1076 4850 talia
1096 4791 1203 4852 erant
1223 4793 1364 4881 puncta
1384 4777 1544 4867 ordinis,
1574 4793 1613 4854 et
1635 4777 1723 4854 ideo
1751 4805 1861 4885 opor-

425 4899 530 4979 tebat
552 4929 640 4978 eum
666 4902 867 5010 abnegare,
897 4907 1179 5012 propterquod
1205 4907 1284 5014 ipse
1311 4908 1432 5002 testis,
1456 4909 1622 4986 multum
1652 4909 1786 4986 dolens
1812 4907 1858 4988 de
