4486 5890
754 560 950 653 rnocts
977 581 1072 652 nus
1097 579 1399 651 rnuemuas
1718 581 1785 651 157

365 718 789 798 bonasconsuetudines
800 749 874 827 que
887 739 979 798 tunc
991 738 1096 798 erant
1109 720 1147 795 in
1165 719 1297 797 ordino
1313 738 1440 826 etque
1455 720 1491 794 iu
1507 735 1698 824 posterum
1717 719 1788 794 im-

366 870 600 958 ponerentur
614 852 662 928 de
682 851 839 928 consilio
855 851 1151 958 presbiterorum
1168 851 1328 938 ordinis,
1345 869 1382 928 et
1397 848 1499 957 quod
1516 877 1591 925 non
1609 849 1790 926 revelaret

367 999 505 1060 secreta
527 981 798 1088 capitulorum3
822 1000 859 1058 et
879 983 1056 1089 imposito
1073 981 1144 1058 sibi
1164 980 1360 1072 mantello,
1380 996 1552 1084 receptor
1572 995 1609 1054 et
1629 995 1789 1055 astantes

367 1114 523 1191 luerunt
545 1140 632 1190 eum
653 1111 809 1190 osculati
828 1112 866 1190 in
889 1141 965 1192 ore.
980 1113 1228 1190 Postmodum
1247 1112 1355 1188 allata
1375 1141 1444 1218 per
1468 1111 1667 1188 dominum
1694 1138 1791 1188 rece·

367 1261 513 1350 ptorem
535 1244 698 1351 quadam
720 1271 830 1320 cruce
847 1242 1039 1320 metallina
1062 1243 1101 1317 in
1117 1271 1191 1348 qua
1216 1259 1295 1318 erat
1316 1269 1450 1350 ymago
1468 1238 1660 1330 Cruc'ilixi,
1676 1239 1791 1346 peciit

367 1375 472 1452 abeo
488 1375 610 1452 dictus
628 1389 811 1480 receptor,
832 1373 871 1448 in
892 1372 1083 1480 presencia
1099 1371 1278 1462 aliorum,
1297 1373 1327 1448 si
1348 1371 1525 1448 credebat
1540 1370 1579 1446 in
1597 1368 1707 1447 illum
1723 1370 1788 1477 qui

366 1503 691 1612 representabatur
710 1532 779 1610 per
797 1502 935 1580 dictam
958 1530 1128 1592 crucem3
1150 1518 1292 1578 etcum
1312 1501 1390 1607 ipse
1410 1501 1515 1578 testis
1536 1501 1789 1606 respondisset

365 1636 469 1741 quod
493 1637 562 1722 sic,
586 1634 678 1711 dixit
698 1634 731 1710 ei
752 1635 857 1744 quod
878 1661 954 1712 non
975 1633 1151 1710 credebat
1175 1631 1214 1708 in
1235 1661 1339 1720 eum,
1363 1632 1450 1738 quia
1473 1629 1587 1708 falsus
1606 1631 1789 1737 propheta

365 1763 502 1854 luerat,
528 1783 566 1841 et
587 1765 754 1871 precepit
784 1765 817 1841 ei
839 1763 944 1872 quod
970 1764 1171 1870 abnegaret
1195 1791 1284 1842 eum
1312 1778 1350 1838 et
1373 1762 1478 1868 quod
1503 1777 1654 1866 spueret
1677 1763 1790 1870 super

366 1896 503 1972 dictam
525 1923 693 1985 crucem;
709 1911 747 1972 et
761 1895 884 1972 dictus
900 1896 1023 1982 testis,
1046 1893 1274 2000 stupefactus
1290 1909 1328 1970 et
1343 1893 1448 1968 valde
1466 1891 1598 1968 dolens
1618 1891 1657 1966 in
1675 1892 1787 1969 corde

365 2053 451 2117 suo,
472 2025 669 2132 abnegavit
687 2051 751 2101 ore
769 2052 845 2100 non
868 2024 998 2116 corde,
1021 2040 1059 2100 et
1078 2023 1180 2129 spuit
1204 2051 1280 2099 non
1302 2051 1412 2128 supra
1432 2021 1499 2098 sed
1515 2022 1621 2129 juxta
1649 2021 1788 2098 dictam

365 2183 526 2232 erucem.
560 2155 808 2233 Postmodum
839 2154 962 2230 dictus
990 2170 1164 2260 receptor
1185 2150 1261 2256 ¹luit
1287 2179 1373 2228 eum
1400 2151 1588 2228 osculatus
1613 2151 1652 2226 in
1678 2179 1787 2226 carne

364 2286 466 2362 nuda
481 2286 576 2362 circa
592 2283 837 2373 umbilicum,
859 2301 897 2361 et
918 2283 1011 2360 dixit
1025 2283 1058 2360 ei
1079 2282 1200 2389 qnod,
1217 2283 1369 2388 quando
1386 2299 1484 2358 esset
1496 2282 1536 2356 in
1551 2279 1635 2357 loco
1656 2281 1786 2386 inquo

363 2415 494 2493 fratres
513 2414 698 2492 haberent
723 2413 922 2521 penuriam
942 2413 1150 2498 lectorum,
1184 2427 1332 2518 poterat
1350 2411 1474 2519 jacere
1502 2439 1587 2487 cum
1610 2409 1692 2486 aliis
1716 2411 1788 2486 lra-

362 2546 482 2623 tribus
507 2562 545 2622 et
569 2544 767 2623 carnaliter
789 2544 1023 2622 commisceri
1045 2571 1133 2620 cum
1156 2543 1210 2618 eis
1230 2559 1269 2618 et
1287 2541 1464 2646 ipsicum
1481 2567 1546 2632 eo,
1568 2540 1641 2617 hoc
1659 2557 1786 2617 tamen

362 2703 439 2752 non
452 2675 540 2752 fecit
554 2704 625 2752 nec
642 2675 783 2752 audivit
803 2673 877 2751 dici
896 2673 1002 2780 quod
1017 2671 1125 2749 steret
1145 2673 1185 2750 in
1202 2671 1351 2760 ordine,
1370 2671 1439 2746 nisi
1461 2699 1528 2776 per
1547 2697 1667 2747 unum
1683 2699 1786 2777 pres-

362 2805 529 2882 biterum
549 2823 760 2895 mortuum,
779 2804 843 2912 qui
862 2803 1075 2884 diffamatus
1096 2819 1174 2879 erat
1193 2801 1281 2909 quia
1302 2801 1527 2879 abutebatur
1541 2800 1668 2906 pueris
1682 2828 1788 2878 secu-

363 2934 515 3013 laribus.
534 2935 616 3014 Alia
639 2934 770 3012 illicita
794 2961 870 3012 non
895 2935 1179 3010 intervenerunt
1204 2933 1242 3008 in
1268 2931 1365 3008 dicta
1388 2958 1452 3007 sua
1478 2931 1696 3036 recepcione
1717 2961 1787 3010 nec

362 3082 463 3170 post,
487 3083 523 3143 et
540 3065 660 3142 credit
686 3064 791 3172 quod
810 3064 946 3140 eadem
969 3062 1239 3140 intervenirent
1263 3063 1517 3140 communiter
1532 3077 1570 3138 et
1583 3061 1726 3168 ubique
1746 3063 1785 3138 in

362 3195 646 3301 receptionibus
672 3194 832 3271 aliorum
854 3193 1011 3272 fratrum
1035 3193 1178 3271 ordinis
1192 3193 1250 3270 vel
1264 3209 1365 3299 post,
1394 3208 1431 3268 et
1451 3190 1554 3297 quod
1570 3193 1729 3299 majores
1748 3210 1787 3269 et

239 3339 244 3357 '
364 3325 426 3401 alii
447 3324 579 3403 lratres
599 3323 741 3402 ordinis
757 3324 824 3400 ista
839 3323 991 3415 scirent,
1013 3324 1102 3429 quia
1116 3322 1188 3399 luit
1200 3322 1350 3399 locutus
1365 3349 1450 3398 cum
1462 3319 1637 3425 pluribus
1655 3351 1698 3398 ex
1714 3323 1782 3410 eim

362 3471 401 3532 et
419 3455 628 3561 specialiter
651 3483 736 3532 cum
756 3453 867 3530 fratre
887 3455 998 3531 Petro
1021 3454 1068 3530 de
1090 3452 1209 3529 Madit
1233 3451 1353 3529 milite
1374 3451 1583 3558 quondam,
1606 3451 1666 3526 cui
1684 3452 1785 3529 mul·

359 3603 442 3664 tum
463 3585 712 3692 displicebant
729 3584 910 3691 predicta,
927 3612 995 3691 per
1017 3609 1132 3690 quem
1152 3580 1224 3659 fuit
1238 3581 1309 3658 sibi
1335 3609 1558 3686 responsum
1581 3581 1687 3686 quod
1705 3610 1781 3659 non

361 3733 460 3793 esset
471 3716 585 3794 nimis
605 3717 774 3794 curiosus
793 3716 832 3790 in
849 3713 1078 3820 inquirendo
1099 3714 1147 3789 de
1161 3710 1359 3818 predictis3
1380 3739 1467 3787 nam
1490 3739 1577 3787 cum
1600 3729 1698 3788 esset
1710 3711 1782 3788 fra·

359 3863 419 3924 ter
430 3847 605 3935 serviens,
618 3847 684 3954 qui
698 3845 901 3923 servientes
910 3842 1304 3950 contempnebantura
1316 3840 1518 3930 militibus,
1532 3839 1781 3920 debebatesse

360 3975 517 4068 surdus,
547 3993 677 4054 mutus
705 3994 742 4053 et
765 4004 890 4067 cecus,
920 3991 959 4051 et
983 3974 1085 4051 idem
1112 3972 1390 4080 responderunt
1414 3970 1484 4050 sibi
1508 3970 1620 4048 multi
1645 3970 1707 4046 alii
1734 3972 1780 4048 de

360 4105 511 4195 ordine,
532 4107 629 4185 sicut
654 4105 757 4182 dixit.
782 4101 999 4211 Requisitus
1018 4103 1049 4180 si
1068 4104 1212 4180 viderat
1238 4101 1330 4180 alios
1355 4101 1469 4207 recipi
1489 4100 1529 4178 in
1550 4100 1700 4193 ordine,
1721 4131 1781 4180 re-

358 4236 512 4342 spondit
531 4236 636 4342 quod
654 4236 724 4326 sic,
745 4233 898 4312 fratrem
918 4231 1169 4314 Guillelmum
1189 4233 1236 4310 de
1257 4232 1396 4310 Aeonio
1411 4231 1637 4328 seriientem
1657 4252 1781 4338 quon·

356 4365 457 4454 dam,
471 4365 787 4444 Claramoutensis
797 4362 967 4455 diocesis,
979 4380 1149 4470 tempore
1165 4391 1260 4469 pape
1271 4360 1421 4440 Martini
1437 4360 1571 4468 quarti,
1584 4362 1623 4438 in
1639 4360 1780 4470 capella

353 4493 496 4574 domus
508 4494 659 4602 Templi
670 4495 793 4572 Sancti
810 4493 950 4571 Mathei
965 4492 1013 4570 de
1024 4493 1121 4571 Urbe
1135 4493 1268 4580 veteri,
1281 4521 1349 4598 per
1362 4489 1515 4569 fratrem
1527 4489 1777 4570 Guillelmum

350 4624 554 4703 Chamerii
575 4625 818 4712 servientem,
840 4623 906 4729 qui
926 4622 1048 4700 luerat
1067 4621 1238 4700 ostiarius
1259 4619 1404 4699 domini
1427 4649 1522 4728 pape
1542 4618 1681 4700 Nicolai
1706 4639 1780 4700 ter-

350 4755 402 4833 cii
413 4754 670 4861 ,presentibus
688 4752 866 4832 fratribus
880 4752 1049 4832 Gerardo
1062 4752 1109 4830 de
1124 4752 1359 4830 B0scbacelis
1369 4751 1686 4831 Claramontensis
1701 4750 1779 4829 dio

346 4885 451 4964 cesis
465 4885 674 4992 quondam,
697 4900 735 4960 et
752 4883 980 4989 quibusdam
1001 4883 1082 4961 aliis
1099 4881 1242 4990 ytalicis
1257 4882 1305 4960 de
1324 4909 1490 4990 quorum
1507 4880 1727 4960 nominibus
1740 4899 1778 4959 et

443 5019 551 5084 attonis
572 5041 626 5084 ons
647 5039 814 5082 rennuens.
830 5039 914 5078 -ιι,
1612 5018 1649 5080 18
