<?xml version="1.0" encoding="UTF-8"?>
<!DOCTYPE html PUBLIC "-//W3C//DTD XHTML 1.0 Transitional//EN"
    "http://www.w3.org/TR/xhtml1/DTD/xhtml1-transitional.dtd">
<html xmlns="http://www.w3.org/1999/xhtml" xml:lang="en" lang="en">
 <head>
  <title>
</title>
<meta http-equiv="Content-Type" content="text/html;charset=utf-8" />
  <meta name='ocr-system' content='tesseract 3.04.00' />
  <meta name='ocr-capabilities' content='ocr_page ocr_carea ocr_par ocr_line ocrx_word'/>
</head>
<body>
  <div class='ocr_page' id='page_1' title='image "./procsdestemplie03defegoog/procsdestemplie03defegoog_0525.png"; bbox 0 0 4202 5876; ppageno 0'>
   <div class='ocr_carea' id='block_1_1' title="bbox 69 683 79 733">
    <p class='ocr_par' dir='ltr' id='par_1_1' title="bbox 69 683 79 733">
     <span class='ocr_line' id='line_1_1' title="bbox 69 683 79 733; baseline 0 0"><span class='ocrx_word' id='word_1_1' title='bbox 69 683 79 733; x_wconf 83' lang='lat' dir='ltr'><strong>l</strong></span> 
     </span>
    </p>
   </div>
   <div class='ocr_carea' id='block_1_2' title="bbox 666 553 1702 656">
    <p class='ocr_par' dir='ltr' id='par_1_2' title="bbox 666 553 1702 656">
     <span class='ocr_line' id='line_1_2' title="bbox 666 553 1702 656; baseline 0.013 -15"><span class='ocrx_word' id='word_1_2' title='bbox 666 553 861 644; x_wconf 76' lang='lat' dir='ltr'><strong>enonas</strong></span> <span class='ocrx_word' id='word_1_3' title='bbox 888 569 982 644; x_wconf 81' lang='lat' dir='ltr'><strong>nas</strong></span> <span class='ocrx_word' id='word_1_4' title='bbox 1008 570 1313 650; x_wconf 81' lang='lat' dir='ltr'><strong>rnurxrnns.</strong></span> <span class='ocrx_word' id='word_1_5' title='bbox 1629 585 1702 656; x_wconf 88' lang='lat'><strong>507</strong></span> 
     </span>
    </p>
   </div>
   <div class='ocr_carea' id='block_1_3' title="bbox 277 709 1704 1345">
    <p class='ocr_par' dir='ltr' id='par_1_3' title="bbox 277 709 1704 1345">
     <span class='ocr_line' id='line_1_3' title="bbox 335 709 1703 819; baseline 0.007 -31"><span class='ocrx_word' id='word_1_6' title='bbox 335 710 511 790; x_wconf 78' lang='lat' dir='ltr'><strong>Adiciens</strong></span> <span class='ocrx_word' id='word_1_7' title='bbox 525 709 629 818; x_wconf 90' lang='lat' dir='ltr'><strong>quod</strong></span> <span class='ocrx_word' id='word_1_8' title='bbox 642 739 712 787; x_wconf 91' lang='lat' dir='ltr'><strong>nec</strong></span> <span class='ocrx_word' id='word_1_9' title='bbox 727 711 905 818; x_wconf 83' lang='lat' dir='ltr'><strong>Magister</strong></span> <span class='ocrx_word' id='word_1_10' title='bbox 918 738 988 789; x_wconf 92' lang='lat' dir='ltr'><strong>nec</strong></span> <span class='ocrx_word' id='word_1_11' title='bbox 998 729 1235 819; x_wconf 81' lang='lat' dir='ltr'>preceptores</span> <span class='ocrx_word' id='word_1_12' title='bbox 1254 743 1324 792; x_wconf 91' lang='lat' dir='ltr'><strong>nec</strong></span> <span class='ocrx_word' id='word_1_13' title='bbox 1336 715 1543 796; x_wconf 73' lang='lat' dir='ltr'><strong>visitatores</strong></span> <span class='ocrx_word' id='word_1_14' title='bbox 1559 721 1703 798; x_wconf 87' lang='lat' dir='ltr'><strong>ordinis</strong></span> 
     </span>
     <span class='ocr_line' id='line_1_4' title="bbox 279 840 1702 949; baseline 0.006 -31"><span class='ocrx_word' id='word_1_15' title='bbox 279 840 427 948; x_wconf 88' lang='lat' dir='ltr'><strong>Templi</strong></span> <span class='ocrx_word' id='word_1_16' title='bbox 440 869 509 918; x_wconf 88' lang='lat' dir='ltr'><strong>nec</strong></span> <span class='ocrx_word' id='word_1_17' title='bbox 522 841 720 949; x_wconf 86' lang='lat' dir='ltr'><strong>quisquam</strong></span> <span class='ocrx_word' id='word_1_18' title='bbox 734 841 828 918; x_wconf 87' lang='lat' dir='ltr'><strong>alius</strong></span> <span class='ocrx_word' id='word_1_19' title='bbox 841 840 958 919; x_wconf 85' lang='lat' dir='ltr'><strong>claves</strong></span> <span class='ocrx_word' id='word_1_20' title='bbox 972 841 1136 920; x_wconf 88' lang='lat' dir='ltr'><strong>Ecclesie</strong></span> <span class='ocrx_word' id='word_1_21' title='bbox 1152 843 1391 935; x_wconf 89' lang='lat' dir='ltr'><strong>nonhabens,</strong></span> <span class='ocrx_word' id='word_1_22' title='bbox 1401 847 1471 925; x_wconf 88' lang='lat' dir='ltr'><strong>nisi</strong></span> <span class='ocrx_word' id='word_1_23' title='bbox 1483 850 1558 927; x_wconf 91' lang='lat' dir='ltr'><strong>sint</strong></span> <span class='ocrx_word' id='word_1_24' title='bbox 1568 850 1702 927; x_wconf 83' lang='lat' dir='ltr'><strong>fideles</strong></span> 
     </span>
     <span class='ocr_line' id='line_1_5' title="bbox 277 969 1699 1086; baseline 0.007 -38"><span class='ocrx_word' id='word_1_25' title='bbox 277 970 475 1077; x_wconf 85' lang='lat' dir='ltr'><strong>presbiteri</strong></span> <span class='ocrx_word' id='word_1_26' title='bbox 490 970 608 1048; x_wconf 88' lang='lat' dir='ltr'><strong>etrite</strong></span> <span class='ocrx_word' id='word_1_27' title='bbox 624 969 782 1048; x_wconf 88' lang='lat' dir='ltr'><strong>delibuti</strong></span> <span class='ocrx_word' id='word_1_28' title='bbox 795 971 1059 1048; x_wconf 87' lang='lat' dir='ltr'><strong>execucionem</strong></span> <span class='ocrx_word' id='word_1_29' title='bbox 1076 972 1221 1050; x_wconf 88' lang='lat' dir='ltr'><strong>ordinis</strong></span> <span class='ocrx_word' id='word_1_30' title='bbox 1235 974 1415 1054; x_wconf 90' lang='lat' dir='ltr'><strong>habentes</strong></span> <span class='ocrx_word' id='word_1_31' title='bbox 1426 1007 1446 1054; x_wconf 91' lang='lat' dir='ltr'><strong>a</strong></span> <span class='ocrx_word' id='word_1_32' title='bbox 1457 1005 1526 1057; x_wconf 86' lang='lat' dir='ltr'><strong>suo</strong></span> <span class='ocrx_word' id='word_1_33' title='bbox 1544 980 1699 1086; x_wconf 86' lang='lat' dir='ltr'><strong>prelato,</strong></span> 
     </span>
     <span class='ocr_line' id='line_1_6' title="bbox 278 1099 1701 1212; baseline 0.004 -31"><span class='ocrx_word' id='word_1_34' title='bbox 278 1131 353 1181; x_wconf 89' lang='lat' dir='ltr'><strong>non</strong></span> <span class='ocrx_word' id='word_1_35' title='bbox 370 1118 534 1209; x_wconf 84' lang='lat' dir='ltr'><strong>possunt</strong></span> <span class='ocrx_word' id='word_1_36' title='bbox 547 1099 765 1179; x_wconf 88' lang='lat' dir='ltr'><strong>confitentes</strong></span> <span class='ocrx_word' id='word_1_37' title='bbox 785 1099 978 1180; x_wconf 85' lang='lat' dir='ltr'><strong>absolvere</strong></span> <span class='ocrx_word' id='word_1_38' title='bbox 998 1130 1017 1179; x_wconf 93' lang='lat' dir='ltr'><strong>a</strong></span> <span class='ocrx_word' id='word_1_39' title='bbox 1036 1103 1208 1208; x_wconf 88' lang='lat' dir='ltr'><strong>peccatis.</strong></span> <span class='ocrx_word' id='word_1_40' title='bbox 1230 1104 1315 1198; x_wconf 91' lang='lat' dir='ltr'><strong>Que</strong></span> <span class='ocrx_word' id='word_1_41' title='bbox 1334 1105 1490 1212; x_wconf 90' lang='lat' dir='ltr'><strong>quidem</strong></span> <span class='ocrx_word' id='word_1_42' title='bbox 1511 1109 1701 1187; x_wconf 89' lang='lat' dir='ltr'><strong>absolucio</strong></span> 
     </span>
     <span class='ocr_line' id='line_1_7' title="bbox 279 1230 1704 1345; baseline 0.005 -36"><span class='ocrx_word' id='word_1_43' title='bbox 279 1256 366 1310; x_wconf 92' lang='lat' dir='ltr'><strong>cum</strong></span> <span class='ocrx_word' id='word_1_44' title='bbox 386 1230 586 1339; x_wconf 88' lang='lat' dir='ltr'><strong>spiritualis</strong></span> <span class='ocrx_word' id='word_1_45' title='bbox 605 1231 654 1308; x_wconf 88' lang='lat' dir='ltr'><strong>sit</strong></span> <span class='ocrx_word' id='word_1_46' title='bbox 672 1249 709 1309; x_wconf 91' lang='lat' dir='ltr'><strong>et</strong></span> <span class='ocrx_word' id='word_1_47' title='bbox 728 1231 869 1308; x_wconf 88' lang='lat' dir='ltr'><strong>animas</strong></span> <span class='ocrx_word' id='word_1_48' title='bbox 893 1230 1066 1309; x_wconf 87' lang='lat' dir='ltr'><strong>liberata</strong></span> <span class='ocrx_word' id='word_1_49' title='bbox 1085 1233 1261 1339; x_wconf 85' lang='lat' dir='ltr'><strong>peccatis,</strong></span> <span class='ocrx_word' id='word_1_50' title='bbox 1283 1250 1389 1341; x_wconf 89' lang='lat' dir='ltr'><strong>putat</strong></span> <span class='ocrx_word' id='word_1_51' title='bbox 1409 1252 1447 1313; x_wconf 90' lang='lat' dir='ltr'><strong>et</strong></span> <span class='ocrx_word' id='word_1_52' title='bbox 1466 1237 1585 1316; x_wconf 90' lang='lat' dir='ltr'><strong>credit</strong></span> <span class='ocrx_word' id='word_1_53' title='bbox 1598 1240 1704 1345; x_wconf 90' lang='lat' dir='ltr'><strong>quod</strong></span> 
     </span>
    </p>
   </div>
   <div class='ocr_carea' id='block_1_4' title="bbox 209 1359 1705 1471">
    <p class='ocr_par' dir='ltr' id='par_1_4' title="bbox 209 1359 1705 1471">
     <span class='ocr_line' id='line_1_8' title="bbox 209 1359 1705 1471; baseline 0.002 -29"><span class='ocrx_word' id='word_1_54' title='bbox 209 1425 235 1462; x_wconf 19' lang='grc' dir='ltr'><strong>,Ι</strong></span> <span class='ocrx_word' id='word_1_55' title='bbox 279 1389 298 1437; x_wconf 91' lang='lat' dir='ltr'><strong>a</strong></span> <span class='ocrx_word' id='word_1_56' title='bbox 318 1363 470 1438; x_wconf 91' lang='lat' dir='ltr'><strong>nemine</strong></span> <span class='ocrx_word' id='word_1_57' title='bbox 488 1360 607 1468; x_wconf 83' lang='lat' dir='ltr'><strong>possit</strong></span> <span class='ocrx_word' id='word_1_58' title='bbox 625 1359 708 1438; x_wconf 83' lang='lat' dir='ltr'><strong>lieri</strong></span> <span class='ocrx_word' id='word_1_59' title='bbox 728 1360 831 1470; x_wconf 78' lang='lat' dir='ltr'><strong>leyen</strong></span> <span class='ocrx_word' id='word_1_60' title='bbox 852 1361 922 1439; x_wconf 90' lang='lat' dir='ltr'><strong>nisi</strong></span> <span class='ocrx_word' id='word_1_61' title='bbox 943 1391 963 1438; x_wconf 87' lang='lat' dir='ltr'><strong>a</strong></span> <span class='ocrx_word' id='word_1_62' title='bbox 983 1360 1064 1440; x_wconf 90' lang='lat' dir='ltr'><strong>solo</strong></span> <span class='ocrx_word' id='word_1_63' title='bbox 1082 1361 1310 1468; x_wconf 84' lang='lat' dir='ltr'><strong>presbitero,</strong></span> <span class='ocrx_word' id='word_1_64' title='bbox 1338 1380 1380 1442; x_wconf 89' lang='lat' dir='ltr'><strong>ut</strong></span> <span class='ocrx_word' id='word_1_65' title='bbox 1403 1365 1576 1471; x_wconf 86' lang='lat' dir='ltr'><strong>predixit.</strong></span> <span class='ocrx_word' id='word_1_66' title='bbox 1603 1366 1705 1445; x_wconf 83' lang='lat' dir='ltr'><strong>Dixit</strong></span> 
     </span>
    </p>
   </div>
   <div class='ocr_carea' id='block_1_5' title="bbox 277 1489 1704 2510">
    <p class='ocr_par' dir='ltr' id='par_1_5' title="bbox 277 1489 1704 2124">
     <span class='ocr_line' id='line_1_9' title="bbox 278 1489 1703 1599; baseline 0.004 -31"><span class='ocrx_word' id='word_1_67' title='bbox 278 1509 402 1568; x_wconf 90' lang='lat' dir='ltr'><strong>tamen</strong></span> <span class='ocrx_word' id='word_1_68' title='bbox 422 1490 527 1598; x_wconf 86' lang='lat' dir='ltr'><strong>quod</strong></span> <span class='ocrx_word' id='word_1_69' title='bbox 547 1489 705 1597; x_wconf 89' lang='lat' dir='ltr'><strong>predicti</strong></span> <span class='ocrx_word' id='word_1_70' title='bbox 726 1489 891 1598; x_wconf 76' lang='lat' dir='ltr'><strong>magistri</strong></span> <span class='ocrx_word' id='word_1_71' title='bbox 911 1507 948 1568; x_wconf 87' lang='lat' dir='ltr'><strong>et</strong></span> <span class='ocrx_word' id='word_1_72' title='bbox 967 1507 1206 1599; x_wconf 74' lang='lat' dir='ltr'><strong>preceptores</strong></span> <span class='ocrx_word' id='word_1_73' title='bbox 1225 1509 1262 1570; x_wconf 87' lang='lat' dir='ltr'><strong>et</strong></span> <span class='ocrx_word' id='word_1_74' title='bbox 1287 1491 1492 1572; x_wconf 84' lang='lat' dir='ltr'><strong>visitatores</strong></span> <span class='ocrx_word' id='word_1_75' title='bbox 1512 1495 1703 1574; x_wconf 86' lang='lat' dir='ltr'><strong>interdum</strong></span> 
     </span>
     <span class='ocr_line' id='line_1_10' title="bbox 277 1619 1704 1730; baseline 0.001 -30"><span class='ocrx_word' id='word_1_76' title='bbox 277 1623 440 1729; x_wconf 90' lang='lat' dir='ltr'><strong>puniunt</strong></span> <span class='ocrx_word' id='word_1_77' title='bbox 456 1621 588 1700; x_wconf 74' lang='lat' dir='ltr'><strong>batres</strong></span> <span class='ocrx_word' id='word_1_78' title='bbox 601 1621 821 1727; x_wconf 87' lang='lat' dir='ltr'><strong>criminosos</strong></span> <span class='ocrx_word' id='word_1_79' title='bbox 842 1637 880 1699; x_wconf 87' lang='lat' dir='ltr'><strong>ct</strong></span> <span class='ocrx_word' id='word_1_80' title='bbox 894 1619 1155 1728; x_wconf 86' lang='lat' dir='ltr'><strong>delinquentes</strong></span> <span class='ocrx_word' id='word_1_81' title='bbox 1167 1623 1274 1729; x_wconf 87' lang='lat' dir='ltr'><strong>penis</strong></span> <span class='ocrx_word' id='word_1_82' title='bbox 1285 1623 1554 1730; x_wconf 80' lang='lat' dir='ltr'><strong>corporalibus,</strong></span> <span class='ocrx_word' id='word_1_83' title='bbox 1573 1626 1704 1704; x_wconf 90' lang='lat' dir='ltr'><strong>verbe-</strong></span> 
     </span>
     <span class='ocr_line' id='line_1_11' title="bbox 277 1751 1703 1863; baseline 0.004 -36"><span class='ocrx_word' id='word_1_84' title='bbox 277 1770 401 1830; x_wconf 81' lang='lat' dir='ltr'><strong>rantes</strong></span> <span class='ocrx_word' id='word_1_85' title='bbox 428 1752 582 1863; x_wconf 87' lang='lat' dir='ltr'><strong>eosdem</strong></span> <span class='ocrx_word' id='word_1_86' title='bbox 603 1751 643 1828; x_wconf 90' lang='lat' dir='ltr'><strong>in</strong></span> <span class='ocrx_word' id='word_1_87' title='bbox 662 1778 836 1858; x_wconf 88' lang='lat' dir='ltr'><strong>corpore,</strong></span> <span class='ocrx_word' id='word_1_88' title='bbox 863 1767 901 1829; x_wconf 92' lang='lat' dir='ltr'><strong>et</strong></span> <span class='ocrx_word' id='word_1_89' title='bbox 919 1778 1035 1856; x_wconf 90' lang='lat' dir='ltr'><strong>penas</strong></span> <span class='ocrx_word' id='word_1_90' title='bbox 1064 1751 1151 1828; x_wconf 91' lang='lat' dir='ltr'><strong>alias</strong></span> <span class='ocrx_word' id='word_1_91' title='bbox 1173 1753 1351 1860; x_wconf 86' lang='lat' dir='ltr'><strong>infligunt</strong></span> <span class='ocrx_word' id='word_1_92' title='bbox 1376 1755 1471 1832; x_wconf 90' lang='lat' dir='ltr'><strong>sicut</strong></span> <span class='ocrx_word' id='word_1_93' title='bbox 1492 1755 1531 1831; x_wconf 90' lang='lat' dir='ltr'><strong>in</strong></span> <span class='ocrx_word' id='word_1_94' title='bbox 1557 1759 1703 1834; x_wconf 88' lang='lat' dir='ltr'><strong>statutis</strong></span> 
     </span>
     <span class='ocr_line' id='line_1_12' title="bbox 279 1879 1704 1990; baseline 0.004 -32"><span class='ocrx_word' id='word_1_95' title='bbox 279 1883 395 1990; x_wconf 87' lang='lat' dir='ltr'><strong>ipsius</strong></span> <span class='ocrx_word' id='word_1_96' title='bbox 413 1883 558 1960; x_wconf 88' lang='lat' dir='ltr'><strong>ordinis</strong></span> <span class='ocrx_word' id='word_1_97' title='bbox 576 1881 829 1988; x_wconf 82' lang='lat' dir='ltr'><strong>designantur,</strong></span> <span class='ocrx_word' id='word_1_98' title='bbox 852 1897 890 1958; x_wconf 90' lang='lat' dir='ltr'><strong>et</strong></span> <span class='ocrx_word' id='word_1_99' title='bbox 902 1879 1106 1960; x_wconf 84' lang='lat' dir='ltr'><strong>&#39;interdum</strong></span> <span class='ocrx_word' id='word_1_100' title='bbox 1127 1883 1281 1989; x_wconf 85' lang='lat' dir='ltr'><strong>gratiam</strong></span> <span class='ocrx_word' id='word_1_101' title='bbox 1302 1882 1442 1963; x_wconf 85' lang='lat' dir='ltr'><strong>faciunt</strong></span> <span class='ocrx_word' id='word_1_102' title='bbox 1461 1885 1558 1963; x_wconf 89' lang='lat' dir='ltr'><strong>sicut</strong></span> <span class='ocrx_word' id='word_1_103' title='bbox 1579 1887 1631 1965; x_wconf 91' lang='lat' dir='ltr'><strong>eis</strong></span> <span class='ocrx_word' id='word_1_104' title='bbox 1651 1890 1704 1964; x_wconf 89' lang='lat' dir='ltr'><strong>vi-</strong></span> 
     </span>
     <span class='ocr_line' id='line_1_13' title="bbox 279 2010 1701 2124; baseline 0.001 -34"><span class='ocrx_word' id='word_1_105' title='bbox 279 2015 402 2102; x_wconf 87' lang='lat' dir='ltr'><strong>detur,</strong></span> <span class='ocrx_word' id='word_1_106' title='bbox 415 2029 452 2089; x_wconf 90' lang='lat' dir='ltr'><strong>et</strong></span> <span class='ocrx_word' id='word_1_107' title='bbox 463 2036 579 2120; x_wconf 83' lang='lat' dir='ltr'><strong>penas</strong></span> <span class='ocrx_word' id='word_1_108' title='bbox 591 2011 775 2118; x_wconf 80' lang='lat' dir='ltr'><strong>predictas</strong></span> <span class='ocrx_word' id='word_1_109' title='bbox 785 2010 846 2089; x_wconf 86' lang='lat' dir='ltr'><strong>vel</strong></span> <span class='ocrx_word' id='word_1_110' title='bbox 858 2022 1012 2118; x_wconf 83' lang='lat' dir='ltr'><strong>prorsus</strong></span> <span class='ocrx_word' id='word_1_111' title='bbox 1026 2011 1190 2090; x_wconf 88' lang='lat' dir='ltr'><strong>relaxant</strong></span> <span class='ocrx_word' id='word_1_112' title='bbox 1208 2011 1265 2091; x_wconf 86' lang='lat' dir='ltr'><strong>v&#39;el</strong></span> <span class='ocrx_word' id='word_1_113' title='bbox 1278 2013 1451 2122; x_wconf 85' lang='lat' dir='ltr'><strong>mitigant</strong></span> <span class='ocrx_word' id='word_1_114' title='bbox 1464 2015 1558 2093; x_wconf 90' lang='lat' dir='ltr'><strong>sicut</strong></span> <span class='ocrx_word' id='word_1_115' title='bbox 1567 2017 1701 2124; x_wconf 89' lang='lat' dir='ltr'><strong>placet.</strong></span> 
     </span>
    </p>

    <p class='ocr_par' dir='ltr' id='par_1_6' title="bbox 279 2141 1704 2510">
     <span class='ocr_line' id='line_1_14' title="bbox 334 2141 1704 2253; baseline 0.003 -32"><span class='ocrx_word' id='word_1_116' title='bbox 334 2146 427 2228; x_wconf 85' lang='lat' dir='ltr'><strong>Item</strong></span> <span class='ocrx_word' id='word_1_117' title='bbox 441 2142 631 2221; x_wconf 79' lang='lat' dir='ltr'><strong>confessus</strong></span> <span class='ocrx_word' id='word_1_118' title='bbox 651 2159 706 2220; x_wconf 85' lang='lat' dir='ltr'><strong>cst</strong></span> <span class='ocrx_word' id='word_1_119' title='bbox 719 2141 838 2248; x_wconf 86' lang='lat' dir='ltr'><strong>quod,</strong></span> <span class='ocrx_word' id='word_1_120' title='bbox 860 2157 1030 2249; x_wconf 86' lang='lat' dir='ltr'><strong>tempore</strong></span> <span class='ocrx_word' id='word_1_121' title='bbox 1050 2172 1116 2221; x_wconf 90' lang='lat' dir='ltr'><strong>sue</strong></span> <span class='ocrx_word' id='word_1_122' title='bbox 1129 2143 1375 2252; x_wconf 90' lang='lat' dir='ltr'><strong>recepcioins,</strong></span> <span class='ocrx_word' id='word_1_123' title='bbox 1389 2143 1519 2223; x_wconf 84' lang='lat' dir='ltr'><strong>fratres</strong></span> <span class='ocrx_word' id='word_1_124' title='bbox 1534 2145 1704 2253; x_wconf 86' lang='lat' dir='ltr'><strong>ejusdem</strong></span> 
     </span>
     <span class='ocr_line' id='line_1_15' title="bbox 280 2272 1702 2384; baseline 0.002 -32"><span class='ocrx_word' id='word_1_125' title='bbox 280 2273 421 2352; x_wconf 88' lang='lat' dir='ltr'><strong>ordinis</strong></span> <span class='ocrx_word' id='word_1_126' title='bbox 435 2273 662 2380; x_wconf 87' lang='lat' dir='ltr'><strong>promittunt</strong></span> <span class='ocrx_word' id='word_1_127' title='bbox 679 2273 872 2380; x_wconf 87' lang='lat' dir='ltr'><strong>recipienti</strong></span> <span class='ocrx_word' id='word_1_128' title='bbox 891 2299 955 2351; x_wconf 90' lang='lat' dir='ltr'><strong>eos</strong></span> <span class='ocrx_word' id='word_1_129' title='bbox 968 2287 1015 2351; x_wconf 79' lang='lat' dir='ltr'><strong>‘se</strong></span> <span class='ocrx_word' id='word_1_130' title='bbox 1034 2298 1111 2351; x_wconf 87' lang='lat' dir='ltr'><strong>non</strong></span> <span class='ocrx_word' id='word_1_131' title='bbox 1132 2272 1346 2353; x_wconf 84' lang='lat' dir='ltr'><strong>deserturos</strong></span> <span class='ocrx_word' id='word_1_132' title='bbox 1361 2275 1533 2354; x_wconf 90' lang='lat' dir='ltr'><strong>ordinem</strong></span> <span class='ocrx_word' id='word_1_133' title='bbox 1553 2277 1702 2384; x_wconf 83' lang='lat' dir='ltr'><strong>Templi</strong></span> 
     </span>
     <span class='ocr_line' id='line_1_16' title="bbox 279 2393 1704 2510; baseline 0.001 -29"><span class='ocrx_word' id='word_1_134' title='bbox 279 2419 603 2510; x_wconf 85' lang='lat' dir='ltr'><strong>assumptumpro</strong></span> <span class='ocrx_word' id='word_1_135' title='bbox 626 2393 756 2509; x_wconf 87' lang='lat' dir='ltr'><strong>quovis</strong></span> <span class='ocrx_word' id='word_1_136' title='bbox 780 2400 855 2479; x_wconf 91' lang='lat' dir='ltr'><strong>alio</strong></span> <span class='ocrx_word' id='word_1_137' title='bbox 873 2402 1008 2480; x_wconf 90' lang='lat' dir='ltr'><strong>ordine</strong></span> <span class='ocrx_word' id='word_1_138' title='bbox 1029 2403 1170 2510; x_wconf 80' lang='lat' dir='ltr'><strong>majore</strong></span> <span class='ocrx_word' id='word_1_139' title='bbox 1194 2403 1252 2480; x_wconf 89' lang='lat' dir='ltr'><strong>vel</strong></span> <span class='ocrx_word' id='word_1_140' title='bbox 1274 2404 1429 2494; x_wconf 77' lang='lat' dir='ltr'><strong>leviore,</strong></span> <span class='ocrx_word' id='word_1_141' title='bbox 1455 2406 1526 2482; x_wconf 89' lang='lat' dir='ltr'><strong>nisi</strong></span> <span class='ocrx_word' id='word_1_142' title='bbox 1551 2404 1704 2483; x_wconf 86' lang='lat' dir='ltr'><strong>facultas</strong></span> 
     </span>
    </p>
   </div>
   <div class='ocr_carea' id='block_1_6' title="bbox 267 2531 1293 2640">
    <p class='ocr_par' dir='ltr' id='par_1_7' title="bbox 267 2531 1293 2640">
     <span class='ocr_line' id='line_1_17' title="bbox 267 2531 1293 2640; baseline -0.001 -30"><span class='ocrx_word' id='word_1_143' title='bbox 267 2533 414 2640; x_wconf 84' lang='lat' dir='ltr'><strong>agendi</strong></span> <span class='ocrx_word' id='word_1_144' title='bbox 431 2534 502 2611; x_wconf 85' lang='lat' dir='ltr'><strong>bec</strong></span> <span class='ocrx_word' id='word_1_145' title='bbox 520 2561 541 2610; x_wconf 89' lang='lat' dir='ltr'><strong>a</strong></span> <span class='ocrx_word' id='word_1_146' title='bbox 560 2531 630 2611; x_wconf 90' lang='lat' dir='ltr'><strong>sibi</strong></span> <span class='ocrx_word' id='word_1_147' title='bbox 651 2531 846 2639; x_wconf 87' lang='lat' dir='ltr'><strong>superiore</strong></span> <span class='ocrx_word' id='word_1_148' title='bbox 867 2548 904 2609; x_wconf 88' lang='lat' dir='ltr'><strong>et</strong></span> <span class='ocrx_word' id='word_1_149' title='bbox 921 2531 1077 2610; x_wconf 87' lang='lat' dir='ltr'><strong>licencia</strong></span> <span class='ocrx_word' id='word_1_150' title='bbox 1095 2532 1293 2611; x_wconf 87' lang='lat' dir='ltr'><strong>tribuatur.</strong></span> 
     </span>
    </p>
   </div>
   <div class='ocr_carea' id='block_1_7' title="bbox 277 2661 1704 5088">
    <p class='ocr_par' dir='ltr' id='par_1_8' title="bbox 277 2661 1703 3420">
     <span class='ocr_line' id='line_1_18' title="bbox 334 2661 1702 2772; baseline 0.001 -31"><span class='ocrx_word' id='word_1_151' title='bbox 334 2663 436 2741; x_wconf 86' lang='lat' dir='ltr'><strong>Dixit</strong></span> <span class='ocrx_word' id='word_1_152' title='bbox 456 2661 573 2742; x_wconf 88' lang='lat' dir='ltr'><strong>ceiam</strong></span> <span class='ocrx_word' id='word_1_153' title='bbox 593 2662 696 2770; x_wconf 93' lang='lat' dir='ltr'><strong>quod</strong></span> <span class='ocrx_word' id='word_1_154' title='bbox 716 2662 840 2740; x_wconf 82' lang='lat' dir='ltr'><strong>statim</strong></span> <span class='ocrx_word' id='word_1_155' title='bbox 858 2661 999 2768; x_wconf 87' lang='lat' dir='ltr'><strong>recepti</strong></span> <span class='ocrx_word' id='word_1_156' title='bbox 1016 2662 1066 2739; x_wconf 93' lang='lat' dir='ltr'><strong>ad</strong></span> <span class='ocrx_word' id='word_1_157' title='bbox 1085 2661 1227 2740; x_wconf 89' lang='lat' dir='ltr'><strong>dictum</strong></span> <span class='ocrx_word' id='word_1_158' title='bbox 1246 2663 1420 2741; x_wconf 84' lang='lat' dir='ltr'><strong>ordinem</strong></span> <span class='ocrx_word' id='word_1_159' title='bbox 1439 2691 1508 2771; x_wconf 86' lang='lat' dir='ltr'><strong>pro</strong></span> <span class='ocrx_word' id='word_1_160' title='bbox 1526 2667 1702 2772; x_wconf 74' lang='lat' dir='ltr'><strong>professis</strong></span> 
     </span>
     <span class='ocr_line' id='line_1_19' title="bbox 278 2791 1703 2902; baseline 0.001 -30"><span class='ocrx_word' id='word_1_161' title='bbox 278 2793 477 2880; x_wconf 90' lang='lat' dir='ltr'><strong>habentur,</strong></span> <span class='ocrx_word' id='word_1_162' title='bbox 502 2811 540 2872; x_wconf 90' lang='lat' dir='ltr'><strong>et</strong></span> <span class='ocrx_word' id='word_1_163' title='bbox 558 2793 664 2902; x_wconf 86' lang='lat' dir='ltr'><strong>quod</strong></span> <span class='ocrx_word' id='word_1_164' title='bbox 685 2815 818 2872; x_wconf 87' lang='lat' dir='ltr'><strong>eorum</strong></span> <span class='ocrx_word' id='word_1_165' title='bbox 836 2791 1008 2898; x_wconf 89' lang='lat' dir='ltr'><strong>recepcio</strong></span> <span class='ocrx_word' id='word_1_166' title='bbox 1021 2793 1147 2900; x_wconf 83' lang='lat' dir='ltr'><strong>jannis</strong></span> <span class='ocrx_word' id='word_1_167' title='bbox 1166 2791 1300 2872; x_wconf 87' lang='lat' dir='ltr'><strong>clausis</strong></span> <span class='ocrx_word' id='word_1_168' title='bbox 1316 2792 1360 2870; x_wconf 88' lang='lat' dir='ltr'><strong>fit</strong></span> <span class='ocrx_word' id='word_1_169' title='bbox 1372 2795 1410 2871; x_wconf 87' lang='lat' dir='ltr'><strong>in</strong></span> <span class='ocrx_word' id='word_1_170' title='bbox 1429 2795 1568 2902; x_wconf 88' lang='lat' dir='ltr'><strong>capella</strong></span> <span class='ocrx_word' id='word_1_171' title='bbox 1589 2815 1625 2874; x_wconf 85' lang='lat' dir='ltr'><strong>et</strong></span> <span class='ocrx_word' id='word_1_172' title='bbox 1644 2827 1703 2874; x_wconf 88' lang='lat' dir='ltr'><strong>ca·</strong></span> 
     </span>
     <span class='ocr_line' id='line_1_20' title="bbox 278 2921 1703 3031; baseline 0.001 -29"><span class='ocrx_word' id='word_1_173' title='bbox 278 2924 405 3031; x_wconf 81' lang='lat' dir='ltr'><strong>pitulo</strong></span> <span class='ocrx_word' id='word_1_174' title='bbox 415 2925 533 3002; x_wconf 83' lang='lat' dir='ltr'><strong>Menai</strong></span> <span class='ocrx_word' id='word_1_175' title='bbox 548 2923 636 3013; x_wconf 89' lang='lat' dir='ltr'><strong>Dei,</strong></span> <span class='ocrx_word' id='word_1_176' title='bbox 654 2921 812 3000; x_wconf 83' lang='lat' dir='ltr'><strong>exclusis</strong></span> <span class='ocrx_word' id='word_1_177' title='bbox 828 2921 1025 3010; x_wconf 83' lang='lat' dir='ltr'><strong>extraneis,</strong></span> <span class='ocrx_word' id='word_1_178' title='bbox 1047 2939 1085 2998; x_wconf 91' lang='lat' dir='ltr'><strong>et</strong></span> <span class='ocrx_word' id='word_1_179' title='bbox 1103 2921 1191 3000; x_wconf 88' lang='lat' dir='ltr'><strong>solis</strong></span> <span class='ocrx_word' id='word_1_180' title='bbox 1205 2921 1379 3002; x_wconf 86' lang='lat' dir='ltr'><strong>fratribus</strong></span> <span class='ocrx_word' id='word_1_181' title='bbox 1392 2926 1630 3030; x_wconf 89' lang='lat' dir='ltr'><strong>presentibus</strong></span> <span class='ocrx_word' id='word_1_182' title='bbox 1641 2956 1703 3006; x_wconf 89' lang='lat' dir='ltr'><strong>or-</strong></span> 
     </span>
     <span class='ocr_line' id='line_1_21' title="bbox 280 3049 1701 3164; baseline 0.004 -35"><span class='ocrx_word' id='word_1_183' title='bbox 280 3053 381 3131; x_wconf 89' lang='lat' dir='ltr'><strong>dinis</strong></span> <span class='ocrx_word' id='word_1_184' title='bbox 398 3055 577 3164; x_wconf 78' lang='lat' dir='ltr'><strong>quitunc</strong></span> <span class='ocrx_word' id='word_1_185' title='bbox 588 3050 741 3141; x_wconf 72' lang='lat' dir='ltr'><strong>adsunt3</strong></span> <span class='ocrx_word' id='word_1_186' title='bbox 760 3069 798 3129; x_wconf 87' lang='lat' dir='ltr'><strong>et</strong></span> <span class='ocrx_word' id='word_1_187' title='bbox 812 3051 890 3128; x_wconf 87' lang='lat' dir='ltr'><strong>boc</strong></span> <span class='ocrx_word' id='word_1_188' title='bbox 904 3049 993 3128; x_wconf 90' lang='lat' dir='ltr'><strong>ideo</strong></span> <span class='ocrx_word' id='word_1_189' title='bbox 1007 3049 1088 3130; x_wconf 88' lang='lat' dir='ltr'><strong>lieri</strong></span> <span class='ocrx_word' id='word_1_190' title='bbox 1111 3051 1204 3129; x_wconf 88' lang='lat' dir='ltr'><strong>dixit</strong></span> <span class='ocrx_word' id='word_1_191' title='bbox 1218 3052 1265 3129; x_wconf 94' lang='lat' dir='ltr'><strong>de</strong></span> <span class='ocrx_word' id='word_1_192' title='bbox 1281 3079 1384 3132; x_wconf 85' lang='lat' dir='ltr'><strong>more</strong></span> <span class='ocrx_word' id='word_1_193' title='bbox 1398 3071 1437 3133; x_wconf 86' lang='lat' dir='ltr'><strong>et</strong></span> <span class='ocrx_word' id='word_1_194' title='bbox 1456 3057 1600 3136; x_wconf 80' lang='lat' dir='ltr'><strong>stamtis</strong></span> <span class='ocrx_word' id='word_1_195' title='bbox 1612 3057 1701 3135; x_wconf 91' lang='lat' dir='ltr'><strong>dicti</strong></span> 
     </span>
     <span class='ocr_line' id='line_1_22' title="bbox 280 3179 1703 3294; baseline 0.001 -32"><span class='ocrx_word' id='word_1_196' title='bbox 280 3185 438 3278; x_wconf 73' lang='lat' dir='ltr'><strong>ordinis,</strong></span> <span class='ocrx_word' id='word_1_197' title='bbox 458 3183 546 3294; x_wconf 83' lang='lat' dir='ltr'><strong>quia</strong></span> <span class='ocrx_word' id='word_1_198' title='bbox 560 3184 599 3260; x_wconf 92' lang='lat' dir='ltr'><strong>in</strong></span> <span class='ocrx_word' id='word_1_199' title='bbox 615 3179 785 3289; x_wconf 82' lang='lat' dir='ltr'><strong>capitulis</strong></span> <span class='ocrx_word' id='word_1_200' title='bbox 803 3181 842 3256; x_wconf 91' lang='lat' dir='ltr'><strong>in</strong></span> <span class='ocrx_word' id='word_1_201' title='bbox 862 3179 1000 3286; x_wconf 87' lang='lat' dir='ltr'><strong>quibus</strong></span> <span class='ocrx_word' id='word_1_202' title='bbox 1019 3180 1151 3258; x_wconf 84' lang='lat' dir='ltr'><strong>fratres</strong></span> <span class='ocrx_word' id='word_1_203' title='bbox 1171 3179 1404 3288; x_wconf 90' lang='lat' dir='ltr'><strong>recipiuntur</strong></span> <span class='ocrx_word' id='word_1_204' title='bbox 1421 3185 1538 3264; x_wconf 90' lang='lat' dir='ltr'><strong>multa</strong></span> <span class='ocrx_word' id='word_1_205' title='bbox 1553 3186 1649 3264; x_wconf 86' lang='lat' dir='ltr'><strong>fiunt</strong></span> <span class='ocrx_word' id='word_1_206' title='bbox 1665 3205 1703 3264; x_wconf 88' lang='lat' dir='ltr'><strong>et</strong></span> 
     </span>
     <span class='ocr_line' id='line_1_23' title="bbox 277 3309 1570 3420; baseline -0.002 -28"><span class='ocrx_word' id='word_1_207' title='bbox 277 3331 481 3392; x_wconf 88' lang='lat' dir='ltr'><strong>tractantur</strong></span> <span class='ocrx_word' id='word_1_208' title='bbox 499 3331 639 3392; x_wconf 86' lang='lat' dir='ltr'><strong>secreta</strong></span> <span class='ocrx_word' id='word_1_209' title='bbox 656 3339 730 3418; x_wconf 81' lang='lat' dir='ltr'><strong>que</strong></span> <span class='ocrx_word' id='word_1_210' title='bbox 744 3337 821 3388; x_wconf 91' lang='lat' dir='ltr'><strong>non</strong></span> <span class='ocrx_word' id='word_1_211' title='bbox 839 3309 1029 3388; x_wconf 88' lang='lat' dir='ltr'><strong>licet·aliis</strong></span> <span class='ocrx_word' id='word_1_212' title='bbox 1047 3337 1161 3417; x_wconf 89' lang='lat' dir='ltr'><strong>quam</strong></span> <span class='ocrx_word' id='word_1_213' title='bbox 1181 3309 1357 3390; x_wconf 87' lang='lat' dir='ltr'><strong>fratribus</strong></span> <span class='ocrx_word' id='word_1_214' title='bbox 1374 3314 1570 3420; x_wconf 90' lang='lat' dir='ltr'><strong>publicari.</strong></span> 
     </span>
    </p>

    <p class='ocr_par' dir='ltr' id='par_1_9' title="bbox 279 3438 1703 4069">
     <span class='ocr_line' id='line_1_24' title="bbox 335 3438 1703 3551; baseline 0 -29"><span class='ocrx_word' id='word_1_215' title='bbox 335 3443 394 3522; x_wconf 82' lang='lat' dir='ltr'><strong>Ad</strong></span> <span class='ocrx_word' id='word_1_216' title='bbox 404 3443 614 3521; x_wconf 74' lang='lat' dir='ltr'><strong>xl--lxxxn</strong></span> <span class='ocrx_word' id='word_1_217' title='bbox 627 3441 803 3519; x_wconf 84' lang='lat' dir='ltr'><strong>articulos</strong></span> <span class='ocrx_word' id='word_1_218' title='bbox 818 3438 1012 3528; x_wconf 88' lang='lat' dir='ltr'><strong>inclusive,</strong></span> <span class='ocrx_word' id='word_1_219' title='bbox 1035 3439 1232 3546; x_wconf 89' lang='lat' dir='ltr'><strong>diligenter</strong></span> <span class='ocrx_word' id='word_1_220' title='bbox 1246 3457 1284 3519; x_wconf 92' lang='lat' dir='ltr'><strong>et</strong></span> <span class='ocrx_word' id='word_1_221' title='bbox 1298 3441 1483 3547; x_wconf 88' lang='lat' dir='ltr'><strong>sigillatim</strong></span> <span class='ocrx_word' id='word_1_222' title='bbox 1495 3445 1703 3551; x_wconf 87' lang='lat' dir='ltr'><strong>interroga·</strong></span> 
     </span>
     <span class='ocr_line' id='line_1_25' title="bbox 279 3569 1702 3680; baseline 0.001 -30"><span class='ocrx_word' id='word_1_223' title='bbox 279 3593 358 3664; x_wconf 89' lang='lat' dir='ltr'><strong>tus,</strong></span> <span class='ocrx_word' id='word_1_224' title='bbox 380 3571 611 3680; x_wconf 89' lang='lat' dir='ltr'><strong>respondens</strong></span> <span class='ocrx_word' id='word_1_225' title='bbox 626 3571 773 3680; x_wconf 88' lang='lat' dir='ltr'><strong>negavit</strong></span> <span class='ocrx_word' id='word_1_226' title='bbox 782 3571 882 3676; x_wconf 88' lang='lat' dir='ltr'><strong>ipsos</strong></span> <span class='ocrx_word' id='word_1_227' title='bbox 892 3569 1066 3647; x_wconf 86' lang='lat' dir='ltr'><strong>articulos</strong></span> <span class='ocrx_word' id='word_1_228' title='bbox 1076 3587 1113 3648; x_wconf 91' lang='lat' dir='ltr'><strong>et</strong></span> <span class='ocrx_word' id='word_1_229' title='bbox 1125 3571 1251 3648; x_wconf 87' lang='lat' dir='ltr'><strong>omnia</strong></span> <span class='ocrx_word' id='word_1_230' title='bbox 1262 3588 1301 3648; x_wconf 92' lang='lat' dir='ltr'><strong>et</strong></span> <span class='ocrx_word' id='word_1_231' title='bbox 1313 3571 1455 3679; x_wconf 88' lang='lat' dir='ltr'><strong>singula</strong></span> <span class='ocrx_word' id='word_1_232' title='bbox 1475 3593 1646 3652; x_wconf 87' lang='lat' dir='ltr'><strong>contenta</strong></span> <span class='ocrx_word' id='word_1_233' title='bbox 1664 3577 1702 3652; x_wconf 93' lang='lat' dir='ltr'><strong>in</strong></span> 
     </span>
     <span class='ocr_line' id='line_1_26' title="bbox 281 3697 1703 3812; baseline 0.001 -32"><span class='ocrx_word' id='word_1_234' title='bbox 281 3703 351 3793; x_wconf 93' lang='lat' dir='ltr'><strong>eis,</strong></span> <span class='ocrx_word' id='word_1_235' title='bbox 366 3719 518 3808; x_wconf 89' lang='lat' dir='ltr'><strong>excepto</strong></span> <span class='ocrx_word' id='word_1_236' title='bbox 534 3701 637 3809; x_wconf 91' lang='lat' dir='ltr'><strong>quod</strong></span> <span class='ocrx_word' id='word_1_237' title='bbox 654 3701 750 3808; x_wconf 92' lang='lat' dir='ltr'><strong>ipse,</strong></span> <span class='ocrx_word' id='word_1_238' title='bbox 768 3716 807 3777; x_wconf 91' lang='lat' dir='ltr'><strong>et</strong></span> <span class='ocrx_word' id='word_1_239' title='bbox 821 3699 924 3776; x_wconf 92' lang='lat' dir='ltr'><strong>idem</strong></span> <span class='ocrx_word' id='word_1_240' title='bbox 939 3699 1059 3776; x_wconf 84' lang='lat' dir='ltr'><strong>credit</strong></span> <span class='ocrx_word' id='word_1_241' title='bbox 1077 3699 1125 3778; x_wconf 91' lang='lat' dir='ltr'><strong>de</strong></span> <span class='ocrx_word' id='word_1_242' title='bbox 1140 3699 1220 3776; x_wconf 91' lang='lat' dir='ltr'><strong>aliis</strong></span> <span class='ocrx_word' id='word_1_243' title='bbox 1232 3697 1423 3790; x_wconf 81' lang='lat' dir='ltr'><strong>fratribus,</strong></span> <span class='ocrx_word' id='word_1_244' title='bbox 1439 3721 1563 3808; x_wconf 88' lang='lat' dir='ltr'><strong>portat</strong></span> <span class='ocrx_word' id='word_1_245' title='bbox 1573 3705 1703 3812; x_wconf 88' lang='lat' dir='ltr'><strong>cingu-</strong></span> 
     </span>
     <span class='ocr_line' id='line_1_27' title="bbox 280 3820 1697 3938; baseline 0.003 -30"><span class='ocrx_word' id='word_1_246' title='bbox 280 3829 359 3910; x_wconf 87' lang='lat' dir='ltr'><strong>lum</strong></span> <span class='ocrx_word' id='word_1_247' title='bbox 375 3820 426 3910; x_wconf 53' lang='lat' dir='ltr'><strong>dc&#39;</strong></span> <span class='ocrx_word' id='word_1_248' title='bbox 436 3831 516 3910; x_wconf 92' lang='lat' dir='ltr'><strong>lino</strong></span> <span class='ocrx_word' id='word_1_249' title='bbox 527 3831 586 3912; x_wconf 86' lang='lat' dir='ltr'><strong>vel</strong></span> <span class='ocrx_word' id='word_1_250' title='bbox 597 3830 644 3909; x_wconf 82' lang='lat' dir='ltr'><strong>de</strong></span> <span class='ocrx_word' id='word_1_251' title='bbox 655 3859 795 3938; x_wconf 88' lang='lat' dir='ltr'><strong>canape</strong></span> <span class='ocrx_word' id='word_1_252' title='bbox 808 3857 921 3938; x_wconf 86' lang='lat' dir='ltr'><strong>super</strong></span> <span class='ocrx_word' id='word_1_253' title='bbox 934 3830 1140 3918; x_wconf 87' lang='lat' dir='ltr'><strong>camisiam,</strong></span> <span class='ocrx_word' id='word_1_254' title='bbox 1157 3829 1206 3908; x_wconf 88' lang='lat' dir='ltr'><strong>ad</strong></span> <span class='ocrx_word' id='word_1_255' title='bbox 1213 3828 1485 3938; x_wconf 87' lang='lat' dir='ltr'><strong>designandum</strong></span> <span class='ocrx_word' id='word_1_256' title='bbox 1496 3835 1697 3913; x_wconf 85' lang='lat' dir='ltr'><strong>castitatem</strong></span> 
     </span>
     <span class='ocr_line' id='line_1_28' title="bbox 279 3961 1614 4069; baseline 0 -29"><span class='ocrx_word' id='word_1_257' title='bbox 279 3989 393 4069; x_wconf 90' lang='lat' dir='ltr'><strong>quam</strong></span> <span class='ocrx_word' id='word_1_258' title='bbox 406 3961 477 4069; x_wconf 88' lang='lat' dir='ltr'><strong>ipsi</strong></span> <span class='ocrx_word' id='word_1_259' title='bbox 492 3961 622 4040; x_wconf 87' lang='lat' dir='ltr'><strong>fratres</strong></span> <span class='ocrx_word' id='word_1_260' title='bbox 638 3963 677 4039; x_wconf 90' lang='lat' dir='ltr'><strong>in</strong></span> <span class='ocrx_word' id='word_1_261' title='bbox 696 3987 762 4039; x_wconf 87' lang='lat' dir='ltr'><strong>sun</strong></span> <span class='ocrx_word' id='word_1_262' title='bbox 774 3961 991 4068; x_wconf 83' lang='lat' dir='ltr'><strong>recepcione</strong></span> <span class='ocrx_word' id='word_1_263' title='bbox 1009 3961 1194 4068; x_wconf 84' lang='lat' dir='ltr'><strong>receptori</strong></span> <span class='ocrx_word' id='word_1_264' title='bbox 1214 3961 1440 4068; x_wconf 87' lang='lat' dir='ltr'><strong>promittunt</strong></span> <span class='ocrx_word' id='word_1_265' title='bbox 1457 3990 1614 4042; x_wconf 84' lang='lat' dir='ltr'><strong>servare.</strong></span> 
     </span>
    </p>

    <p class='ocr_par' dir='ltr' id='par_1_10' title="bbox 278 4089 1704 4565">
     <span class='ocr_line' id='line_1_29' title="bbox 333 4089 1702 4203; baseline 0.004 -34"><span class='ocrx_word' id='word_1_266' title='bbox 333 4091 573 4172; x_wconf 81' lang='lat' dir='ltr'><strong>Dixit-tamen</strong></span> <span class='ocrx_word' id='word_1_267' title='bbox 588 4092 691 4200; x_wconf 90' lang='lat' dir='ltr'><strong>quod</strong></span> <span class='ocrx_word' id='word_1_268' title='bbox 709 4093 799 4200; x_wconf 88' lang='lat' dir='ltr'><strong>ipsis</strong></span> <span class='ocrx_word' id='word_1_269' title='bbox 815 4089 979 4170; x_wconf 89' lang='lat' dir='ltr'><strong>cordulis</strong></span> <span class='ocrx_word' id='word_1_270' title='bbox 993 4119 1070 4170; x_wconf 91' lang='lat' dir='ltr'><strong>non</strong></span> <span class='ocrx_word' id='word_1_271' title='bbox 1083 4093 1283 4199; x_wconf 88' lang='lat' dir='ltr'><strong>cinguntur</strong></span> <span class='ocrx_word' id='word_1_272' title='bbox 1295 4120 1366 4171; x_wconf 90' lang='lat' dir='ltr'><strong>nec</strong></span> <span class='ocrx_word' id='word_1_273' title='bbox 1378 4110 1581 4201; x_wconf 83' lang='lat' dir='ltr'><strong>tangrmtur</strong></span> <span class='ocrx_word' id='word_1_274' title='bbox 1593 4096 1702 4203; x_wconf 84' lang='lat' dir='ltr'><strong>ydola</strong></span> 
     </span>
     <span class='ocr_line' id='line_1_30' title="bbox 278 4221 1704 4332; baseline 0.001 -30"><span class='ocrx_word' id='word_1_275' title='bbox 278 4251 348 4302; x_wconf 91' lang='lat' dir='ltr'><strong>nec</strong></span> <span class='ocrx_word' id='word_1_276' title='bbox 364 4224 482 4332; x_wconf 89' lang='lat' dir='ltr'><strong>capita</strong></span> <span class='ocrx_word' id='word_1_277' title='bbox 501 4223 624 4330; x_wconf 89' lang='lat' dir='ltr'><strong>aliqua</strong></span> <span class='ocrx_word' id='word_1_278' title='bbox 641 4221 861 4331; x_wconf 82' lang='lat' dir='ltr'><strong>ydolorum,</strong></span> <span class='ocrx_word' id='word_1_279' title='bbox 877 4249 948 4300; x_wconf 88' lang='lat' dir='ltr'><strong>nec</strong></span> <span class='ocrx_word' id='word_1_280' title='bbox 962 4223 1030 4302; x_wconf 88' lang='lat' dir='ltr'><strong>scit</strong></span> <span class='ocrx_word' id='word_1_281' title='bbox 1043 4249 1114 4300; x_wconf 91' lang='lat' dir='ltr'><strong>nec</strong></span> <span class='ocrx_word' id='word_1_282' title='bbox 1133 4246 1300 4330; x_wconf 87' lang='lat' dir='ltr'><strong>unquam</strong></span> <span class='ocrx_word' id='word_1_283' title='bbox 1319 4223 1460 4302; x_wconf 86' lang='lat' dir='ltr'><strong>audivit</strong></span> <span class='ocrx_word' id='word_1_284' title='bbox 1474 4221 1625 4304; x_wconf 82' lang='lat' dir='ltr'><strong>fratrem</strong></span> <span class='ocrx_word' id='word_1_285' title='bbox 1641 4225 1704 4304; x_wconf 91' lang='lat' dir='ltr'><strong>ali·</strong></span> 
     </span>
     <span class='ocr_line' id='line_1_31' title="bbox 278 4352 1704 4465; baseline 0.001 -31"><span class='ocrx_word' id='word_1_286' title='bbox 278 4383 394 4465; x_wconf 85' lang='lat' dir='ltr'><strong>quem</strong></span> <span class='ocrx_word' id='word_1_287' title='bbox 419 4356 484 4464; x_wconf 93' lang='lat' dir='ltr'><strong>qui</strong></span> <span class='ocrx_word' id='word_1_288' title='bbox 506 4354 643 4433; x_wconf 88' lang='lat' dir='ltr'><strong>talibus</strong></span> <span class='ocrx_word' id='word_1_289' title='bbox 660 4353 826 4454; x_wconf 83' lang='lat' dir='ltr'><strong>cordulis</strong></span> <span class='ocrx_word' id='word_1_290' title='bbox 845 4354 989 4432; x_wconf 85' lang='lat' dir='ltr'><strong>cinctus</strong></span> <span class='ocrx_word' id='word_1_291' title='bbox 1012 4353 1127 4432; x_wconf 87' lang='lat' dir='ltr'><strong>fuerit</strong></span> <span class='ocrx_word' id='word_1_292' title='bbox 1145 4355 1199 4432; x_wconf 91' lang='lat' dir='ltr'><strong>sic</strong></span> <span class='ocrx_word' id='word_1_293' title='bbox 1218 4352 1370 4460; x_wconf 87' lang='lat' dir='ltr'><strong>pollutis</strong></span> <span class='ocrx_word' id='word_1_294' title='bbox 1389 4353 1428 4432; x_wconf 93' lang='lat' dir='ltr'><strong>in</strong></span> <span class='ocrx_word' id='word_1_295' title='bbox 1445 4354 1568 4462; x_wconf 83' lang='lat' dir='ltr'><strong>ydolis</strong></span> <span class='ocrx_word' id='word_1_296' title='bbox 1588 4375 1628 4435; x_wconf 91' lang='lat' dir='ltr'><strong>et</strong></span> <span class='ocrx_word' id='word_1_297' title='bbox 1647 4361 1704 4434; x_wconf 90' lang='lat' dir='ltr'><strong>in-</strong></span> 
     </span>
     <span class='ocr_line' id='line_1_32' title="bbox 279 4485 396 4565; baseline 0.034 -4"><span class='ocrx_word' id='word_1_298' title='bbox 279 4485 396 4565; x_wconf 84' lang='lat' dir='ltr'><strong>lectis.</strong></span> 
     </span>
    </p>

    <p class='ocr_par' dir='ltr' id='par_1_11' title="bbox 280 4609 1703 4982">
     <span class='ocr_line' id='line_1_33' title="bbox 334 4609 1703 4723; baseline 0 -30"><span class='ocrx_word' id='word_1_299' title='bbox 334 4619 428 4694; x_wconf 90' lang='lat' dir='ltr'><strong>Item</strong></span> <span class='ocrx_word' id='word_1_300' title='bbox 451 4615 544 4694; x_wconf 86' lang='lat' dir='ltr'><strong>dixit</strong></span> <span class='ocrx_word' id='word_1_301' title='bbox 562 4612 665 4723; x_wconf 92' lang='lat' dir='ltr'><strong>quod</strong></span> <span class='ocrx_word' id='word_1_302' title='bbox 684 4615 763 4720; x_wconf 92' lang='lat' dir='ltr'><strong>ipse</strong></span> <span class='ocrx_word' id='word_1_303' title='bbox 787 4613 826 4690; x_wconf 91' lang='lat' dir='ltr'><strong>in</strong></span> <span class='ocrx_word' id='word_1_304' title='bbox 844 4613 956 4692; x_wconf 89' lang='lat' dir='ltr'><strong>nullis</strong></span> <span class='ocrx_word' id='word_1_305' title='bbox 976 4613 1148 4720; x_wconf 89' lang='lat' dir='ltr'><strong>capitulis</strong></span> <span class='ocrx_word' id='word_1_306' title='bbox 1169 4613 1258 4691; x_wconf 89' lang='lat' dir='ltr'><strong>dicti</strong></span> <span class='ocrx_word' id='word_1_307' title='bbox 1279 4609 1422 4690; x_wconf 88' lang='lat' dir='ltr'><strong>ordinis</strong></span> <span class='ocrx_word' id='word_1_308' title='bbox 1442 4639 1608 4722; x_wconf 83' lang='lat' dir='ltr'><strong>unquam</strong></span> <span class='ocrx_word' id='word_1_309' title='bbox 1631 4615 1703 4694; x_wconf 81' lang='lat' dir='ltr'><strong>fuit</strong></span> 
     </span>
     <span class='ocr_line' id='line_1_34' title="bbox 280 4742 1700 4853; baseline 0 -31"><span class='ocrx_word' id='word_1_310' title='bbox 280 4747 351 4824; x_wconf 91' lang='lat' dir='ltr'><strong>nisi</strong></span> <span class='ocrx_word' id='word_1_311' title='bbox 378 4747 417 4823; x_wconf 93' lang='lat' dir='ltr'><strong>in</strong></span> <span class='ocrx_word' id='word_1_312' title='bbox 437 4745 525 4824; x_wconf 88' lang='lat' dir='ltr'><strong>solis</strong></span> <span class='ocrx_word' id='word_1_313' title='bbox 545 4745 711 4853; x_wconf 88' lang='lat' dir='ltr'><strong>capitulis</strong></span> <span class='ocrx_word' id='word_1_314' title='bbox 734 4743 870 4822; x_wconf 90' lang='lat' dir='ltr'><strong>domus</strong></span> <span class='ocrx_word' id='word_1_315' title='bbox 890 4743 1007 4822; x_wconf 82' lang='lat' dir='ltr'><strong>Menai</strong></span> <span class='ocrx_word' id='word_1_316' title='bbox 1033 4743 1120 4834; x_wconf 76' lang='lat' dir='ltr'><strong>Dei3</strong></span> <span class='ocrx_word' id='word_1_317' title='bbox 1143 4771 1218 4850; x_wconf 89' lang='lat' dir='ltr'><strong>que</strong></span> <span class='ocrx_word' id='word_1_318' title='bbox 1238 4771 1325 4820; x_wconf 86' lang='lat' dir='ltr'><strong>eum</strong></span> <span class='ocrx_word' id='word_1_319' title='bbox 1345 4742 1444 4821; x_wconf 85' lang='lat' dir='ltr'><strong>fiunt</strong></span> <span class='ocrx_word' id='word_1_320' title='bbox 1462 4743 1700 4852; x_wconf 80' lang='lat' dir='ltr'><strong>presentibus</strong></span> 
     </span>
     <span class='ocr_line' id='line_1_35' title="bbox 280 4871 1699 4982; baseline 0.002 -30"><span class='ocrx_word' id='word_1_321' title='bbox 280 4875 452 4955; x_wconf 82' lang='lat' dir='ltr'><strong>iratribus</strong></span> <span class='ocrx_word' id='word_1_322' title='bbox 462 4875 562 4956; x_wconf 90' lang='lat' dir='ltr'><strong>dicte</strong></span> <span class='ocrx_word' id='word_1_323' title='bbox 576 4874 726 4964; x_wconf 89' lang='lat' dir='ltr'><strong>domus,</strong></span> <span class='ocrx_word' id='word_1_324' title='bbox 745 4875 784 4953; x_wconf 91' lang='lat' dir='ltr'><strong>in</strong></span> <span class='ocrx_word' id='word_1_325' title='bbox 794 4871 930 4982; x_wconf 89' lang='lat' dir='ltr'><strong>capella</strong></span> <span class='ocrx_word' id='word_1_326' title='bbox 942 4873 1111 4982; x_wconf 83' lang='lat' dir='ltr'><strong>ejusdem</strong></span> <span class='ocrx_word' id='word_1_327' title='bbox 1124 4873 1274 4962; x_wconf 87' lang='lat' dir='ltr'><strong>domus,</strong></span> <span class='ocrx_word' id='word_1_328' title='bbox 1292 4872 1428 4955; x_wconf 88' lang='lat' dir='ltr'><strong>clausis</strong></span> <span class='ocrx_word' id='word_1_329' title='bbox 1443 4874 1577 4952; x_wconf 84' lang='lat' dir='ltr'><strong>hostiis</strong></span> <span class='ocrx_word' id='word_1_330' title='bbox 1589 4873 1699 4967; x_wconf 89' lang='lat' dir='ltr'><strong>fiunt,</strong></span> 
     </span>
    </p>

    <p class='ocr_par' dir='ltr' id='par_1_12' title="bbox 1484 5019 1533 5088">
     <span class='ocr_line' id='line_1_36' title="bbox 1484 5019 1533 5088; baseline 0.082 -6"><span class='ocrx_word' id='word_1_331' title='bbox 1484 5019 1533 5088; x_wconf 81' lang='lat' dir='ltr'><strong>tt.</strong></span> 
     </span>
    </p>
   </div>
   <div class='ocr_carea' id='block_1_8' title="bbox 0 0 2107 5876">
    <p class='ocr_par' dir='ltr' id='par_1_13' title="bbox 0 0 2107 5876">
     <span class='ocr_line' id='line_1_37' title="bbox 0 0 2107 5876; baseline 0 0"><span class='ocrx_word' id='word_1_332' title='bbox 0 0 2107 5876; x_wconf 95' lang='lat' dir='ltr'><strong> </strong></span> 
     </span>
    </p>
   </div>
  </div>
 </body>
</html>
