4202 5876
699 505 897 598 esoces
924 521 1019 596 oss
1046 523 1352 599 teupernus.
1660 523 1731 600 ros

309 693 384 773 que
401 683 480 742 acta
496 682 584 742 sunt
602 667 640 742 iu
656 664 818 772 capitulo
833 694 900 744 sue
915 665 1143 770 recepcionis
1156 667 1214 743 vel
1225 667 1321 744 dicta
1333 695 1402 744 nec
1417 666 1534 744 eciam
1550 666 1590 742 in
1604 669 1737 745 ceteris

310 796 482 904 capitulis
501 795 664 905 pandant
677 798 736 876 vel
757 798 897 887 dicant,
914 825 983 874 nec
998 797 1238 876 collationem
1254 798 1415 876 habeant
1425 827 1511 875 cum
1521 797 1604 876 aliis
1620 800 1736 876 eciam

310 927 502 1018 fratribus,
522 929 593 1006 nisi
614 957 699 1006 curu
722 930 776 1006 eis
792 930 969 1006 duntaxat
982 930 1047 1034 qui
1066 927 1105 1005 in
1125 929 1213 1036 ipsis
1234 929 1405 1035 capitulis
1426 928 1625 1018 affuenmt,
1650 946 1686 1006 et
1706 931 1735 1007 si

310 1089 418 1138 secus
437 1089 457 1136 a
477 1089 630 1167 quoque
646 1058 770 1150 lieret,
793 1087 871 1137 non
890 1059 1032 1138 audivit
1051 1061 1156 1168 quod
1175 1089 1272 1167 pena
1292 1060 1415 1166 aliqua
1440 1060 1677 1165 plecteretur.

364 1192 424 1268 Ad
444 1192 484 1268 id
504 1209 628 1268 autem
645 1192 750 1297 quod
768 1191 905 1268 dicitur
917 1190 1025 1298 quod
1039 1191 1273 1296 presidentes
1297 1189 1422 1268 ordini
1441 1189 1574 1268 fratres
1592 1218 1737 1268 errores

309 1323 496 1428 predictos
511 1323 569 1400 vel
590 1349 721 1399 eorum
734 1322 885 1429 'aliquos
900 1322 1088 1428 corripere
1109 1350 1177 1432 sen
1197 1323 1382 1430 corrigere
1397 1338 1462 1398 aut
1474 1322 1650 1398 nunciare
1666 1324 1735 1400 Dei

206 1503 209 1510 «
310 1453 473 1530 Ecclesia
493 1453 754 1562 neglexerunt,
774 1453 970 1558 respondit
986 1468 1024 1528 et
1044 1451 1136 1529 dixit
1155 1481 1194 1529 se
1214 1451 1357 1530 nescire
1375 1479 1445 1528 nec
1464 1451 1617 1530 credere
1635 1481 1738 1532 erro-

310 1614 369 1663 res
389 1585 438 1662 do
458 1586 597 1692 quibus
616 1586 738 1692 agitur
757 1611 924 1690 unquam
944 1582 1058 1662 fnisse
1078 1611 1148 1660 neo
1174 1611 1254 1660 esse
1278 1583 1317 1659 in
1336 1583 1470 1662 ordine
1491 1584 1678 1691 predicto,
1701 1603 1738 1662 et

310 1716 415 1822 quod
435 1743 512 1794 non
531 1716 685 1797 luerunt
704 1745 773 1794 neo
792 1715 949 1821 reperiri
970 1731 1175 1820 potuerunt
1195 1715 1234 1790 in
1256 1715 1336 1818 ipso
1356 1713 1505 1802 ordine,
1528 1731 1640 1820 prout
1658 1743 1737 1792 cre-

311 1848 380 1935 dit,
397 1876 472 1926 non
487 1847 559 1925 fuit
570 1875 723 1925 necesse
737 1874 801 1926 eos
816 1845 952 1953 corrigi
964 1873 1034 1923 uec
1046 1843 1211 1924 Ecclesie
1225 1844 1410 1935 nunciari3
1424 1843 1530 1950 quod
1543 1845 1649 1951 quod
1660 1872 1735 1922 non

311 1995 367 2054 est
385 2006 509 2084 neque
522 1978 596 2058 fuit
610 2006 686 2057 non
703 1977 828 2084 potuit
844 1976 981 2083 corripi
996 2005 1066 2054 nec
1077 1975 1239 2055 Ecclesie
1252 1973 1438 2063 nunciari,
1456 2002 1526 2052 nec
1541 1973 1587 2052 ab
1603 1975 1736 2052 ordine

308 2109 348 2186 in
363 2137 439 2215 quo
460 2137 536 2188 nou
552 2107 699 2186 fuerant
713 2109 885 2215 separari.

366 2236 425 2315 Ad
435 2238 723 2328 lxxxur,lxxxurr
735 2255 774 2316 et
783 2238 888 2316 lxxxv
896 2237 1072 2315 articulos
1082 2236 1488 2344 inclusive,diligenter
1498 2253 1536 2312 et
1547 2236 1735 2344 sigillatim
1841 2271 1847 2282 ·

310 2369 576 2476 interrogatus,
600 2368 795 2475 respondit
823 2386 861 2445 et
880 2368 974 2446 dixit
995 2397 1035 2446 se
1060 2369 1213 2446 credere
1243 2367 1349 2475 quod
1375 2366 1506 2444 fratres
1526 2365 1574 2444 de
1599 2367 1737 2473 quibus

310 2500 432 2606 agitur
449 2501 489 2576 in
509 2498 673 2578 articulis
689 2499 963 2580 confessionem
978 2498 1134 2578 feceriut
1154 2498 1202 2576 dt
1221 2499 1401 2604 predictis
1419 2497 1611 2576 erroribus
1631 2513 1669 2575 et
1689 2499 1735 2576 de

310 2627 392 2706 aliis
412 2630 596 2708 contentis
613 2630 653 2708 in
674 2631 783 2708 dictis
802 2629 984 2718 articulis,
1006 2657 1132 2708 coram
1153 2629 1383 2706 sanctissimo
1403 2645 1507 2733 patre
1526 2645 1564 2704 et
1581 2628 1736 2706 domiuo

311 2777 438 2838 nostro
451 2787 543 2866 papa
558 2778 595 2837 et
611 2760 690 2867 ejus
708 2759 929 2838 consistorio
940 2775 979 2836 et
990 2787 1117 2838 coram
1135 2759 1301 2836 dominis
1321 2757 1573 2837 cardinalibus
1593 2776 1631 2836 et
1647 2787 1737 2838 non·

309 2888 422 2967 nullis
444 2890 526 2966 aliis
548 2891 597 2968 de
618 2891 755 2997 quibus
775 2889 819 2966 fit
840 2890 985 2969 mentio
1005 2889 1045 2966 in
1068 2889 1233 2967 articulis
1253 2888 1463 2996 prelibatis,
1493 2906 1531 2967 et
1554 2891 1627 2968 hoc
1648 2891 1736 2970 ideo

267 2986 275 3017 l
311 3021 430 3098 credit
458 3021 562 3128 quod
583 3021 727 3100 brerint
745 3019 901 3100 confessi
926 3021 1087 3129 predicti
1112 3021 1178 3128 qui
1204 3019 1334 3099 iratres
1360 3020 1605 3128 appellantur,
1633 3025 1738 3129 quod

215 3243 228 3272 ἱ
312 3152 435 3232 dictus
452 3153 628 3234 dominus
647 3173 773 3233 noster
790 3183 886 3262 papa
904 3152 978 3232 boc
997 3154 1036 3230 in
1051 3183 1115 3232 sua
1130 3152 1252 3230 littera
1272 3155 1402 3230 asserit
1416 3171 1454 3230 et
1469 3153 1615 3232 fatetur.
1637 3155 1737 3232 Dixit

308 3298 438 3362 tamen
449 3284 518 3362 iste
531 3284 720 3393 fraterqui
734 3284 905 3392 loquitur
923 3285 1045 3392 quod,
1061 3281 1231 3393 ejusdem
1247 3283 1392 3362 domini
1407 3311 1502 3390 pape
1523 3284 1618 3362 salva
1638 3312 1736 3362 sem-
1772 3312 1775 3318 “

310 3441 379 3519 per
399 3441 466 3493 sue
491 3416 693 3494 sanctitatis
721 3415 956 3507 excellentia,
977 3415 1112 3521 suique
1141 3415 1351 3494 consistorii
1377 3433 1415 3492 et
1438 3443 1540 3493 sacre
1566 3416 1676 3494 Sedis
1696 3447 1737 3494 ac

311 3542 468 3624 fratrum
489 3549 569 3654 ejus
590 3548 835 3626 dominorum
856 3544 1102 3624 cardinalium
1117 3546 1328 3624 reverencia
1344 3562 1382 3623 et
1396 3546 1556 3636 honore,
1578 3547 1735 3653 predicti

311 3675 377 3781 qui
387 3675 618 3755 smtresdicti
631 3679 775 3756 ordinis
785 3693 1002 3758 assonantur
1014 3675 1211 3756 falsitatem
1223 3705 1355 3783 puram
1372 3693 1411 3756 et
1424 3705 1564 3754 meram
1577 3677 1736 3757 confessi

311 3823 412 3895 sunt,
436 3808 534 3884 etin
560 3808 681 3915 capud
704 3809 899 3916 proprium
924 3825 1010 3886 sunt
1029 3807 1192 3896 mentiti,
1224 3807 1329 3913 quod
1352 3836 1421 3884 nec
1441 3789 1509 3884 scit
1528 3834 1597 3886 nec
1618 3809 1738 3886 credit

311 3937 415 4034 quod
442 3937 600 4036 predicti
628 3966 776 4016 errores
801 3967 869 4016 nso
893 3965 977 4044 pars
1001 3937 1125 4044 aliqua
1152 3936 1358 4016 eorundem
1384 3966 1550 4045 unquam
1578 3937 1734 4016 confessi

310 4057 450 4137 fuerint
466 4088 534 4138 nec
554 4061 671 4138 auditi
691 4063 732 4138 in
751 4063 885 4142 ordine
906 4063 995 4142 dicti
1015 4063 1180 4169 Templi.

271 4250 274 4256 ·
367 4190 424 4271 td
455 4191 575 4272 lxxxvi
611 4191 812 4270 articulum
844 4192 1045 4299 diligenter
1084 4193 1345 4304 interrogatus,
1384 4198 1615 4304 respondens
1648 4200 1739 4278 dixit

311 4321 414 4427 quod
433 4320 546 4399 frater
560 4321 605 4402 G.
621 4322 668 4398 de
684 4321 839 4404 Abelars
856 4340 947 4401 tunc
964 4342 1161 4431 preceptor
1180 4325 1277 4402 dicte
1297 4327 1434 4406 domus
1452 4329 1571 4408 Mansi
1591 4331 1678 4420 Dei,
1698 4333 1736 4408 in

310 4479 440 4532 mense
466 4453 582 4530 madii
611 4455 779 4561 proxime
805 4455 968 4534 venienti
998 4474 1108 4533 erunt
1136 4483 1181 4534 xv
1211 4457 1295 4534 anni
1323 4449 1380 4536 vel
1410 4459 1504 4536 circa
1536 4461 1667 4568 elapsi,
1696 4480 1738 4539 ut

310 4583 442 4676 credit,
462 4583 529 4662 sed
554 4584 601 4662 de
617 4585 681 4662 die
700 4585 793 4663 dixit
812 4615 851 4665 se
871 4613 947 4666 non
968 4588 1173 4678 recordari,
1203 4589 1344 4694 recepit
1363 4590 1486 4696 ipsum
1505 4590 1655 4670 fratrem
1671 4595 1737 4699 qui

308 4710 479 4819 loquitur
503 4733 541 4794 et
562 4715 714 4794 fratrem
743 4719 799 4794 Bir
827 4719 875 4796 de
901 4719 992 4796 Rivo
1013 4719 1052 4794 in
1077 4718 1208 4796 fratres
1233 4719 1377 4798 ordinis
1398 4722 1488 4799 dicti
1510 4723 1679 4830 Templi,
1699 4725 1736 4802 in

308 4843 446 4950 capella
462 4845 559 4924 dicto
576 4845 713 4925 domus
727 4847 845 4928 Mausi
866 4849 957 4940 Dei,
972 4849 1096 4958 januis
1114 4849 1264 4942 clausis,
1285 4852 1523 4957 presentibus
1540 4871 1577 4932 et
1591 4853 1735 4934 ibidem
