4320 5898
737 472 933 567 Procas
959 492 1056 566 nas
1083 491 1384 566 nausimus.
1752 496 1773 566 a

346 631 538 712 erroribus
559 631 750 714 confessus
769 635 810 712 in
825 632 1036 743 septimana
1049 634 1089 711 in
1104 663 1179 742 qua
1193 633 1266 710 suit
1278 650 1462 741 receptus,
1484 632 1524 712 in
1541 632 1637 711 dieta
1654 636 1777 741 capel-

346 764 399 856 la,
425 765 575 843 cuidam
594 765 700 846 fratri
715 767 924 856 carmelite,
947 769 1054 877 cujus
1073 793 1217 846 nomen
1233 783 1271 843 et
1290 793 1502 876 cognomen
1522 765 1686 874 ignorat,
1709 767 1775 876 qui

346 895 506 976 absolvit
520 927 621 988 eum,
634 898 810 1008 imposita
824 899 896 979 sibi
909 899 1121 1008 penitencia
1135 897 1242 1006 quod
1251 897 1442 1007 jejunaret
1456 923 1506 978 vn
1521 897 1629 976 annis
1640 895 1777 978 diebus

347 1028 541 1122 sabatinis3
562 1059 678 1138 quam
694 1032 948 1139 penitenciam
962 1031 1004 1108 in
1020 1048 1126 1139 parte
1145 1030 1359 1138 complevit.
1376 1029 1507 1108 Credit
1521 1029 1627 1138 qnod
1646 1029 1778 1108 iratres

347 1161 507 1241 scientes
523 1191 670 1242 errores
684 1181 723 1241 et
739 1180 965 1272 potestatem
982 1163 1197 1272 corrigendi
1217 1145 1418 1252 habentes,
1440 1160 1675 1270 negligentes
1694 1162 1778 1240 fue-

347 1312 448 1385 runt,
465 1295 648 1404 quianon
668 1273 911 1374 correxerunt
931 1316 1078 1375 cosnec
1103 1293 1426 1372 denunciaverunt
1444 1293 1623 1371 Ecclesia.
1642 1295 1685 1371 In
1709 1296 1779 1373 do-

347 1426 475 1506 mibus
513 1427 658 1506 ordinis
695 1429 736 1508 in
768 1428 909 1538 quibus
947 1427 1022 1506 fuit
1057 1444 1313 1506 commoratus
1349 1425 1444 1503 vidit
1480 1425 1706 1504 elemosinas
1741 1443 1780 1504 et

347 1557 641 1666 hospitalitatem
663 1561 933 1639 convenienter
951 1560 1034 1640 fieri
1055 1579 1093 1638 et
1112 1559 1261 1638 servari.
1274 1558 1429 1638 Audiuit
1448 1559 1524 1637 dici
1540 1559 1647 1668 quod
1666 1558 1776 1653 clam,

342 1690 470 1796 januis
489 1690 642 1782 clausis,
663 1720 798 1771 eornm
821 1691 997 1800 capitolia
1018 1692 1259 1771 tenebantur.
1280 1691 1412 1772 Credit
1431 1692 1538 1800 qnod
1560 1707 1664 1770 totus
1683 1691 1778 1770 ordo

347 1837 526 1901 seruasset
541 1823 648 1932 quod
666 1853 827 1934 magnus
846 1825 1025 1933 Magister
1047 1855 1134 1903 cum
1156 1841 1344 1902 conventu
1361 1823 1590 1912 ordinasset,
1614 1841 1652 1902 et
1673 1825 1778 1931 quod

349 1983 451 2033 nunc
460 1955 616 2064 grandia
629 1956 814 2051 scandala,
824 1956 988 2065 suspicio
1000 1975 1040 2036 et
1049 1955 1203 2034 infamia
1218 1955 1295 2034 sint
1306 1972 1433 2034 exorta
1445 1949 1573 2034 contra
1587 1954 1775 2047 ordinem,

349 2103 388 2164 et
402 2087 509 2194 quod
521 2086 726 2166 consessata
736 2115 805 2194 per
817 2116 906 2166 eum
923 2104 1049 2167 essent
1061 2105 1150 2168 nota
1159 2087 1339 2166 fratribus
1350 2087 1506 2181 ordinis,
1522 2104 1780 2195 contraquam

350 2217 493 2296 audivit
508 2218 582 2296 dici
597 2247 779 2329 magnum
795 2219 1014 2327 Magistrum
1031 2235 1069 2298 et
1083 2217 1182 2310 alios,
1197 2219 1345 2326 aliquos
1358 2210 1516 2309 errores,
1534 2219 1653 2297 nescit
1671 2247 1777 2327 quos,

349 2349 464 2428 fuisse
480 2349 682 2430 confessos.
699 2351 901 2433 Obtulerat
916 2379 968 2440 se,
985 2349 1086 2428 malo
1102 2352 1241 2429 ductus
1251 2349 1426 2444 consilio,
1444 2350 1493 2427 ad
1504 2348 1778 2428 deffensionem

350 2481 494 2558 ordinis
518 2511 594 2584 una
618 2511 706 2560 cum
729 2482 823 2575 aliis,
848 2499 886 2560 et
907 2482 981 2560 fuit
1002 2499 1229 2590 protestatus
1251 2482 1291 2558 in
1309 2481 1502 2591 'principio
1528 2481 1781 2588 deposicionis

350 2640 417 2690 sue
429 2614 536 2720 quod
551 2641 628 2692 non
639 2613 863 2693 intendebat
877 2614 1056 2693 recedere
1070 2644 1091 2692 a
1107 2614 1350 2722 deposicione
1362 2643 1431 2724 per
1444 2639 1534 2691 eum
1548 2611 1643 2690 facta
1654 2641 1778 2692 coram

352 2743 453 2822 dicto
474 2745 631 2822 domino
647 2745 931 2854 archiepiscopo
952 2745 1142 2825 Remensi.

406 2875 625 2984 Requisitus
637 2877 668 2953 si
683 2877 735 2954 sie
749 2877 978 2985 deposuerat
992 2905 1120 2985 prece,
1136 2895 1331 2986 precepto,
1349 2880 1504 2968 timore,
1523 2900 1668 2968 amore,
1690 2878 1781 2956 odio
1867 2969 1871 2974 .

350 3006 408 3084 vel
423 3008 624 3115 temporali
639 3009 802 3086 comodo
818 3009 950 3088 habito
965 3008 1026 3087 vel
1045 3007 1240 3102 habendo,
1261 3009 1459 3116 respondit
1473 3009 1580 3116 quod
1595 3035 1693 3100 non,
1715 3010 1782 3086 sed
1862 3051 1868 3062 ·

350 3165 419 3243 pro
443 3139 596 3217 veritate
623 3139 805 3230 dicenda;
832 3140 893 3218 cui
916 3139 990 3218 luit
1010 3141 1226 3249 injunctum
1254 3141 1360 3248 quo'd
1382 3167 1461 3219 non
1479 3141 1663 3220 revelaret
1687 3141 1783 3219 hanc
1830 3197 1835 3204 -

351 3297 458 3346 suam
484 3270 765 3377 deposicionem
793 3300 993 3380 quousque
1019 3273 1282 3352 attestaciones
1303 3271 1445 3350 fuerint
1470 3272 1673 3381 publicata.

408 3398 498 3477 Acta
513 3398 672 3478 luerunt
686 3403 759 3480 hec
774 3402 884 3479 dictis
900 3403 962 3480 die
979 3418 1017 3480 et
1037 3402 1141 3495 loeo,
1163 3402 1404 3509 presentibus
1420 3404 1599 3511 magistro
1613 3403 1781 3494 Amisio,

351 3559 413 3609 me
431 3530 926 3624 FloriamonteDondedei,
949 3551 988 3610 et
1006 3532 1090 3610 aliis
1108 3534 1265 3611 notariis
1278 3563 1391 3642 supra
1409 3535 1547 3613 ultimo
1565 3536 1780 3615 nominatis.

407 3795 496 3872 Post
516 3795 604 3883 hee,
626 3794 688 3872 die
705 3795 863 3873 Veneris
878 3793 1070 3901 sequenti,
1092 3820 1167 3901 que
1190 3792 1262 3870 fuit
1282 3794 1413 3900 quinta
1434 3792 1515 3873 dies
1536 3794 1627 3872 dicti
1643 3799 1784 3876 mensis
1876 3823 1879 3828 ’

351 3926 501 4014 Marcii,
524 3923 682 4003 fuerunt
699 3925 854 4002 adducti
873 3953 943 4032 pro
963 3924 1126 4004 testibus
1150 3923 1199 4002 ad
1218 3925 1452 4032 presenciam
1472 3927 1696 4004 eorumdem
1715 3929 1785 4006 do-

353 4058 545 4137 minorum
578 4056 947 4149 commissariorum,
981 4055 1022 4131 in
1048 4057 1163 4134 domo
1190 4057 1358 4163 predicta
1383 4057 1541 4168 fratmm
1570 4060 1780 4150 Minorem,

351 4187 578 4296 Raynandus
605 4187 653 4263 de
678 4186 822 4264 Pruino
842 4187 1096 4276 Senonensis,
1127 4185 1219 4265 olim
1244 4205 1443 4295 preceptor
1469 4188 1607 4266 domus
1631 4191 1782 4297 Templi

352 4317 651 4404 Aurelianensis,
677 4317 868 4395 lohannes
888 4317 936 4394 de
959 4319 1111 4397 Mortuo
1135 4319 1256 4406 Fonte
1283 4318 1585 4412 Suessionensis,
1611 4339 1649 4398 et
1676 4319 1781 4400 Guil-

353 4449 492 4528 lelmus
515 4448 563 4526 de
585 4449 777 4556 Hoymont
796 4449 1015 4528 Parisiensis
1045 4449 1279 4544 diocessnm,
1309 4451 1508 4559 presbiteri
1531 4452 1721 4559 degradati
1742 4454 1782 4530 in

354 4580 515 4660 concilio
535 4579 748 4658 Senonensi
772 4580 818 4660 ab
840 4580 1022 4660 omnibus
1041 4580 1255 4660 minoribus
1275 4598 1314 4659 et
1330 4581 1538 4690 majoribus
1558 4583 1779 4676 ordinibus,

354 4713 455 4791 exuti
487 4729 616 4790 tamen
647 4713 844 4822 privilegio
877 4713 1041 4791 clericali
1072 4729 1110 4790 et
1137 4714 1270 4821 privati
1302 4715 1436 4815 babitu
1460 4715 1628 4823 Templi,
1661 4735 1699 4794 et
1733 4718 1780 4794 ad

355 4873 510 4923 murum
529 4863 758 4952 perpetuum
778 4846 849 4924 sub
874 4863 975 4924 certa
994 4846 1114 4925 forma
1134 4875 1202 4954 per
1218 4846 1362 4924 dictum
1382 4847 1584 4926 concilium
1604 4850 1783 4956 condem-

1606 5031 1631 5068 l.
