<?xml version="1.0" encoding="UTF-8"?>
<!DOCTYPE html PUBLIC "-//W3C//DTD XHTML 1.0 Transitional//EN"
    "http://www.w3.org/TR/xhtml1/DTD/xhtml1-transitional.dtd">
<html xmlns="http://www.w3.org/1999/xhtml" xml:lang="en" lang="en">
 <head>
  <title>
</title>
<meta http-equiv="Content-Type" content="text/html;charset=utf-8" />
  <meta name='ocr-system' content='tesseract 3.04.00' />
  <meta name='ocr-capabilities' content='ocr_page ocr_carea ocr_par ocr_line ocrx_word'/>
</head>
<body>
  <div class='ocr_page' id='page_1' title='image "./procsdestemplie03defegoog_0387.png"; bbox 0 0 4210 5882; ppageno 0'>
   <div class='ocr_carea' id='block_1_1' title="bbox 687 515 1716 609">
    <p class='ocr_par' dir='ltr' id='par_1_1' title="bbox 687 515 1716 609">
     <span class='ocr_line' id='line_1_1' title="bbox 687 515 1716 609; baseline -0.002 0"><span class='ocrx_word' id='word_1_1' title='bbox 687 515 883 609; x_wconf 80' lang='lat' dir='ltr'><strong>ruochs</strong></span> <span class='ocrx_word' id='word_1_2' title='bbox 908 533 1004 604; x_wconf 86' lang='lat' dir='ltr'><strong>ons</strong></span> <span class='ocrx_word' id='word_1_3' title='bbox 1030 532 1329 606; x_wconf 81' lang='lat' dir='ltr'><strong>rnurcmas·</strong></span> <span class='ocrx_word' id='word_1_4' title='bbox 1644 536 1716 608; x_wconf 81' lang='lat' dir='ltr'><strong>sss</strong></span> 
     </span>
    </p>
   </div>
   <div class='ocr_carea' id='block_1_2' title="bbox 296 674 1782 1432">
    <p class='ocr_par' dir='ltr' id='par_1_2' title="bbox 296 674 1782 1432">
     <span class='ocr_line' id='line_1_2' title="bbox 300 674 1719 783; baseline -0.004 -29"><span class='ocrx_word' id='word_1_5' title='bbox 300 679 435 756; x_wconf 88' lang='lat' dir='ltr'><strong>invitus</strong></span> <span class='ocrx_word' id='word_1_6' title='bbox 452 676 554 783; x_wconf 80' lang='lat' dir='ltr'><strong>spuit</strong></span> <span class='ocrx_word' id='word_1_7' title='bbox 569 704 679 782; x_wconf 92' lang='lat' dir='ltr'><strong>supra</strong></span> <span class='ocrx_word' id='word_1_8' title='bbox 692 704 841 755; x_wconf 90' lang='lat' dir='ltr'><strong>crucem</strong></span> <span class='ocrx_word' id='word_1_9' title='bbox 862 674 1031 752; x_wconf 89' lang='lat' dir='ltr'><strong>mantelli</strong></span> <span class='ocrx_word' id='word_1_10' title='bbox 1052 677 1109 752; x_wconf 90' lang='lat' dir='ltr'><strong>sui</strong></span> <span class='ocrx_word' id='word_1_11' title='bbox 1129 675 1250 765; x_wconf 65' lang='lat' dir='ltr'><strong>testim</strong></span> <span class='ocrx_word' id='word_1_12' title='bbox 1271 675 1364 752; x_wconf 80' lang='lat' dir='ltr'><strong>dixit</strong></span> <span class='ocrx_word' id='word_1_13' title='bbox 1383 675 1500 751; x_wconf 92' lang='lat' dir='ltr'><strong>eciam</strong></span> <span class='ocrx_word' id='word_1_14' title='bbox 1520 674 1625 780; x_wconf 89' lang='lat' dir='ltr'><strong>quod</strong></span> <span class='ocrx_word' id='word_1_15' title='bbox 1643 700 1719 750; x_wconf 90' lang='lat' dir='ltr'><strong>uon</strong></span> 
     </span>
     <span class='ocr_line' id='line_1_3' title="bbox 300 779 1718 917; baseline -0.006 -31"><span class='ocrx_word' id='word_1_16' title='bbox 300 808 447 917; x_wconf 85' lang='lat' dir='ltr'><strong>negavit</strong></span> <span class='ocrx_word' id='word_1_17' title='bbox 462 807 676 894; x_wconf 83' lang='lat' dir='ltr'><strong>Christum,</strong></span> <span class='ocrx_word' id='word_1_18' title='bbox 697 834 766 883; x_wconf 92' lang='lat' dir='ltr'><strong>nec</strong></span> <span class='ocrx_word' id='word_1_19' title='bbox 781 805 855 883; x_wconf 86' lang='lat' dir='ltr'><strong>luit</strong></span> <span class='ocrx_word' id='word_1_20' title='bbox 876 807 1018 883; x_wconf 91' lang='lat' dir='ltr'><strong>dictum</strong></span> <span class='ocrx_word' id='word_1_21' title='bbox 1038 803 1127 896; x_wconf 87' lang='lat' dir='ltr'><strong>sibi;</strong></span> <span class='ocrx_word' id='word_1_22' title='bbox 1151 823 1188 884; x_wconf 92' lang='lat' dir='ltr'><strong>et</strong></span> <span class='ocrx_word' id='word_1_23' title='bbox 1207 805 1311 912; x_wconf 91' lang='lat' dir='ltr'><strong>quod</strong></span> <span class='ocrx_word' id='word_1_24' title='bbox 1330 821 1477 882; x_wconf 85' lang='lat' dir='ltr'><strong>voverat</strong></span> <span class='ocrx_word' id='word_1_25' title='bbox 1496 779 1718 892; x_wconf 84' lang='lat' dir='ltr'><strong>castitatem,</strong></span> 
     </span>
     <span class='ocr_line' id='line_1_4' title="bbox 300 932 1782 1042; baseline -0.006 -28"><span class='ocrx_word' id='word_1_26' title='bbox 300 938 379 1014; x_wconf 88' lang='lat' dir='ltr'><strong>sine</strong></span> <span class='ocrx_word' id='word_1_27' title='bbox 396 936 522 1042; x_wconf 85' lang='lat' dir='ltr'><strong>aliquo</strong></span> <span class='ocrx_word' id='word_1_28' title='bbox 536 935 609 1013; x_wconf 87' lang='lat' dir='ltr'><strong>alio</strong></span> <span class='ocrx_word' id='word_1_29' title='bbox 625 952 802 1041; x_wconf 92' lang='lat' dir='ltr'><strong>precepto</strong></span> <span class='ocrx_word' id='word_1_30' title='bbox 815 933 887 1012; x_wconf 89' lang='lat' dir='ltr'><strong>sihi</strong></span> <span class='ocrx_word' id='word_1_31' title='bbox 903 933 1010 1011; x_wconf 81' lang='lat' dir='ltr'><strong>fecto.</strong></span> <span class='ocrx_word' id='word_1_32' title='bbox 1028 935 1242 1041; x_wconf 84' lang='lat' dir='ltr'><strong>Requisitus</strong></span> <span class='ocrx_word' id='word_1_33' title='bbox 1254 952 1380 1012; x_wconf 90' lang='lat' dir='ltr'><strong>utrum</strong></span> <span class='ocrx_word' id='word_1_34' title='bbox 1391 935 1443 1022; x_wconf 90' lang='lat' dir='ltr'><strong>vi,</strong></span> <span class='ocrx_word' id='word_1_35' title='bbox 1460 932 1518 1010; x_wconf 91' lang='lat' dir='ltr'><strong>vel</strong></span> <span class='ocrx_word' id='word_1_36' title='bbox 1532 951 1637 1010; x_wconf 90' lang='lat' dir='ltr'><strong>metu</strong></span> <span class='ocrx_word' id='word_1_37' title='bbox 1649 959 1722 1010; x_wconf 86' lang='lat' dir='ltr'><strong>car-</strong></span> <span class='ocrx_word' id='word_1_38' title='bbox 1779 963 1782 970; x_wconf 52' lang='lat'><strong>⁴</strong></span> 
     </span>
     <span class='ocr_line' id='line_1_5' title="bbox 301 1062 1721 1170; baseline -0.004 -26"><span class='ocrx_word' id='word_1_39' title='bbox 301 1067 395 1144; x_wconf 90' lang='lat' dir='ltr'><strong>ceris</strong></span> <span class='ocrx_word' id='word_1_40' title='bbox 413 1093 481 1144; x_wconf 92' lang='lat' dir='ltr'><strong>seu</strong></span> <span class='ocrx_word' id='word_1_41' title='bbox 499 1081 792 1153; x_wconf 89' lang='lat' dir='ltr'><strong>tormentorum,</strong></span> <span class='ocrx_word' id='word_1_42' title='bbox 812 1081 876 1141; x_wconf 89' lang='lat' dir='ltr'><strong>aut</strong></span> <span class='ocrx_word' id='word_1_43' title='bbox 894 1064 964 1141; x_wconf 90' lang='lat' dir='ltr'><strong>alia</strong></span> <span class='ocrx_word' id='word_1_44' title='bbox 986 1063 1033 1140; x_wconf 93' lang='lat' dir='ltr'><strong>de</strong></span> <span class='ocrx_word' id='word_1_45' title='bbox 1057 1091 1183 1152; x_wconf 85' lang='lat' dir='ltr'><strong>causa,</strong></span> <span class='ocrx_word' id='word_1_46' title='bbox 1201 1064 1365 1170; x_wconf 85' lang='lat' dir='ltr'><strong>aliquam</strong></span> <span class='ocrx_word' id='word_1_47' title='bbox 1381 1062 1514 1140; x_wconf 81' lang='lat' dir='ltr'><strong>dixerit</strong></span> <span class='ocrx_word' id='word_1_48' title='bbox 1525 1062 1721 1139; x_wconf 87' lang='lat' dir='ltr'><strong>falsitatem</strong></span> 
     </span>
     <span class='ocr_line' id='line_1_6' title="bbox 301 1192 1724 1302; baseline -0.006 -26"><span class='ocrx_word' id='word_1_49' title='bbox 301 1214 365 1276; x_wconf 91' lang='lat' dir='ltr'><strong>aut</strong></span> <span class='ocrx_word' id='word_1_50' title='bbox 380 1196 624 1274; x_wconf 88' lang='lat' dir='ltr'><strong>immiscuerit</strong></span> <span class='ocrx_word' id='word_1_51' title='bbox 643 1195 682 1272; x_wconf 90' lang='lat' dir='ltr'><strong>in</strong></span> <span class='ocrx_word' id='word_1_52' title='bbox 702 1194 942 1302; x_wconf 89' lang='lat' dir='ltr'><strong>deposicione</strong></span> <span class='ocrx_word' id='word_1_53' title='bbox 963 1223 1047 1284; x_wconf 87' lang='lat' dir='ltr'><strong>sua,</strong></span> <span class='ocrx_word' id='word_1_54' title='bbox 1069 1221 1137 1270; x_wconf 86' lang='lat' dir='ltr'><strong>seu</strong></span> <span class='ocrx_word' id='word_1_55' title='bbox 1149 1194 1306 1271; x_wconf 83' lang='lat' dir='ltr'><strong>tacuerit</strong></span> <span class='ocrx_word' id='word_1_56' title='bbox 1317 1193 1525 1279; x_wconf 82' lang='lat' dir='ltr'><strong>veritatem,</strong></span> <span class='ocrx_word' id='word_1_57' title='bbox 1546 1192 1637 1269; x_wconf 89' lang='lat' dir='ltr'><strong>dixit</strong></span> <span class='ocrx_word' id='word_1_58' title='bbox 1656 1221 1724 1296; x_wconf 92' lang='lat' dir='ltr'><strong>per</strong></span> 
     </span>
     <span class='ocr_line' id='line_1_7' title="bbox 296 1322 1721 1432; baseline -0.007 -28"><span class='ocrx_word' id='word_1_59' title='bbox 296 1327 549 1432; x_wconf 89' lang='lat' dir='ltr'><strong>juramentum</strong></span> <span class='ocrx_word' id='word_1_60' title='bbox 561 1351 671 1402; x_wconf 92' lang='lat' dir='ltr'><strong>suum</strong></span> <span class='ocrx_word' id='word_1_61' title='bbox 688 1323 793 1430; x_wconf 88' lang='lat' dir='ltr'><strong>quod</strong></span> <span class='ocrx_word' id='word_1_62' title='bbox 804 1351 899 1415; x_wconf 80' lang='grc' dir='ltr'>ηοης</span> <span class='ocrx_word' id='word_1_63' title='bbox 916 1323 1031 1400; x_wconf 92' lang='lat' dir='ltr'><strong>immo</strong></span> <span class='ocrx_word' id='word_1_64' title='bbox 1052 1323 1144 1400; x_wconf 87' lang='lat' dir='ltr'><strong>dixit</strong></span> <span class='ocrx_word' id='word_1_65' title='bbox 1158 1351 1291 1429; x_wconf 87' lang='lat' dir='ltr'><strong>puram</strong></span> <span class='ocrx_word' id='word_1_66' title='bbox 1313 1339 1351 1398; x_wconf 86' lang='lat' dir='ltr'><strong>et</strong></span> <span class='ocrx_word' id='word_1_67' title='bbox 1365 1350 1504 1398; x_wconf 87' lang='lat' dir='ltr'><strong>meram</strong></span> <span class='ocrx_word' id='word_1_68' title='bbox 1518 1322 1721 1399; x_wconf 86' lang='lat' dir='ltr'><strong>veritatem.</strong></span> 
     </span>
    </p>
   </div>
   <div class='ocr_carea' id='block_1_3' title="bbox 302 1581 1732 2983">
    <p class='ocr_par' dir='ltr' id='par_1_3' title="bbox 302 1581 1732 2983">
     <span class='ocr_line' id='line_1_8' title="bbox 357 1581 1726 1688; baseline -0.001 -29"><span class='ocrx_word' id='word_1_69' title='bbox 357 1584 450 1660; x_wconf 91' lang='lat' dir='ltr'><strong>ltem</strong></span> <span class='ocrx_word' id='word_1_70' title='bbox 464 1581 576 1662; x_wconf 82' lang='lat' dir='ltr'><strong>frater</strong></span> <span class='ocrx_word' id='word_1_71' title='bbox 589 1584 776 1663; x_wconf 85' lang='lat' dir='ltr'><strong>lohannes</strong></span> <span class='ocrx_word' id='word_1_72' title='bbox 792 1585 839 1661; x_wconf 90' lang='lat' dir='ltr'><strong>de</strong></span> <span class='ocrx_word' id='word_1_73' title='bbox 856 1585 986 1663; x_wconf 88' lang='lat' dir='ltr'><strong>Castro</strong></span> <span class='ocrx_word' id='word_1_74' title='bbox 1007 1583 1151 1672; x_wconf 91' lang='lat' dir='ltr'><strong>Villari,</strong></span> <span class='ocrx_word' id='word_1_75' title='bbox 1169 1584 1275 1661; x_wconf 89' lang='lat' dir='ltr'><strong>etatis</strong></span> <span class='ocrx_word' id='word_1_76' title='bbox 1289 1582 1439 1688; x_wconf 83' lang='lat' dir='ltr'><strong>triginta</strong></span> <span class='ocrx_word' id='word_1_77' title='bbox 1452 1609 1653 1680; x_wconf 73' lang='lat' dir='ltr'><strong>annorum,</strong></span> <span class='ocrx_word' id='word_1_78' title='bbox 1664 1584 1726 1688; x_wconf 87' lang='lat' dir='ltr'><strong>ju-</strong></span> 
     </span>
     <span class='ocr_line' id='line_1_9' title="bbox 302 1710 1725 1800; baseline -0.001 -12"><span class='ocrx_word' id='word_1_79' title='bbox 302 1729 402 1790; x_wconf 84' lang='lat' dir='ltr'><strong>ratus</strong></span> <span class='ocrx_word' id='word_1_80' title='bbox 423 1712 557 1790; x_wconf 89' lang='lat' dir='ltr'><strong>eodem</strong></span> <span class='ocrx_word' id='word_1_81' title='bbox 578 1715 694 1791; x_wconf 91' lang='lat' dir='ltr'><strong>modo</strong></span> <span class='ocrx_word' id='word_1_82' title='bbox 719 1714 826 1790; x_wconf 90' lang='lat' dir='ltr'><strong>dese</strong></span> <span class='ocrx_word' id='word_1_83' title='bbox 848 1731 885 1790; x_wconf 89' lang='lat' dir='ltr'><strong>et</strong></span> <span class='ocrx_word' id='word_1_84' title='bbox 910 1713 991 1789; x_wconf 87' lang='lat' dir='ltr'><strong>aliis</strong></span> <span class='ocrx_word' id='word_1_85' title='bbox 1019 1714 1057 1789; x_wconf 91' lang='lat' dir='ltr'><strong>in</strong></span> <span class='ocrx_word' id='word_1_86' title='bbox 1079 1741 1185 1788; x_wconf 87' lang='lat' dir='ltr'><strong>causa</strong></span> <span class='ocrx_word' id='word_1_87' title='bbox 1203 1710 1292 1788; x_wconf 90' lang='lat' dir='ltr'><strong>fidei</strong></span> <span class='ocrx_word' id='word_1_88' title='bbox 1314 1711 1439 1786; x_wconf 86' lang='lat' dir='ltr'><strong>dicere</strong></span> <span class='ocrx_word' id='word_1_89' title='bbox 1459 1710 1671 1800; x_wconf 86' lang='lat' dir='ltr'><strong>veritatem,</strong></span> <span class='ocrx_word' id='word_1_90' title='bbox 1688 1728 1725 1787; x_wconf 86' lang='lat' dir='ltr'><strong>et</strong></span> 
     </span>
     <span class='ocr_line' id='line_1_10' title="bbox 303 1840 1726 1948; baseline -0.001 -30"><span class='ocrx_word' id='word_1_91' title='bbox 303 1843 551 1948; x_wconf 83' lang='lat' dir='ltr'><strong>interrogatus</strong></span> <span class='ocrx_word' id='word_1_92' title='bbox 567 1842 613 1919; x_wconf 91' lang='lat' dir='ltr'><strong>de</strong></span> <span class='ocrx_word' id='word_1_93' title='bbox 629 1843 745 1920; x_wconf 93' lang='lat' dir='ltr'><strong>modo</strong></span> <span class='ocrx_word' id='word_1_94' title='bbox 760 1859 798 1920; x_wconf 88' lang='lat' dir='ltr'><strong>et</strong></span> <span class='ocrx_word' id='word_1_95' title='bbox 813 1859 982 1948; x_wconf 88' lang='lat' dir='ltr'><strong>tempore</strong></span> <span class='ocrx_word' id='word_1_96' title='bbox 1003 1870 1067 1919; x_wconf 91' lang='lat' dir='ltr'><strong>sue</strong></span> <span class='ocrx_word' id='word_1_97' title='bbox 1088 1842 1333 1947; x_wconf 88' lang='lat' dir='ltr'><strong>recepciouis,</strong></span> <span class='ocrx_word' id='word_1_98' title='bbox 1357 1840 1450 1916; x_wconf 81' lang='lat' dir='ltr'><strong>dixit</strong></span> <span class='ocrx_word' id='word_1_99' title='bbox 1464 1868 1531 1943; x_wconf 89' lang='lat' dir='ltr'><strong>per</strong></span> <span class='ocrx_word' id='word_1_100' title='bbox 1541 1841 1726 1948; x_wconf 91' lang='lat' dir='ltr'><strong>juramen-</strong></span> 
     </span>
     <span class='ocr_line' id='line_1_11' title="bbox 302 1968 1723 2077; baseline 0.002 -32"><span class='ocrx_word' id='word_1_101' title='bbox 302 1987 384 2048; x_wconf 87' lang='lat' dir='ltr'><strong>tum</strong></span> <span class='ocrx_word' id='word_1_102' title='bbox 406 1997 517 2046; x_wconf 86' lang='lat' dir='ltr'><strong>suum</strong></span> <span class='ocrx_word' id='word_1_103' title='bbox 532 1970 637 2075; x_wconf 92' lang='lat' dir='ltr'><strong>quod</strong></span> <span class='ocrx_word' id='word_1_104' title='bbox 651 1968 722 2047; x_wconf 83' lang='lat' dir='ltr'><strong>luit</strong></span> <span class='ocrx_word' id='word_1_105' title='bbox 737 1985 909 2075; x_wconf 89' lang='lat' dir='ltr'><strong>receptus</strong></span> <span class='ocrx_word' id='word_1_106' title='bbox 929 1971 1031 2077; x_wconf 88' lang='lat' dir='ltr'><strong>apud</strong></span> <span class='ocrx_word' id='word_1_107' title='bbox 1050 1972 1306 2048; x_wconf 87' lang='lat' dir='ltr'><strong>Mormentum</strong></span> <span class='ocrx_word' id='word_1_108' title='bbox 1332 1969 1491 2046; x_wconf 89' lang='lat' dir='ltr'><strong>diocesis</strong></span> <span class='ocrx_word' id='word_1_109' title='bbox 1512 1971 1723 2058; x_wconf 90' lang='lat' dir='ltr'><strong>Trecensis,</strong></span> 
     </span>
     <span class='ocr_line' id='line_1_12' title="bbox 302 2098 1728 2205; baseline 0.001 -30"><span class='ocrx_word' id='word_1_110' title='bbox 302 2127 370 2205; x_wconf 92' lang='lat' dir='ltr'><strong>per</strong></span> <span class='ocrx_word' id='word_1_111' title='bbox 389 2099 539 2176; x_wconf 88' lang='lat' dir='ltr'><strong>fratrem</strong></span> <span class='ocrx_word' id='word_1_112' title='bbox 564 2100 813 2177; x_wconf 90' lang='lat' dir='ltr'><strong>Laurencium</strong></span> <span class='ocrx_word' id='word_1_113' title='bbox 836 2099 883 2177; x_wconf 92' lang='lat' dir='ltr'><strong>de</strong></span> <span class='ocrx_word' id='word_1_114' title='bbox 903 2099 1016 2177; x_wconf 90' lang='lat' dir='ltr'><strong>Belna</strong></span> <span class='ocrx_word' id='word_1_115' title='bbox 1046 2115 1304 2205; x_wconf 84' lang='lat' dir='ltr'><strong>preceptorem</strong></span> <span class='ocrx_word' id='word_1_116' title='bbox 1324 2098 1424 2192; x_wconf 80' lang='lat' dir='ltr'><strong>dicte</strong></span> <span class='ocrx_word' id='word_1_117' title='bbox 1452 2099 1610 2188; x_wconf 90' lang='lat' dir='ltr'><strong>domus,</strong></span> <span class='ocrx_word' id='word_1_118' title='bbox 1636 2125 1728 2205; x_wconf 81' lang='lat' dir='ltr'><strong>qua·-</strong></span> 
     </span>
     <span class='ocr_line' id='line_1_13' title="bbox 303 2204 1729 2335; baseline 0 -29"><span class='ocrx_word' id='word_1_119' title='bbox 303 2246 391 2306; x_wconf 92' lang='lat' dir='ltr'><strong>tuor</strong></span> <span class='ocrx_word' id='word_1_120' title='bbox 406 2229 492 2305; x_wconf 91' lang='lat' dir='ltr'><strong>anni</strong></span> <span class='ocrx_word' id='word_1_121' title='bbox 512 2204 600 2305; x_wconf 84' lang='lat' dir='ltr'><strong>sunt</strong></span> <span class='ocrx_word' id='word_1_122' title='bbox 615 2227 761 2308; x_wconf 81' lang='lat' dir='ltr'><strong>infesto</strong></span> <span class='ocrx_word' id='word_1_123' title='bbox 777 2229 995 2335; x_wconf 86' lang='lat' dir='ltr'><strong>Magdalene</strong></span> <span class='ocrx_word' id='word_1_124' title='bbox 1009 2230 1156 2306; x_wconf 87' lang='lat' dir='ltr'><strong>instanti</strong></span> <span class='ocrx_word' id='word_1_125' title='bbox 1173 2228 1343 2334; x_wconf 89' lang='lat' dir='ltr'><strong>proximo</strong></span> <span class='ocrx_word' id='word_1_126' title='bbox 1359 2228 1553 2333; x_wconf 88' lang='lat' dir='ltr'><strong>preterito,</strong></span> <span class='ocrx_word' id='word_1_127' title='bbox 1575 2255 1729 2333; x_wconf 90' lang='lat' dir='ltr'><strong>presen-</strong></span> 
     </span>
     <span class='ocr_line' id='line_1_14' title="bbox 303 2355 1727 2464; baseline 0.001 -30"><span class='ocrx_word' id='word_1_128' title='bbox 303 2358 406 2436; x_wconf 87' lang='lat' dir='ltr'><strong>tibus</strong></span> <span class='ocrx_word' id='word_1_129' title='bbox 432 2357 544 2436; x_wconf 85' lang='lat' dir='ltr'><strong>lratre</strong></span> <span class='ocrx_word' id='word_1_130' title='bbox 567 2358 717 2436; x_wconf 85' lang='lat' dir='ltr'><strong>luliano</strong></span> <span class='ocrx_word' id='word_1_131' title='bbox 746 2358 937 2464; x_wconf 88' lang='lat' dir='ltr'><strong>capellano</strong></span> <span class='ocrx_word' id='word_1_132' title='bbox 961 2358 1059 2434; x_wconf 89' lang='lat' dir='ltr'><strong>dicte</strong></span> <span class='ocrx_word' id='word_1_133' title='bbox 1089 2358 1241 2446; x_wconf 92' lang='lat' dir='ltr'><strong>domus,</strong></span> <span class='ocrx_word' id='word_1_134' title='bbox 1264 2374 1301 2435; x_wconf 88' lang='lat' dir='ltr'><strong>et</strong></span> <span class='ocrx_word' id='word_1_135' title='bbox 1320 2355 1545 2463; x_wconf 88' lang='lat' dir='ltr'><strong>quibusdam</strong></span> <span class='ocrx_word' id='word_1_136' title='bbox 1570 2357 1651 2434; x_wconf 89' lang='lat' dir='ltr'><strong>aliis</strong></span> <span class='ocrx_word' id='word_1_137' title='bbox 1679 2358 1727 2436; x_wconf 91' lang='lat' dir='ltr'><strong>de</strong></span> 
     </span>
     <span class='ocr_line' id='line_1_15' title="bbox 305 2487 1729 2593; baseline -0.001 -28"><span class='ocrx_word' id='word_1_138' title='bbox 305 2516 466 2593; x_wconf 90' lang='lat' dir='ltr'><strong>quorum</strong></span> <span class='ocrx_word' id='word_1_139' title='bbox 482 2487 699 2566; x_wconf 90' lang='lat' dir='ltr'><strong>nominibus</strong></span> <span class='ocrx_word' id='word_1_140' title='bbox 722 2516 799 2566; x_wconf 91' lang='lat' dir='ltr'><strong>non</strong></span> <span class='ocrx_word' id='word_1_141' title='bbox 821 2488 964 2566; x_wconf 86' lang='lat' dir='ltr'><strong>recolit.</strong></span> <span class='ocrx_word' id='word_1_142' title='bbox 994 2488 1095 2566; x_wconf 92' lang='lat' dir='ltr'><strong>Dixit</strong></span> <span class='ocrx_word' id='word_1_143' title='bbox 1122 2489 1238 2565; x_wconf 87' lang='lat' dir='ltr'><strong>eciam</strong></span> <span class='ocrx_word' id='word_1_144' title='bbox 1263 2515 1332 2591; x_wconf 90' lang='lat' dir='ltr'><strong>per</strong></span> <span class='ocrx_word' id='word_1_145' title='bbox 1343 2487 1597 2593; x_wconf 88' lang='lat' dir='ltr'><strong>juramentum</strong></span> <span class='ocrx_word' id='word_1_146' title='bbox 1618 2516 1729 2566; x_wconf 91' lang='lat' dir='ltr'><strong>suum</strong></span> 
     </span>
     <span class='ocr_line' id='line_1_16' title="bbox 306 2616 1730 2724; baseline 0.001 -29"><span class='ocrx_word' id='word_1_147' title='bbox 306 2617 429 2723; x_wconf 92' lang='lat' dir='ltr'><strong>quod,</strong></span> <span class='ocrx_word' id='word_1_148' title='bbox 457 2635 541 2722; x_wconf 88' lang='lat' dir='ltr'><strong>post</strong></span> <span class='ocrx_word' id='word_1_149' title='bbox 559 2618 696 2695; x_wconf 88' lang='lat' dir='ltr'><strong>multas</strong></span> <span class='ocrx_word' id='word_1_150' title='bbox 711 2618 978 2724; x_wconf 87' lang='lat' dir='ltr'><strong>promissiones</strong></span> <span class='ocrx_word' id='word_1_151' title='bbox 997 2617 1109 2694; x_wconf 83' lang='lat' dir='ltr'><strong>lactas</strong></span> <span class='ocrx_word' id='word_1_152' title='bbox 1129 2618 1174 2694; x_wconf 78' lang='lat' dir='ltr'><strong>ab</strong></span> <span class='ocrx_word' id='word_1_153' title='bbox 1195 2645 1240 2693; x_wconf 92' lang='lat' dir='ltr'><strong>eo</strong></span> <span class='ocrx_word' id='word_1_154' title='bbox 1257 2617 1303 2693; x_wconf 94' lang='lat' dir='ltr'><strong>de</strong></span> <span class='ocrx_word' id='word_1_155' title='bbox 1318 2616 1428 2694; x_wconf 89' lang='lat' dir='ltr'><strong>honis</strong></span> <span class='ocrx_word' id='word_1_156' title='bbox 1443 2619 1587 2693; x_wconf 88' lang='lat' dir='ltr'><strong>statutis</strong></span> <span class='ocrx_word' id='word_1_157' title='bbox 1606 2634 1643 2694; x_wconf 88' lang='lat' dir='ltr'><strong>et</strong></span> <span class='ocrx_word' id='word_1_158' title='bbox 1663 2619 1730 2696; x_wconf 93' lang='lat' dir='ltr'><strong>ob·</strong></span> 
     </span>
     <span class='ocr_line' id='line_1_17' title="bbox 306 2745 1731 2851; baseline -0.001 -26"><span class='ocrx_word' id='word_1_159' title='bbox 306 2747 502 2826; x_wconf 86' lang='lat' dir='ltr'><strong>servauciis</strong></span> <span class='ocrx_word' id='word_1_160' title='bbox 522 2747 610 2824; x_wconf 89' lang='lat' dir='ltr'><strong>dicti</strong></span> <span class='ocrx_word' id='word_1_161' title='bbox 631 2748 774 2824; x_wconf 90' lang='lat' dir='ltr'><strong>ordinis</strong></span> <span class='ocrx_word' id='word_1_162' title='bbox 787 2747 975 2835; x_wconf 89' lang='lat' dir='ltr'><strong>tenendis,</strong></span> <span class='ocrx_word' id='word_1_163' title='bbox 997 2746 1219 2824; x_wconf 88' lang='lat' dir='ltr'><strong>mantellum</strong></span> <span class='ocrx_word' id='word_1_164' title='bbox 1233 2745 1304 2822; x_wconf 85' lang='lat' dir='ltr'><strong>luit</strong></span> <span class='ocrx_word' id='word_1_165' title='bbox 1317 2746 1388 2824; x_wconf 90' lang='lat' dir='ltr'><strong>sibi</strong></span> <span class='ocrx_word' id='word_1_166' title='bbox 1408 2747 1571 2851; x_wconf 91' lang='lat' dir='ltr'><strong>positum</strong></span> <span class='ocrx_word' id='word_1_167' title='bbox 1591 2747 1639 2824; x_wconf 90' lang='lat' dir='ltr'><strong>ad</strong></span> <span class='ocrx_word' id='word_1_168' title='bbox 1655 2747 1731 2824; x_wconf 91' lang='lat' dir='ltr'><strong>col-</strong></span> 
     </span>
     <span class='ocr_line' id='line_1_18' title="bbox 306 2876 1732 2983; baseline 0 -29"><span class='ocrx_word' id='word_1_169' title='bbox 306 2877 404 2967; x_wconf 87' lang='lat' dir='ltr'><strong>lum,</strong></span> <span class='ocrx_word' id='word_1_170' title='bbox 423 2895 460 2954; x_wconf 93' lang='lat' dir='ltr'><strong>et</strong></span> <span class='ocrx_word' id='word_1_171' title='bbox 471 2894 599 2981; x_wconf 91' lang='lat' dir='ltr'><strong>postea</strong></span> <span class='ocrx_word' id='word_1_172' title='bbox 615 2876 736 2954; x_wconf 91' lang='lat' dir='ltr'><strong>dictus</strong></span> <span class='ocrx_word' id='word_1_173' title='bbox 756 2877 940 2983; x_wconf 91' lang='lat' dir='ltr'><strong>recipiens</strong></span> <span class='ocrx_word' id='word_1_174' title='bbox 956 2878 1096 2983; x_wconf 88' lang='lat' dir='ltr'><strong>recepit</strong></span> <span class='ocrx_word' id='word_1_175' title='bbox 1109 2878 1233 2982; x_wconf 90' lang='lat' dir='ltr'><strong>ipsum</strong></span> <span class='ocrx_word' id='word_1_176' title='bbox 1250 2877 1298 2953; x_wconf 87' lang='lat' dir='ltr'><strong>ad</strong></span> <span class='ocrx_word' id='word_1_177' title='bbox 1315 2877 1484 2955; x_wconf 91' lang='lat' dir='ltr'><strong>osculum</strong></span> <span class='ocrx_word' id='word_1_178' title='bbox 1501 2879 1576 2954; x_wconf 91' lang='lat' dir='ltr'><strong>oris</strong></span> <span class='ocrx_word' id='word_1_179' title='bbox 1597 2892 1634 2954; x_wconf 89' lang='lat' dir='ltr'><strong>et</strong></span> <span class='ocrx_word' id='word_1_180' title='bbox 1655 2905 1732 2956; x_wconf 90' lang='lat' dir='ltr'><strong>om-</strong></span> 
     </span>
    </p>
   </div>
   <div class='ocr_carea' id='block_1_4' title="bbox 306 3005 1732 3889">
    <p class='ocr_par' dir='ltr' id='par_1_4' title="bbox 306 3005 1732 3889">
     <span class='ocr_line' id='line_1_19' title="bbox 307 3005 1729 3113; baseline 0.001 -31"><span class='ocrx_word' id='word_1_181' title='bbox 307 3035 373 3084; x_wconf 89' lang='lat' dir='ltr'><strong>nes</strong></span> <span class='ocrx_word' id='word_1_182' title='bbox 393 3006 451 3083; x_wconf 87' lang='lat' dir='ltr'><strong>alii</strong></span> <span class='ocrx_word' id='word_1_183' title='bbox 475 3005 605 3084; x_wconf 80' lang='lat' dir='ltr'><strong>fratres</strong></span> <span class='ocrx_word' id='word_1_184' title='bbox 625 3007 823 3084; x_wconf 84' lang='lat' dir='ltr'><strong>existentes</strong></span> <span class='ocrx_word' id='word_1_185' title='bbox 843 3006 1011 3098; x_wconf 73' lang='lat' dir='ltr'><strong>ibidem,</strong></span> <span class='ocrx_word' id='word_1_186' title='bbox 1034 3023 1072 3082; x_wconf 92' lang='lat' dir='ltr'><strong>et</strong></span> <span class='ocrx_word' id='word_1_187' title='bbox 1095 3005 1210 3084; x_wconf 84' lang='lat' dir='ltr'><strong>nichil</strong></span> <span class='ocrx_word' id='word_1_188' title='bbox 1226 3007 1328 3084; x_wconf 89' lang='lat' dir='ltr'><strong>aliud</strong></span> <span class='ocrx_word' id='word_1_189' title='bbox 1349 3005 1420 3084; x_wconf 87' lang='lat' dir='ltr'><strong>luit</strong></span> <span class='ocrx_word' id='word_1_190' title='bbox 1439 3007 1509 3084; x_wconf 90' lang='lat' dir='ltr'><strong>sibi</strong></span> <span class='ocrx_word' id='word_1_191' title='bbox 1524 3007 1729 3113; x_wconf 87' lang='lat' dir='ltr'><strong>injunctum</strong></span> 
     </span>
     <span class='ocr_line' id='line_1_20' title="bbox 306 3121 1729 3241; baseline 0.002 -29"><span class='ocrx_word' id='word_1_192' title='bbox 306 3135 364 3213; x_wconf 83' lang='lat' dir='ltr'><strong>rel</strong></span> <span class='ocrx_word' id='word_1_193' title='bbox 380 3153 614 3240; x_wconf 86' lang='lat' dir='ltr'><strong>preceptum,</strong></span> <span class='ocrx_word' id='word_1_194' title='bbox 633 3121 832 3212; x_wconf 42' lang='lat' dir='ltr'><strong>sicut&#39;dixit</strong></span> <span class='ocrx_word' id='word_1_195' title='bbox 851 3163 918 3240; x_wconf 91' lang='lat' dir='ltr'><strong>per</strong></span> <span class='ocrx_word' id='word_1_196' title='bbox 927 3136 1184 3241; x_wconf 87' lang='lat' dir='ltr'><strong>juramentum</strong></span> <span class='ocrx_word' id='word_1_197' title='bbox 1199 3164 1321 3214; x_wconf 89' lang='lat' dir='ltr'><strong>suum.</strong></span> <span class='ocrx_word' id='word_1_198' title='bbox 1333 3135 1421 3213; x_wconf 84' lang='lat' dir='ltr'><strong>Acta</strong></span> <span class='ocrx_word' id='word_1_199' title='bbox 1432 3152 1520 3215; x_wconf 91' lang='lat' dir='ltr'><strong>sunt</strong></span> <span class='ocrx_word' id='word_1_200' title='bbox 1531 3136 1602 3214; x_wconf 91' lang='lat' dir='ltr'><strong>hec</strong></span> <span class='ocrx_word' id='word_1_201' title='bbox 1613 3165 1729 3225; x_wconf 90' lang='lat' dir='ltr'><strong>anuo,</strong></span> 
     </span>
     <span class='ocr_line' id='line_1_21' title="bbox 306 3263 1731 3372; baseline 0.001 -32"><span class='ocrx_word' id='word_1_202' title='bbox 306 3263 514 3350; x_wconf 87' lang='lat' dir='ltr'><strong>indicione,</strong></span> <span class='ocrx_word' id='word_1_203' title='bbox 536 3291 679 3354; x_wconf 90' lang='lat' dir='ltr'><strong>mense,</strong></span> <span class='ocrx_word' id='word_1_204' title='bbox 703 3265 780 3356; x_wconf 89' lang='lat' dir='ltr'><strong>die,</strong></span> <span class='ocrx_word' id='word_1_205' title='bbox 797 3263 1015 3370; x_wconf 88' lang='lat' dir='ltr'><strong>pontificatu</strong></span> <span class='ocrx_word' id='word_1_206' title='bbox 1031 3281 1068 3342; x_wconf 87' lang='lat' dir='ltr'><strong>et</strong></span> <span class='ocrx_word' id='word_1_207' title='bbox 1085 3264 1169 3342; x_wconf 92' lang='lat' dir='ltr'><strong>loco</strong></span> <span class='ocrx_word' id='word_1_208' title='bbox 1180 3265 1373 3371; x_wconf 90' lang='lat' dir='ltr'><strong>predictis,</strong></span> <span class='ocrx_word' id='word_1_209' title='bbox 1391 3264 1627 3372; x_wconf 88' lang='lat' dir='ltr'><strong>presentibus</strong></span> <span class='ocrx_word' id='word_1_210' title='bbox 1644 3266 1731 3342; x_wconf 88' lang='lat' dir='ltr'><strong>reli·</strong></span> 
     </span>
     <span class='ocr_line' id='line_1_22' title="bbox 307 3375 1729 3500; baseline 0.001 -29"><span class='ocrx_word' id='word_1_211' title='bbox 307 3375 419 3500; x_wconf 72' lang='lat' dir='ltr'><strong>giosis</strong></span> <span class='ocrx_word' id='word_1_212' title='bbox 440 3413 477 3472; x_wconf 91' lang='lat' dir='ltr'><strong>et</strong></span> <span class='ocrx_word' id='word_1_213' title='bbox 496 3394 664 3470; x_wconf 87' lang='lat' dir='ltr'><strong>honestis</strong></span> <span class='ocrx_word' id='word_1_214' title='bbox 679 3394 766 3470; x_wconf 89' lang='lat' dir='ltr'><strong>viris</strong></span> <span class='ocrx_word' id='word_1_215' title='bbox 785 3392 959 3471; x_wconf 81' lang='lat' dir='ltr'><strong>fratribus</strong></span> <span class='ocrx_word' id='word_1_216' title='bbox 980 3395 1150 3471; x_wconf 91' lang='lat' dir='ltr'><strong>lohanne</strong></span> <span class='ocrx_word' id='word_1_217' title='bbox 1174 3394 1221 3470; x_wconf 93' lang='lat' dir='ltr'><strong>de</strong></span> <span class='ocrx_word' id='word_1_218' title='bbox 1240 3394 1362 3470; x_wconf 87' lang='lat' dir='ltr'><strong>Insula</strong></span> <span class='ocrx_word' id='word_1_219' title='bbox 1389 3397 1513 3500; x_wconf 91' lang='lat' dir='ltr'><strong>priore</strong></span> <span class='ocrx_word' id='word_1_220' title='bbox 1534 3398 1729 3483; x_wconf 89' lang='lat' dir='ltr'><strong>Treceusi,</strong></span> 
     </span>
     <span class='ocr_line' id='line_1_23' title="bbox 307 3524 1732 3629; baseline 0 -29"><span class='ocrx_word' id='word_1_221' title='bbox 307 3524 430 3600; x_wconf 86' lang='lat' dir='ltr'><strong>Felice</strong></span> <span class='ocrx_word' id='word_1_222' title='bbox 456 3524 503 3600; x_wconf 90' lang='lat' dir='ltr'><strong>de</strong></span> <span class='ocrx_word' id='word_1_223' title='bbox 528 3525 626 3629; x_wconf 87' lang='lat' dir='ltr'><strong>Fayo</strong></span> <span class='ocrx_word' id='word_1_224' title='bbox 652 3524 796 3602; x_wconf 90' lang='lat' dir='ltr'><strong>ordinis</strong></span> <span class='ocrx_word' id='word_1_225' title='bbox 820 3525 1114 3613; x_wconf 88' lang='lat' dir='ltr'><strong>Predicatorum,</strong></span> <span class='ocrx_word' id='word_1_226' title='bbox 1146 3526 1313 3602; x_wconf 88' lang='lat' dir='ltr'><strong>lohanne</strong></span> <span class='ocrx_word' id='word_1_227' title='bbox 1343 3524 1391 3602; x_wconf 90' lang='lat' dir='ltr'><strong>de</strong></span> <span class='ocrx_word' id='word_1_228' title='bbox 1416 3525 1601 3613; x_wconf 87' lang='lat' dir='ltr'><strong>Farreria,</strong></span> <span class='ocrx_word' id='word_1_229' title='bbox 1626 3525 1732 3603; x_wconf 92' lang='lat' dir='ltr'><strong>Guil-</strong></span> 
     </span>
     <span class='ocr_line' id='line_1_24' title="bbox 307 3651 1731 3759; baseline 0.002 -31"><span class='ocrx_word' id='word_1_230' title='bbox 307 3651 421 3730; x_wconf 92' lang='lat' dir='ltr'><strong>lelmo</strong></span> <span class='ocrx_word' id='word_1_231' title='bbox 439 3653 487 3730; x_wconf 92' lang='lat' dir='ltr'><strong>de</strong></span> <span class='ocrx_word' id='word_1_232' title='bbox 503 3652 679 3759; x_wconf 89' lang='lat' dir='ltr'><strong>Choques</strong></span> <span class='ocrx_word' id='word_1_233' title='bbox 698 3670 738 3730; x_wconf 88' lang='lat' dir='ltr'><strong>et</strong></span> <span class='ocrx_word' id='word_1_234' title='bbox 756 3654 946 3759; x_wconf 90' lang='lat' dir='ltr'><strong>Stephano</strong></span> <span class='ocrx_word' id='word_1_235' title='bbox 968 3654 1015 3731; x_wconf 90' lang='lat' dir='ltr'><strong>de</strong></span> <span class='ocrx_word' id='word_1_236' title='bbox 1037 3654 1256 3744; x_wconf 88' lang='lat' dir='ltr'><strong>Matiscone,</strong></span> <span class='ocrx_word' id='word_1_237' title='bbox 1277 3653 1434 3738; x_wconf 86' lang='lat' dir='ltr'><strong>testibus</strong></span> <span class='ocrx_word' id='word_1_238' title='bbox 1449 3653 1496 3734; x_wconf 86' lang='lat' dir='ltr'><strong>ad</strong></span> <span class='ocrx_word' id='word_1_239' title='bbox 1511 3654 1582 3732; x_wconf 91' lang='lat' dir='ltr'><strong>hec</strong></span> <span class='ocrx_word' id='word_1_240' title='bbox 1595 3655 1731 3732; x_wconf 88' lang='lat' dir='ltr'><strong>vocatis</strong></span> 
     </span>
     <span class='ocr_line' id='line_1_25' title="bbox 309 3782 733 3889; baseline 0.007 -31"><span class='ocrx_word' id='word_1_241' title='bbox 309 3782 516 3889; x_wconf 86' lang='lat' dir='ltr'><strong>specialiter</strong></span> <span class='ocrx_word' id='word_1_242' title='bbox 530 3799 568 3859; x_wconf 90' lang='lat' dir='ltr'><strong>et</strong></span> <span class='ocrx_word' id='word_1_243' title='bbox 583 3784 733 3888; x_wconf 84' lang='lat' dir='ltr'><strong>rogatis.</strong></span> 
     </span>
    </p>
   </div>
   <div class='ocr_carea' id='block_1_5' title="bbox 237 4043 1797 4930">
    <p class='ocr_par' dir='ltr' id='par_1_5' title="bbox 237 4043 1797 4930">
     <span class='ocr_line' id='line_1_26' title="bbox 365 4043 1773 4151; baseline 0.004 -32"><span class='ocrx_word' id='word_1_244' title='bbox 365 4043 412 4120; x_wconf 88' lang='lat' dir='ltr'><strong>Et</strong></span> <span class='ocrx_word' id='word_1_245' title='bbox 433 4071 501 4151; x_wconf 85' lang='lat' dir='ltr'><strong>ego</strong></span> <span class='ocrx_word' id='word_1_246' title='bbox 517 4043 680 4122; x_wconf 78' lang='lat' dir='ltr'><strong>Amisius</strong></span> <span class='ocrx_word' id='word_1_247' title='bbox 700 4044 746 4122; x_wconf 88' lang='lat' dir='ltr'><strong>ds</strong></span> <span class='ocrx_word' id='word_1_248' title='bbox 766 4043 970 4123; x_wconf 80' lang='lat' dir='ltr'><strong>Aureliano</strong></span> <span class='ocrx_word' id='word_1_249' title='bbox 988 4047 1108 4123; x_wconf 91' lang='lat' dir='ltr'><strong>dictus</strong></span> <span class='ocrx_word' id='word_1_250' title='bbox 1121 4046 1156 4126; x_wconf 91' lang='lat' dir='ltr'><strong>le</strong></span> <span class='ocrx_word' id='word_1_251' title='bbox 1177 4045 1289 4134; x_wconf 86' lang='lat' dir='ltr'><strong>Ratil,</strong></span> <span class='ocrx_word' id='word_1_252' title='bbox 1312 4046 1484 4137; x_wconf 89' lang='lat' dir='ltr'><strong>clericus,</strong></span> <span class='ocrx_word' id='word_1_253' title='bbox 1506 4065 1733 4124; x_wconf 86' lang='lat' dir='ltr'><strong>sacrosancte</strong></span> <span class='ocrx_word' id='word_1_254' title='bbox 1767 4115 1773 4123; x_wconf 89' lang='lat'>.</span> 
     </span>
     <span class='ocr_line' id='line_1_27' title="bbox 310 4165 1797 4284; baseline 0.003 -36"><span class='ocrx_word' id='word_1_255' title='bbox 310 4173 479 4248; x_wconf 84' lang='lat' dir='ltr'><strong>Romane</strong></span> <span class='ocrx_word' id='word_1_256' title='bbox 500 4173 654 4250; x_wconf 89' lang='lat' dir='ltr'><strong>ecclesie</strong></span> <span class='ocrx_word' id='word_1_257' title='bbox 682 4175 899 4252; x_wconf 87' lang='lat' dir='ltr'><strong>auctoritate</strong></span> <span class='ocrx_word' id='word_1_258' title='bbox 919 4175 1088 4254; x_wconf 85' lang='lat' dir='ltr'><strong>notarius</strong></span> <span class='ocrx_word' id='word_1_259' title='bbox 1112 4175 1302 4284; x_wconf 89' lang='lat' dir='ltr'><strong>publicus,</strong></span> <span class='ocrx_word' id='word_1_260' title='bbox 1326 4175 1502 4254; x_wconf 88' lang='lat' dir='ltr'><strong>omnibus</strong></span> <span class='ocrx_word' id='word_1_261' title='bbox 1522 4194 1559 4253; x_wconf 91' lang='lat' dir='ltr'><strong>et</strong></span> <span class='ocrx_word' id='word_1_262' title='bbox 1578 4175 1734 4282; x_wconf 82' lang='lat' dir='ltr'><strong>siugulis</strong></span> <span class='ocrx_word' id='word_1_263' title='bbox 1794 4165 1797 4172; x_wconf 40' lang='lat'><strong>¹</strong></span> 
     </span>
     <span class='ocr_line' id='line_1_28' title="bbox 310 4301 1732 4413; baseline 0.005 -37"><span class='ocrx_word' id='word_1_264' title='bbox 310 4301 350 4376; x_wconf 92' lang='lat' dir='ltr'><strong>in</strong></span> <span class='ocrx_word' id='word_1_265' title='bbox 360 4301 429 4380; x_wconf 86' lang='lat' dir='ltr'><strong>hac</strong></span> <span class='ocrx_word' id='word_1_266' title='bbox 440 4319 477 4379; x_wconf 86' lang='lat' dir='ltr'><strong>et</strong></span> <span class='ocrx_word' id='word_1_267' title='bbox 490 4303 782 4408; x_wconf 88' lang='lat' dir='ltr'><strong>precedentibus</strong></span> <span class='ocrx_word' id='word_1_268' title='bbox 792 4305 907 4410; x_wconf 90' lang='lat' dir='ltr'><strong>peciis</strong></span> <span class='ocrx_word' id='word_1_269' title='bbox 923 4305 1034 4390; x_wconf 91' lang='lat' dir='ltr'><strong>simul</strong></span> <span class='ocrx_word' id='word_1_270' title='bbox 1049 4306 1140 4384; x_wconf 89' lang='lat' dir='ltr'><strong>sutis</strong></span> <span class='ocrx_word' id='word_1_271' title='bbox 1155 4306 1261 4412; x_wconf 85' lang='lat' dir='ltr'><strong>signo</strong></span> <span class='ocrx_word' id='word_1_272' title='bbox 1275 4333 1362 4394; x_wconf 90' lang='lat' dir='ltr'><strong>meo</strong></span> <span class='ocrx_word' id='word_1_273' title='bbox 1373 4306 1524 4413; x_wconf 83' lang='lat' dir='ltr'><strong>signatis</strong></span> <span class='ocrx_word' id='word_1_274' title='bbox 1532 4307 1732 4394; x_wconf 88' lang='lat' dir='ltr'><strong>contentis,</strong></span> 
     </span>
     <span class='ocr_line' id='line_1_29' title="bbox 310 4434 1734 4544; baseline 0.004 -36"><span class='ocrx_word' id='word_1_275' title='bbox 310 4459 385 4509; x_wconf 87' lang='lat' dir='ltr'><strong>una</strong></span> <span class='ocrx_word' id='word_1_276' title='bbox 398 4460 485 4508; x_wconf 90' lang='lat' dir='ltr'><strong>cum</strong></span> <span class='ocrx_word' id='word_1_277' title='bbox 496 4434 753 4541; x_wconf 85' lang='lat' dir='ltr'><strong>suprascriptis</strong></span> <span class='ocrx_word' id='word_1_278' title='bbox 771 4434 930 4512; x_wconf 90' lang='lat' dir='ltr'><strong>testibus</strong></span> <span class='ocrx_word' id='word_1_279' title='bbox 946 4453 984 4512; x_wconf 89' lang='lat' dir='ltr'><strong>et</strong></span> <span class='ocrx_word' id='word_1_280' title='bbox 1002 4438 1178 4544; x_wconf 85' lang='lat' dir='ltr'><strong>magistro</strong></span> <span class='ocrx_word' id='word_1_281' title='bbox 1193 4435 1332 4513; x_wconf 87' lang='lat' dir='ltr'><strong>Jacobo</strong></span> <span class='ocrx_word' id='word_1_282' title='bbox 1354 4436 1401 4512; x_wconf 92' lang='lat' dir='ltr'><strong>de</strong></span> <span class='ocrx_word' id='word_1_283' title='bbox 1417 4437 1568 4517; x_wconf 90' lang='lat' dir='ltr'><strong>Virtuto</strong></span> <span class='ocrx_word' id='word_1_284' title='bbox 1590 4435 1734 4514; x_wconf 85' lang='lat' dir='ltr'><strong>notario</strong></span> 
     </span>
     <span class='ocr_line' id='line_1_30' title="bbox 311 4560 1735 4672; baseline 0.004 -35"><span class='ocrx_word' id='word_1_285' title='bbox 311 4560 481 4665; x_wconf 90' lang='lat' dir='ltr'><strong>publico,</strong></span> <span class='ocrx_word' id='word_1_286' title='bbox 509 4591 662 4669; x_wconf 90' lang='lat' dir='ltr'><strong>presens</strong></span> <span class='ocrx_word' id='word_1_287' title='bbox 687 4564 856 4654; x_wconf 89' lang='lat' dir='ltr'><strong>interlui,</strong></span> <span class='ocrx_word' id='word_1_288' title='bbox 885 4594 941 4658; x_wconf 89' lang='lat' dir='ltr'><strong>ac,</strong></span> <span class='ocrx_word' id='word_1_289' title='bbox 966 4564 1012 4642; x_wconf 92' lang='lat' dir='ltr'><strong>de</strong></span> <span class='ocrx_word' id='word_1_290' title='bbox 1036 4567 1213 4643; x_wconf 89' lang='lat' dir='ltr'><strong>mandato</strong></span> <span class='ocrx_word' id='word_1_291' title='bbox 1233 4567 1390 4672; x_wconf 89' lang='lat' dir='ltr'><strong>predicti</strong></span> <span class='ocrx_word' id='word_1_292' title='bbox 1414 4567 1675 4656; x_wconf 87' lang='lat' dir='ltr'><strong>commissarii,</strong></span> <span class='ocrx_word' id='word_1_293' title='bbox 1696 4567 1735 4642; x_wconf 92' lang='lat' dir='ltr'><strong>in</strong></span> 
     </span>
     <span class='ocr_line' id='line_1_31' title="bbox 312 4690 1735 4804; baseline 0.002 -37"><span class='ocrx_word' id='word_1_294' title='bbox 312 4690 386 4768; x_wconf 93' lang='lat' dir='ltr'><strong>hoc</strong></span> <span class='ocrx_word' id='word_1_295' title='bbox 398 4690 651 4770; x_wconf 89' lang='lat' dir='ltr'><strong>instrumento</strong></span> <span class='ocrx_word' id='word_1_296' title='bbox 660 4722 721 4770; x_wconf 93' lang='lat' dir='ltr'><strong>me</strong></span> <span class='ocrx_word' id='word_1_297' title='bbox 729 4694 930 4800; x_wconf 88' lang='lat' dir='ltr'><strong>subscripsi</strong></span> <span class='ocrx_word' id='word_1_298' title='bbox 942 4695 982 4770; x_wconf 91' lang='lat' dir='ltr'><strong>in</strong></span> <span class='ocrx_word' id='word_1_299' title='bbox 993 4696 1254 4786; x_wconf 89' lang='lat' dir='ltr'><strong>testimonium</strong></span> <span class='ocrx_word' id='word_1_300' title='bbox 1264 4697 1551 4804; x_wconf 83' lang='lat' dir='ltr'><strong>premissorum,</strong></span> <span class='ocrx_word' id='word_1_301' title='bbox 1564 4696 1735 4801; x_wconf 89' lang='lat' dir='ltr'><strong>illudque</strong></span> 
     </span>
     <span class='ocr_line' id='line_1_32' title="bbox 237 4819 1001 4930; baseline 0.004 -33"><span class='ocrx_word' id='word_1_302' title='bbox 237 4837 241 4845; x_wconf 83' lang='lat'><em>&#39;</em></span> <span class='ocrx_word' id='word_1_303' title='bbox 313 4819 419 4927; x_wconf 83' lang='lat' dir='ltr'><strong>signo</strong></span> <span class='ocrx_word' id='word_1_304' title='bbox 439 4848 525 4898; x_wconf 92' lang='lat' dir='ltr'><strong>meo</strong></span> <span class='ocrx_word' id='word_1_305' title='bbox 547 4820 656 4899; x_wconf 91' lang='lat' dir='ltr'><strong>solito</strong></span> <span class='ocrx_word' id='word_1_306' title='bbox 681 4823 818 4930; x_wconf 85' lang='lat' dir='ltr'><strong>signavi</strong></span> <span class='ocrx_word' id='word_1_307' title='bbox 838 4840 1001 4930; x_wconf 85' lang='lat' dir='ltr'><strong>rogatus.</strong></span> 
     </span>
    </p>
   </div>
   <div class='ocr_carea' id='block_1_6' title="bbox 398 4968 1566 5050">
    <p class='ocr_par' dir='ltr' id='par_1_6' title="bbox 398 4968 1566 5050">
     <span class='ocr_line' id='line_1_33' title="bbox 398 4968 1566 5050; baseline 0.009 -23"><span class='ocrx_word' id='word_1_308' title='bbox 398 4968 506 5029; x_wconf 78' lang='lat' dir='ltr'><strong>raocls</strong></span> <span class='ocrx_word' id='word_1_309' title='bbox 522 4987 574 5028; x_wconf 85' lang='lat' dir='ltr'><strong>oss</strong></span> <span class='ocrx_word' id='word_1_310' title='bbox 590 4987 815 5032; x_wconf 70' lang='lat' dir='ltr'><strong>rennuens-</strong></span> <span class='ocrx_word' id='word_1_311' title='bbox 829 4989 852 5037; x_wconf 85' lang='lat'><strong>11</strong></span> <span class='ocrx_word' id='word_1_312' title='bbox 1527 4974 1566 5050; x_wconf 70' lang='lat' dir='ltr'><strong>l7</strong></span> 
     </span>
    </p>
   </div>
   <div class='ocr_carea' id='block_1_7' title="bbox 0 0 2128 5882">
    <p class='ocr_par' dir='ltr' id='par_1_7' title="bbox 0 0 2128 5882">
     <span class='ocr_line' id='line_1_34' title="bbox 0 0 2128 5882; baseline 0 0"><span class='ocrx_word' id='word_1_313' title='bbox 0 0 2128 5882; x_wconf 95' lang='lat' dir='ltr'><strong> </strong></span> 
     </span>
    </p>
   </div>
  </div>
 </body>
</html>
