4202 5876
404 553 478 630 tos
790 535 987 628 proces
1014 551 1109 626 nus
1138 555 1436 628 rnnrtrsas

402 697 501 786 lana,
512 695 650 802 quibus
660 693 835 772 continue
852 699 1045 802 cingantur
1059 723 1170 800 supra
1185 697 1353 775 camisias
1362 713 1472 774 nocte
1483 712 1519 771 et
1530 695 1609 780 die,
1627 695 1665 772 in
1681 697 1826 801 signum

401 827 608 906 honestatis
624 844 661 903 et
675 825 849 904 castitatis
866 826 1045 904 servande
1064 844 1265 934 perpetuo,
1289 828 1384 905 sicut
1400 844 1484 934 post
1502 825 1634 902 sectam
1651 826 1698 904 de
1719 855 1759 903 se
1772 857 1829 904 re-

402 959 619 1064 cepcionem
639 957 687 1034 ad
708 956 850 1034 dictum
872 955 1046 1034 ordinem
1069 957 1335 1061 promiserunt.
1354 958 1452 1036 Cum
1474 957 1585 1034 dictis
1604 973 1729 1034 autem
1750 987 1831 1038 cor-

403 1087 503 1166 dadis
521 1115 591 1166 nec
610 1087 728 1194 capita
746 1104 949 1194 tanguntur
967 1114 1036 1164 nec
1055 1087 1167 1194 ydola
1186 1088 1394 1193 cingamtur,
1416 1116 1500 1164 cum
1523 1087 1556 1164 is
1575 1088 1640 1194 qui
1664 1087 1831 1194 loquitur

402 1247 471 1296 nec
491 1218 596 1296 scivit
613 1244 682 1294 nec
703 1245 871 1323 unquam
884 1216 1024 1294 audivit
1043 1216 1082 1292 in
1103 1217 1237 1294 ordine
1255 1217 1425 1324 predicto
1445 1216 1503 1294 vel
1523 1215 1610 1293 alibi
1633 1216 1705 1294 dici
1728 1219 1831 1324 quod

402 1350 450 1425 sit
464 1347 634 1456 ydolum,
652 1346 720 1423 sed
733 1347 851 1424 credit
865 1345 970 1453 quod
984 1347 1032 1424 sit
1046 1347 1221 1424 diabolus
1234 1348 1309 1426 sive
1327 1346 1462 1437 nichil3
1480 1365 1518 1424 et
1531 1347 1633 1424 idem
1651 1347 1770 1424 credit
1785 1349 1830 1424 de

404 1479 537 1557 ceteris
556 1477 731 1554 fratribus
751 1475 841 1555 dicti
861 1477 1006 1554 ordinis
1025 1493 1068 1554 ut
1087 1479 1261 1584 deposuit
1282 1477 1329 1554 de
1350 1507 1389 1555 se
1410 1478 1504 1584 ipso.

458 1609 518 1685 Ad
531 1607 770 1685 lxxi—lxxxii
791 1605 965 1684 articulos
979 1605 1178 1697 inclusive,
1196 1607 1394 1714 diligenter
1414 1625 1451 1686 et
1471 1606 1661 1714 sigillatim
1679 1607 1831 1686 interro·

403 1758 523 1844 gatus,
545 1737 775 1843 respondens
794 1737 939 1844 negavit
951 1737 1051 1843 ipsos
1066 1737 1242 1816 articulos
1259 1756 1297 1815 et
1308 1739 1432 1816 omnia
1449 1755 1486 1814 et
1498 1735 1643 1846 singula
1659 1756 1829 1816 contenta

403 1869 442 1944 in
464 1869 534 1957 eis3
557 1895 602 1945 eo
623 1867 722 1944 salvo
736 1866 840 1974 quod
861 1895 903 1943 ea
922 1895 996 1974 que
1013 1885 1171 1975 aguntur
1185 1869 1223 1944 in
1240 1868 1412 1974 capitulis
1428 1868 1515 1945 dicti
1531 1866 1675 1945 ordinis
1691 1868 1831 1946 debent

403 2000 520 2076 teneri
542 2015 680 2076 secreta
705 1996 922 2084 alratribus
941 1997 1005 2104 qui
1026 1999 1065 2075 in
1081 1997 1188 2076 dictis
1208 1998 1379 2106 capitulis
1397 1999 1604 2088 affuerunt,
1625 2025 1695 2076 uec
1715 2017 1830 2076 exua-

404 2131 485 2206 neis
506 2127 736 2236 quibuslibet
755 2157 825 2206 nec
840 2129 955 2206 eciam
975 2127 1056 2205 aliis
1073 2127 1249 2206 fratribus
1268 2128 1465 2208 revelanda
1485 2145 1573 2206 sunt
1589 2129 1654 2234 qui
1672 2129 1711 2204 in
1724 2130 1831 2206 dictis

405 2258 574 2366 capitulis
594 2287 671 2336 non
690 2258 854 2337 fuerunt.
871 2260 970 2336 Dicit
986 2277 1112 2338 tamen
1129 2289 1168 2338 se
1187 2289 1382 2368 nunquam
1398 2259 1512 2338 luisse
1528 2261 1566 2336 in
1584 2258 1664 2336 aliis
1679 2287 1830 2366 congre-

404 2389 616 2496 gationibus
638 2389 695 2467 vel
719 2389 888 2501 capitulis
910 2389 998 2467 dicti
1025 2390 1169 2467 ordinis
1190 2391 1261 2468 uisi
1284 2391 1458 2468 duntaxat
1480 2391 1519 2467 in
1539 2387 1709 2496 capitulis
1730 2409 1829 2468 retro

403 2517 508 2596 lactis
528 2520 568 2594 in
589 2519 727 2626 capella
745 2520 882 2598 domus
901 2521 1022 2599 Mansi
1042 2521 1112 2598 Dei
1132 2522 1303 2626 predicti.
1327 2520 1474 2628 Adjecit
1496 2521 1614 2597 eciam
1634 2521 1739 2626 quod
1759 2519 1829 2597 lra-

404 2667 480 2727 tres
501 2649 669 2757 ejusdem
684 2648 826 2728 ordinis
846 2650 986 2756 absque
1002 2651 1150 2728 licentia
1172 2651 1218 2728 ab
1239 2651 1292 2730 eis
1305 2651 1417 2757 petita
1430 2667 1587 2757 possunt
1598 2649 1755 2728 licenter
1767 2661 1829 2727 sua

405 2779 574 2858 confiteri
595 2797 743 2886 peccata
756 2781 939 2888 religiosis
953 2781 1038 2858 viris
1050 2781 1268 2887 presbiteris
1284 2780 1475 2888 religionis
1490 2780 1691 2888 cujuslibet
1703 2808 1831 2889 appro

405 2911 508 3002 bate,
522 2911 581 2988 vel
594 2910 850 2989 sacerdotibus
859 2911 1086 2990 seudaribus
1098 2913 1354 2990 executionem
1368 2911 1594 2989 habentibus
1607 2939 1762 2990 suorum
1773 2941 1831 2990 or-

407 3040 717 3147 dinum,quando
727 3069 805 3118 non
817 3041 956 3119 habent
966 3060 1179 3148 presentem
1188 3036 1336 3120 fratrem
1352 3042 1580 3148 capellanum
1590 3042 1679 3120 dicti
1691 3042 1831 3120 ordinis

407 3173 465 3248 cui
490 3170 655 3278 predicta
678 3190 826 3277 peccata
849 3173 1020 3250 confiteri
1040 3173 1184 3251 valeant
1204 3191 1240 3250 et
1260 3173 1308 3251 ab
1329 3201 1375 3252 eo
1395 3173 1645 3278 penitenciam
1663 3175 1830 3280 recipere

407 3305 453 3380 de
471 3302 658 3382 confessis.
674 3303 820 3412 Adjecit
839 3306 955 3382 eciam
976 3305 1081 3412 quod
1102 3305 1232 3383 fratres
1246 3306 1311 3412 qui
1331 3305 1499 3412 predicta
1514 3306 1552 3381 in
1571 3305 1678 3382 dictis
1698 3305 1832 3384 articu-

405 3434 450 3510 lis
464 3451 638 3511 contenta
654 3433 810 3512 confessi
826 3452 913 3511 sunt
935 3463 1060 3513 coram
1080 3437 1249 3542 personis
1267 3434 1516 3541 quibuslibet,
1538 3435 1578 3511 in
1593 3434 1740 3542 judicio
1757 3435 1831 3511 sive

314 3573 318 3580 '
407 3581 522 3656 extra,
543 3563 692 3671 publice
713 3582 751 3642 et
769 3566 809 3640 in
824 3564 916 3643 locis
934 3564 1113 3672 publicis,
1127 3583 1171 3643 ut
1190 3566 1231 3642 in
1250 3564 1405 3644 articulo
1420 3582 1625 3653 enarratur,
1638 3565 1728 3642 falsa
1743 3593 1831 3644 con·

406 3693 491 3772 lessi
512 3711 598 3772 sunt
622 3697 718 3772 etin
740 3695 861 3802 capud
879 3725 990 3774 suum
1008 3697 1157 3774 mentiti
1173 3715 1261 3774 sunt
1279 3714 1317 3775 et
1337 3696 1540 3804 pergulas.
1568 3695 1664 3790 Quia
1686 3723 1774 3772 vero
1795 3697 1830 3770 in

406 3824 572 3904 articulis
599 3826 737 3904 dicitur
760 3827 864 3933 quod
886 3825 1015 3904 fratres
1040 3827 1131 3904 dicti
1158 3827 1301 3905 ordinis
1323 3827 1512 3934 predictos
1543 3853 1705 3915 errores,
1738 3855 1831 3933 quos

405 3955 535 4033 adesse
551 3957 717 4034 sciebant
737 3955 807 4064 ipsi
824 3955 965 4049 ordini,
988 3957 1174 4064 corrigere
1190 3958 1436 4065 neglexerunt
1454 3957 1512 4037 vel
1534 3974 1656 4034 sancte
1679 3957 1750 4034 Dei
1766 3958 1831 4034 Ec-

407 4083 517 4163 clesie
545 4087 738 4177 nunciare,
766 4086 823 4164 vel
851 4104 894 4164 ut
912 4105 1116 4164 cessaretur
1142 4087 1201 4165 vel
1231 4088 1472 4166 desisteretur
1496 4087 1653 4176 abillis,
1681 4088 1771 4164 dicit
1795 4105 1831 4164 et

407 4215 603 4322 respondit
621 4217 684 4294 hic
703 4217 769 4323 qui
796 4216 961 4324 loquitur
980 4217 1083 4324 quod
1103 4217 1142 4294 in
1168 4219 1407 4326 corrigendo,
1434 4218 1632 4308 cessando,
1653 4218 1711 4295 vel
1732 4219 1831 4294 desi-

408 4345 562 4438 stendo,
587 4365 651 4425 aut
671 4347 883 4426 nunciando
907 4348 1070 4426 Ecclesie
1093 4350 1182 4441 Dei,
1205 4350 1306 4457 apud
1331 4350 1450 4428 dictos
1478 4348 1609 4426 fratres
1632 4377 1701 4426 nec
1724 4348 1831 4426 dolus

407 4503 477 4552 nec
496 4473 620 4582 culpa,
643 4478 785 4554 desidia
801 4507 868 4556 seu
883 4478 1106 4586 negligentia
1126 4479 1225 4557 nulla
1245 4478 1331 4570 luit,
1353 4507 1422 4557 nec
1439 4479 1569 4556 fratres
1586 4478 1648 4556 alii
1662 4461 1830 4585 ejusdem

409 4606 553 4684 ordinis
576 4609 818 4717 indiguerunt
837 4611 1066 4688 correctione
1086 4611 1210 4718 aliqua
1232 4610 1290 4689 vel
1309 4611 1530 4705 cessatione,
1553 4639 1599 4688 eo
1622 4611 1727 4718 quod
1743 4637 1831 4686 nus-

408 4765 520 4844 quam
536 4765 642 4816 error
660 4739 719 4816 vel
738 4768 884 4818 errores
903 4740 951 4817 de
964 4741 1103 4848 quibus
1120 4741 1240 4848 agitur
1252 4740 1291 4818 in
1304 4741 1468 4820 articulis
1483 4742 1522 4818 in
1534 4758 1614 4819 toto
1629 4741 1760 4820 ordine
1774 4739 1831 4816 vel

410 4869 489 4974 ejus
515 4887 620 4975 parte
647 4869 770 4976 aliqua
798 4871 980 4979 originem
1001 4870 1059 4948 vel
1079 4872 1304 4978 principium
1325 4872 1555 4962 hahuerunt,
1586 4871 1718 4948 necin
1749 4872 1829 4976 ipso
