4210 5882
391 1227 624 1330 llaymonclm¹
655 1229 875 1302 miseracione
900 1225 1016 1302 divino
1042 1227 1200 1304 Elncnsis
1234 1229 1421 1328 episcopus,
1460 1243 1525 1304 etc.
1566 1229 1762 1332 Recepimus

329 1355 498 1458 quosdam
520 1357 650 1434 litteras
667 1356 840 1434 muemndi
859 1361 893 1432 in
912 1355 1047 1434 censu
1066 1361 1178 1460 putris
1200 1355 1328 1434 donini
1346 1356 1471 1463 Egidii
1498 1356 1619 1436 divina
1641 1362 1762 1465 provi-

334 1485 465 1564 dencia
486 1504 609 1566 sancte
629 1487 881 1566 Narbonensis
907 1486 1062 1566 ecclesie
1084 1486 1369 1594 archiepiscopi,
1396 1504 1479 1577 cte,
1505 1517 1647 1592 qaorum
1668 1507 1762 1568 tenor

333 1618 411 1694 lulis
428 1634 500 1694 erl:

389 1749 545 1854 Egidius
576 1749 822 1855 permissione
856 1749 981 1826 divina
1018 1767 1140 1826 sancte
1173 1749 1422 1827 Narbonensis
1455 1749 1609 1827 ecclesie
1641 1751 1760 1829 archi·

333 1879 545 1984 episcopus,
574 1897 663 1966 etc,
690 1879 890 1986 llaymunclo
911 1872 1055 1957 Einemi
1073 1880 1248 1986 episcopo
1272 1871 1432 1958 salutem
1455 1898 1493 1958 et
1516 1882 1700 1964 sinceram
1720 1883 1759 1958 in

320 2007 497 2087 ‘Domino
513 2011 723 2087 caritatem.
752 2010 911 2086 Litteras
933 2010 1151 2088 sanctissimi
1177 2011 1290 2114 patris
1310 2025 1344 2086 ct
1363 2011 1492 2087 domini
1509 2016 1616 2088 nostri
1634 2013 1761 2090 domini

334 2140 513 2218 Clementis
534 2169 624 2244 pope
648 2144 773 2243 quinti,
805 2155 888 2227 etc,
917 2168 975 2217 nos
994 2140 1115 2216 uidisse
1136 2157 1173 2216 et
1192 2167 1316 2216 coram
1340 2139 1449 2218 nobis
1469 2140 1607 2246 perlegi
1628 2141 1759 2222 secisse

329 2271 523 2362 noveritis,
542 2297 702 2376 quarum
722 2287 831 2348 tenor
847 2273 924 2348 telis
939 2285 1004 2348 est:

388 2438 400 2464 a
418 2400 571 2480 Clemens
589 2405 780 2503 episcopus,
806 2427 933 2477 servus
949 2427 1142 2478 servorum
1163 2401 1251 2487 Dei,
1278 2418 1348 2477 etc.
1371 2402 1524 2478 Faciens
1544 2404 1757 2482 misericor·

331 2531 477 2618 «diam,
501 2549 572 2607 etc.
590 2531 693 2635 (Voir
709 2545 794 2608 cette
814 2531 920 2618 belle,
948 2529 1316 2634 tome-1,papcs2-7.)

387 2663 549 2738 «Datum
568 2661 740 2748 Pictavis,
752 2687 778 2738 u
796 2659 882 2738 idos
901 2660 1065 2766 augusti,
1081 2657 1322 2764 pontificatus
1341 2663 1459 2740 nostri
1479 2691 1576 2740 anno
1596 2665 1725 2742 tercio.
1744 2703 1756 2734 s

385 2793 513 2869 Tenon
527 2821 615 2868 vero
633 2791 877 2868 articulorum
891 2791 940 2868 de
959 2791 1099 2896 quibus
1114 2789 1157 2867 lit
1170 2792 1318 2868 mencio
1334 2791 1372 2868 iu
1393 2790 1526 2870 litteris
1543 2794 1756 2898 apostolicis

329 2923 564 3028 supradictis,
584 2951 681 3029 quos
695 2922 766 3000 sub
785 2950 871 2998 vera
889 2921 990 2998 bulla
1010 2923 1129 3028 ipsius
1151 2921 1298 3000 domini
1330 2924 1447 3000 nostri
1473 2926 1612 3010 summi
1632 2928 1757 3031 ponu-

327 3052 408 3130 ficis
433 3070 471 3130 et
482 3051 549 3131 filo
572 3053 726 3158 canapis.
741 3052 904 3130 inclusos
923 3053 1152 3158 recepimus,
1175 3051 1353 3140 vidimus,
1371 3055 1560 3132 tenuimus
1577 3073 1615 3132 et
1630 3085 1754 3134 coram

328 3185 438 3262 nobis
454 3181 595 3290 perlegi
611 3181 787 3270 fecimus,
809 3183 980 3289 sequitur
996 3183 1037 3258 in
1057 3183 1129 3260 bec
1148 3181 1281 3260 verba:
1365 3227 1369 3232 -

386 3314 474 3392 ·lsti
506 3329 595 3389 sunt
613 3309 759 3390 articuli
783 3339 897 3419 super
919 3309 1062 3418 quibus
1087 3313 1298 3418 inquiretur
1318 3331 1443 3390 contra
1463 3313 1596 3392 fratres
1614 3315 1755 3396 ordinis

330 3442 493 3520 amilicie
513 3443 679 3549 Templi,
704 3461 882 3550 tanquam
907 3460 1035 3520 contra
1060 3441 1264 3548 singulares
1283 3442 1539 3549 multipliciter
1558 3445 1754 3524 infamatos

330 3592 394 3650 set
420 3575 663 3650 vehementer
690 3591 883 3679 suspectos
913 3601 1027 3679 super
1056 3573 1241 3650 contentis
1271 3574 1312 3648 in
1336 3573 1477 3650 eisdem
1505 3575 1689 3666 articulis,
1717 3595 1754 3654 et

329 3705 518 3782 :maximo
538 3703 710 3782 scandalo
731 3721 940 3781 contraeas
959 3703 1164 3810 superbiis
1184 3703 1372 3782 asistente.

384 3835 710 3914 «Articuli‘contra
723 3835 928 3942 singulares
945 3861 1125 3940 personas
1142 3833 1285 3912 ordinis
1304 3832 1441 3910 milicie
1455 3835 1619 3939 Templi:

387 4005 397 4033 a
412 3967 559 4055 Primo,
581 3966 686 4074 quod
702 3965 741 4043 in
759 3965 1061 4072 recepcionesua
1083 3981 1120 4040 et
1134 3961 1361 4070 quandoque
1378 3981 1477 4069 post,
1494 3981 1562 4040 etc.
1580 3965 1706 4068 »lVoir
1718 3969 1753 4042 Ic

327 4102 413 4174 saite
431 4097 474 4175 de
489 4125 542 4174 ces
562 4097 701 4174 articles
720 4123 767 4173 au
789 4111 876 4172 tome
895 4097 930 4182 1,
945 4123 1050 4200 papas
1068 4091 1212 4196 89-96.)

373 4290 379 4318 ¹
403 4289 444 4351 Ce
462 4287 637 4358 manuscrit,
658 4309 709 4348 sur
723 4289 824 4372 papier
838 4298 939 4355 coton,
954 4308 1002 4370 ap
1078 4285 1284 4370 reproduction
1308 4285 1346 4347 de
1366 4286 1442 4348 deux
1461 4297 1537 4347 actes
1556 4285 1620 4370 dejb
1641 4290 1751 4350 inseres

294 4463 296 4466 ¹
327 4393 454 4476 partient
466 4391 484 4452 l
497 4391 526 4452 la
539 4389 744 4473 bibliotheque
758 4387 904 4450 nationale
919 4387 1002 4468 (eod.
1077 4389 1151 4450 dans
1169 4389 1198 4451 la
1216 4389 1344 4472 premier
1355 4387 1487 4459 volume,
1507 4409 1583 4452 nous
1595 4409 1671 4452 nous
1685 4393 1751 4454 bor-

329 4493 405 4556 Colb.
425 4495 520 4564 1145.
535 4493 637 4579 &pat
652 4493 761 4578 3910).
774 4492 831 4554 bea
850 4491 921 4552 trois
939 4511 1003 4573 pre-
1077 4489 1352 4554 noaslendonner
1365 4491 1403 4552 ici
1415 4489 1458 4554 les
1472 4493 1630 4576 proniores
1645 4506 1675 4554 et
1686 4493 1751 4556 der·

326 4597 415 4658 miess
429 4595 555 4660 feuillets
569 4594 722 4658 sontrlans
734 4616 777 4656 un
790 4593 830 4656 tal
840 4591 1000 4654 eusdem
1077 4595 1173 4658 nieres
1191 4593 1293 4678 lignes.
1314 4593 1370 4656 Les
1390 4605 1467 4655 mots
1488 4615 1525 4656 en
1548 4594 1668 4679 italique
1686 4591 1753 4658 sont

326 4697 493 4783 gradation,
512 4698 584 4782 qu'il
604 4697 655 4760 eut
673 4701 719 4758 ete
740 4695 809 4758 bien
828 4693 946 4757 difficile
966 4694 1004 4756 de
1077 4717 1149 4757 ceux
1165 4717 1224 4780 que
1239 4717 1314 4757 nous
1328 4717 1416 4756 avons
1432 4695 1566 4782 supplies
1583 4717 1659 4779 pour
1674 4719 1751 4759 com-

327 4801 445 4864 retablir
453 4801 543 4864 d'une
552 4801 682 4863 manilre
692 4799 783 4861 suivie
792 4797 821 4860 le
832 4809 907 4860 texte
918 4797 1003 4884 qu'ils
1077 4797 1170 4880 pleter
1183 4820 1216 4858 ce
1231 4797 1317 4860 cedre
1333 4800 1495 4860 rummeins.

326 4905 519 4973 mntemanu
535 4906 610 4966 mais
630 4923 663 4965 ce
684 4913 759 4966 texte
773 4901 884 4964 n’etant
898 4921 956 4984 que
975 4900 1003 4962 la
