4320 5898
720 490 918 586 eaocss
945 511 1039 584 ons
1066 509 1366 586 renuimus.
1714 517 1761 590 ss

333 653 531 746 excusatis,
546 649 834 732 lraterGarinus
851 651 899 728 de
919 648 1074 730 Corbon
1091 653 1257 731 serviens
1279 653 1493 740 lathomos,
1512 655 1764 764 Lingouensis

332 784 507 874 diocesis,
525 783 631 862 testis
649 810 762 888 supra
778 780 944 891 juratus,
967 799 1010 860 ut
1025 781 1233 888 deponeret
1249 782 1393 862 dictum
1406 811 1535 874 suum,
1549 812 1627 864 non
1646 787 1763 866 delie-
1872 797 1877 808 “

331 942 422 993 rens
433 913 674 1004 mantellum,
693 912 781 1020 quia
798 911 991 990 dimiserat
1007 912 1132 1018 ipsum
1153 932 1238 1020 post
1252 915 1469 1020 cuprionem
1486 943 1610 1007 suam,
1629 934 1666 994 et
1680 918 1759 996 radi

331 1045 469 1123 lecerat
484 1044 554 1125 sibi
575 1043 747 1134 barbam,
771 1071 858 1122 cum
874 1072 953 1151 quo
964 1043 1189 1151 inquisitum
1198 1043 1339 1138 luerat,
1357 1045 1554 1124 absolutus
1573 1062 1612 1124 et
1630 1074 1762 1126 recon-

331 1175 479 1256 ciliatus
495 1175 658 1256 Senonis
677 1203 745 1282 per
760 1174 961 1253 dominum
979 1174 1201 1282 episcopum
1222 1175 1555 1265 Aurelianensem,
1576 1176 1763 1285 quinqua-

330 1308 503 1415 genarius
522 1307 581 1384 vel
598 1307 704 1384 circa.
728 1305 850 1384 Lectis
871 1321 998 1382 autem
1014 1323 1054 1383 et
1066 1303 1270 1415 diligenter
1288 1305 1464 1412 expositis
1486 1307 1557 1388 sibi
1583 1307 1760 1387 omnibus

331 1456 367 1516 et
378 1439 535 1548 singulis
550 1437 734 1528 articulis,
746 1435 941 1543 respondit
952 1437 1059 1544 quod
1068 1435 1219 1543 nullum
1233 1437 1350 1514 alium
1361 1437 1505 1517 viderat
1514 1439 1630 1545 recipi
1646 1438 1686 1516 in
1700 1469 1760 1518 or·

330 1569 437 1660 dine,
455 1598 525 1647 nec
544 1567 766 1647 interfuerat
781 1566 952 1674 capitulis
967 1595 1116 1657 eorum,
1136 1567 1239 1646 unde
1253 1567 1461 1662 nesciebat,
1475 1597 1545 1649 nec
1560 1570 1756 1660 credebat,

330 1728 401 1778 nec
415 1701 608 1780 audiverat
627 1699 700 1778 dici
725 1698 774 1776 de
794 1699 980 1776 contentis
1000 1698 1039 1774 in
1061 1698 1152 1805 ipsis
1170 1697 1336 1776 articulis
1355 1700 1427 1778 nisi
1451 1701 1556 1808 quod
1575 1702 1757 1809 sequitur.

329 1831 431 1908 Dixit
455 1833 556 1908 enim
582 1860 622 1908 se
641 1829 753 1908 fuisse
775 1846 967 1936 receptum
996 1857 1065 1937 per
1093 1829 1246 1908 fratrem
1274 1832 1474 1940 Hugonem
1499 1831 1548 1910 de
1574 1831 1758 1912 Cabilone

330 1962 509 2052 militem,
526 1989 639 2068 quem
654 1959 778 2045 credit
788 1961 928 2052 vivere,
945 1961 1041 2038 circa
1051 1961 1194 2039 instans
1209 1961 1348 2040 festum
1360 1962 1758 2069 Assumptionisbeate

330 2093 446 2171 Marie
459 2108 571 2170 erunt
585 2119 607 2168 x
623 2091 712 2170 anni
728 2089 787 2168 vel
804 2091 916 2182 circa,
935 2090 974 2167 in
990 2089 1134 2199 capella
1150 2091 1287 2170 domus
1301 2092 1453 2199 Templi
1469 2093 1518 2170 de
1538 2093 1758 2200 Espalhiaco

329 2223 488 2301 diocesis
516 2223 780 2330 lingonensis,
810 2221 1051 2328 presentibus
1073 2221 1251 2302 fratribus
1274 2222 1442 2301 lieberto
1462 2222 1643 2302 Lescolbe
1673 2253 1758 2331 pre-

329 2372 479 2461 ceptore
502 2353 601 2431 dicte
621 2353 773 2444 domus,
800 2353 993 2461 Stephano
1015 2353 1063 2430 de
1089 2353 1225 2460 Biceyo
1248 2351 1457 2460 presbitero
1478 2354 1576 2432 dicte
1595 2354 1755 2444 domus,

329 2503 365 2561 et
391 2485 541 2562 Thoma
570 2503 790 2590 preceptore
818 2484 866 2563 de
894 2500 1021 2562 sancto
1053 2481 1258 2576 Medardo,
1289 2481 1506 2572 deffuuctis,
1535 2513 1555 2560 a
1587 2511 1666 2592 quo
1698 2513 1759 2562 re·

328 2633 499 2723 ceptore,
527 2616 733 2692 instructus
753 2641 821 2721 per
839 2613 951 2705 alios,
976 2615 1090 2720 peciit
1111 2613 1330 2722 frequenter
1348 2641 1485 2722 panem
1508 2633 1547 2692 et
1566 2643 1702 2722 aquam
1722 2634 1758 2693 et

326 2748 543 2825 societatem
565 2745 726 2834 ordinis;
747 2744 886 2853 quibus
901 2745 972 2824 sibi
994 2748 1196 2836 concessis,
1214 2745 1304 2824 lecit
1323 2773 1411 2824 eum
1432 2773 1565 2824 vovere
1582 2764 1620 2824 et
1628 2747 1758 2855 jurare

327 2879 554 2974 castitatem,
577 2876 860 2967 obedienciam,
878 2877 1000 2956 vivere
1021 2876 1102 2954 sine
1114 2877 1288 2983 proprio,
1309 2905 1453 2956 servare
1470 2877 1591 2956 bonos
1608 2907 1701 2956 usus
1720 2896 1758 2956 et

325 3009 444 3086 bonas
460 3007 756 3087 consuetudines
775 3007 935 3097 ordinis,
960 3025 998 3086 et
1019 3007 1124 3115 quod
1146 3033 1223 3085 non
1249 3006 1430 3086 revelaret
1452 3025 1593 3102 secreta
1616 3011 1758 3115 capitu-

326 3139 450 3218 lorum
470 3141 588 3218 eciam
610 3137 686 3216 illis
703 3137 881 3217 fratribus
900 3138 1059 3244 quinon
1074 3137 1282 3216 adfuissent
1298 3137 1338 3214 in
1352 3137 1416 3216 eis.
1431 3137 1667 3247 Etimposito
1684 3139 1755 3220 sibi

325 3269 518 3360 mantello
530 3297 663 3350 omnes
673 3285 833 3348 astantes
842 3268 999 3347 osculati
1011 3268 1165 3347 luorum
1176 3295 1263 3346 eum
1277 3267 1317 3347 in
1333 3297 1415 3360 ore;
1430 3268 1498 3346 sed
1512 3268 1618 3376 prius
1633 3269 1756 3347 dictus

325 3402 430 3480 testis
444 3397 516 3478 luit
528 3399 717 3478 osculatus
732 3398 945 3506 predictum
963 3416 1197 3507 receptorem
1214 3400 1254 3476 in
1272 3399 1386 3478 dorso
1397 3425 1679 3507 superpannos3
1697 3429 1756 3478 os·
1833 3483 1839 3499 ,

324 3546 431 3609 tensa
446 3529 518 3610 sibi
539 3530 701 3638 quadam
722 3557 830 3606 cruce
848 3525 1043 3606 metallina
1062 3545 1149 3606 ante
1170 3527 1315 3606 dictum
1336 3529 1509 3607 osculum
1526 3529 1566 3606 in
1587 3550 1756 3636 quaerat

324 3689 457 3769 ymago
474 3659 669 3747 Crucifixi,
686 3687 800 3767 quam
817 3657 940 3736 dictus
959 3657 1144 3765 presbiter
1158 3658 1312 3735 tenebat
1326 3658 1366 3735 in
1379 3687 1512 3748 manu,
1528 3676 1566 3735 et
1577 3677 1754 3766 precepto

325 3793 359 3869 ei
371 3819 439 3898 per
449 3791 593 3870 dictum
609 3807 844 3898 receptorem
857 3789 961 3896 quod
979 3805 1133 3896 spueret
1150 3781 1372 3896 supeream,
1393 3789 1472 3897 ipse
1486 3805 1614 3867 tamen
1629 3789 1755 3866 noluit

325 3949 460 4028 spuere
480 3949 594 4028 supra
610 3949 713 4010 eam,
732 3919 800 3997 sed
815 3920 917 4027 spuit
921 3920 1039 4029 juxta.
1054 3921 1164 4012 ltem,
1184 3917 1279 3995 dixit
1287 3918 1391 4026 quod
1406 3936 1492 4027 post
1505 3919 1643 3998 dictum
1660 3922 1757 4027 spui-

324 4052 471 4130 cionem
497 4049 665 4159 precepit
689 4049 850 4158 siquod
875 4049 1077 4156 abnegaret
1100 4049 1241 4139 Deum,
1264 4050 1400 4156 etipse
1424 4049 1548 4140 testis,
1572 4049 1673 4127 dicto
1695 4079 1755 4128 re-

324 4199 474 4290 ceptore
500 4181 649 4259 dicente
667 4182 773 4288 quod
787 4180 861 4258 boc
875 4177 1075 4287 oportebat
1097 4207 1186 4258 eum
1208 4177 1351 4269 lacere,
1376 4198 1414 4258 et
1433 4178 1610 4259 fratribus
1633 4197 1756 4261 astan-

323 4311 427 4390 tibus
441 4309 689 4390 suadentibus
707 4310 813 4417 quod
826 4309 899 4387 hoc
913 4307 1070 4396 laceret,
1087 4307 1286 4418 abnegavit
1299 4311 1435 4401 Deum,
1452 4337 1606 4388 orenon
1622 4311 1752 4401 corde;

325 4441 373 4518 de
387 4441 528 4548 quibus
541 4441 635 4519 dixit
658 4469 697 4518 se
718 4438 833 4520 luisse
855 4439 1087 4532 consessum,
1108 4438 1203 4516 infra
1215 4456 1299 4519 octo
1330 4440 1411 4518 dies
1429 4457 1519 4518 tunc
1537 4459 1753 4550 sequentes,

323 4570 427 4651 lratri
447 4571 588 4652 lacobo
604 4570 797 4680 quondam
820 4569 1056 4650 conventuali
1077 4568 1235 4648 fratrum
1252 4571 1443 4650 Minorum
1460 4571 1508 4649 de
1526 4571 1776 4651 castellione·

323 4733 438 4811 super
456 4705 673 4792 Seccanam,
694 4719 732 4779 et
749 4701 946 4781 absolutus
963 4700 1011 4779 ab
1026 4728 1091 4789 eo,
1108 4701 1173 4809 qui
1196 4699 1289 4779 dixit
1306 4703 1340 4779 ei
1360 4701 1465 4813 quod
1481 4701 1580 4779 male
1594 4701 1751 4790 lecerat,
1862 4694 1870 4722 ‘

324 4850 362 4911 et
382 4835 512 4941 pocius
535 4833 589 4911 illi
617 4833 680 4939 qui
706 4849 950 4939 preceperant
969 4830 1040 4910 sibi
1069 4830 1176 4918 talia,
1206 4847 1243 4907 et
1262 4831 1443 4938 imposuit
1460 4831 1493 4908 ei
1514 4833 1618 4940 quod
1652 4832 1753 4940 jeju-
