4320 5898
368 505 417 580 aa
759 489 953 583 proces
972 507 1075 580 nus
1101 507 1401 582 rnurmnus

365 649 488 728 fuerat
515 647 802 756 recepcionibus
831 651 993 728 aliorum
1023 677 1093 727 nec
1131 651 1302 758 capitulis
1334 677 1485 739 eorum,
1522 648 1624 727 unde
1657 650 1799 728 nescie-

364 781 447 872 bat,
472 763 547 859 nec·
565 780 757 870 credebat,
778 809 848 860 nec
865 781 1057 860 audiverat
1076 781 1150 858 dici
1169 779 1217 860 de
1236 781 1484 862 contentis‘in
1506 781 1615 860 dictis
1631 781 1799 890 articulis

363 913 437 991 nisi
464 913 570 1021 quod
598 912 780 1020 sequitur.
813 912 917 992 Dixit
945 913 1048 989 enim
1073 913 1179 1020 qnod
1207 912 1322 992 frater
1351 911 1539 992 Robertus
1566 911 1614 989 de
1641 911 1797 991 belvaco

364 1043 786 1151 quondam,preceptor
796 1060 888 1122 tunc
898 1042 1049 1122 ballivie
1061 1043 1109 1121 de
1119 1045 1496 1152 Pontivo,receperat
1505 1044 1631 1152 ipsum
1642 1060 1796 1134 testem,

365 1175 426 1253 die
457 1175 585 1253 Martis
611 1193 698 1253 ante
726 1175 864 1255 festum
897 1175 1083 1254 Omnium
1113 1177 1339 1255 Sanctorum
1368 1177 1539 1284 proxime
1570 1177 1795 1284 preteritum

364 1307 520 1384 fuerunt
538 1306 722 1395 seranni,
741 1306 782 1382 in
798 1304 938 1414 capella
957 1306 1096 1385 domus
1112 1307 1264 1415 Templi
1282 1308 1329 1386 de
1344 1307 1551 1386 Somorens
1565 1306 1797 1386 Belvacensis

364 1437 545 1530 diocesis,
579 1437 819 1546 presentibus
849 1437 1027 1516 lratribus
1058 1437 1215 1517 Alberto
1248 1439 1296 1517 de
1329 1438 1530 1519 Grumenil
1562 1438 1796 1547 presbitero,

363 1567 547 1647 avunculo
567 1567 685 1676 ipsius
702 1569 828 1658 testis,
845 1567 1053 1647 Guillelmo
1069 1569 1171 1648 dicto
1190 1569 1358 1679 Anganz‚
1381 1587 1419 1648 et
1436 1569 1575 1648 lacobo
1589 1570 1796 1682 Burgondo
1864 1670 1872 1676 Π

362 1699 628 1794 servientibus,
645 1700 877 1793 ,deffunctiu
901 1701 940 1777 in
965 1701 1069 1779 hunc
1090 1700 1272 1780 modum:
1294 1731 1382 1784 nam
1398 1731 1501 1789 cnm,
1523 1702 1729 1780 instructus
1749 1702 1796 1781 ab

361 1833 461 1924 aliis,
481 1833 656 1942 periisset
672 1860 811 1940 panem
829 1849 865 1910 et
886 1861 1023 1940 aquam
1044 1834 1189 1912 ordinis
1208 1835 1404 1926 instanter,
1425 1851 1464 1912 et
1478 1832 1643 1912 finaliter
1655 1834 1690 1911 ei
1707 1864 1795 1913 con-

361 1965 546 2055 cessisset,
563 1964 720 2072 prestito
738 1965 785 2041 ab
806 1992 852 2041 eo
870 1992 941 2071 per
954 1965 1214 2072 juramentum
1236 1967 1342 2073 quod
1361 1995 1439 2045 non
1456 1984 1536 2044 erat
1549 1964 1691 2044 servilis
1708 1994 1796 2044 con-

363 2095 535 2187 dicionis,
565 2124 636 2174 nec
661 2095 769 2174 alteri
798 2094 973 2204 religioni
1001 2123 1072 2174 nec
1100 2097 1240 2176 debitis
1263 2099 1370 2205 qnod
1390 2097 1532 2177 solvere
1563 2125 1640 2175 non
1669 2117 1796 2206 posset

361 2228 565 2338 obligatus,
597 2256 668 2306 nec
692 2227 859 2307 habebat
885 2227 1041 2335 aliquod
1062 2229 1398 2337 impedimentum,
1428 2229 1519 2307 lecit
1543 2257 1631 2307 eum
1661 2258 1793 2309 vovere

340 2378 397 2458 ¹et
414 2362 544 2469 jurare
566 2389 679 2467 super
702 2359 909 2470 quemdam
940 2358 1082 2438 librum
1110 2361 1335 2455 castitatem,
1363 2361 1642 2472 obedienciam,
1671 2360 1794 2440 vivere

359 2494 438 2572 sine
453 2493 628 2601 proprio,
651 2509 689 2570 et
705 2492 811 2600 quod
822 2492 969 2600 juvaret
984 2518 1054 2598 pro
1073 2518 1181 2598 posse
1197 2520 1266 2572 suo
1282 2492 1330 2570 ad
1348 2491 1793 2600 acquirendumTerram

360 2627 547 2706 Sanctam.
563 2626 652 2702 Post
664 2652 738 2730 qne
751 2623 934 2730 imposuit
950 2621 983 2700 ei
998 2621 1242 2712 mantellum,
1265 2641 1303 2700 et
1315 2623 1394 2730 ipse
1409 2639 1448 2700 et
1461 2639 1623 2702 astantes
1635 2623 1793 2702 osculati

313 2801 320 2812 =
358 2757 515 2834 luerunt
530 2784 618 2834 eum
637 2757 769 2835 inore.
791 2754 941 2834 Deinde
961 2755 1074 2832 traxit
1093 2754 1218 2861 ipsum
1238 2771 1377 2832 testem
1395 2783 1525 2834 versus
1542 2755 1674 2848 altare,
1686 2756 1794 2864 juxta

360 2889 563 2995 quoderat
583 2887 748 2995 quedam
766 2917 856 2965 crux
876 2903 1014 2976 erecta,
1038 2885 1149 2964 certis
1173 2883 1350 2966 iratribus
1370 2885 1705 2967 deambulantibus
1723 2918 1794 2996 per

348 3005 558 3126 capellam,
586 3037 624 3098 et
642 3019 812 3127 precepit
834 3019 868 3097 ei
894 3018 1000 3126 quod
1027 3016 1229 3126 abnegaret
1249 3016 1360 3097 illum
1380 3021 1446 3126 qui
1464 3018 1793 3126 representabatur

359 3178 427 3257 per
441 3151 646 3260 imaginem
668 3151 889 3230 existentem
914 3150 953 3226 in
978 3149 1221 3240 dictacruce;
1243 3168 1387 3229 etcum
1410 3151 1490 3258 ipse
1513 3150 1621 3229 testis
1644 3178 1794 3258 respon-

359 3280 476 3362 disset
497 3283 603 3391 quod
627 3284 700 3361 hoc
722 3282 830 3360 nullo
857 3281 974 3360 modo
995 3279 1154 3372 laceret,
1186 3282 1278 3361 dixit
1305 3283 1339 3359 ei
1365 3281 1471 3391 quod
1497 3281 1571 3359 hoc
1594 3283 1792 3389 oportebat

360 3441 447 3490 enm
460 3413 598 3501 lacere,
611 3414 699 3522 qnia
718 3429 797 3492 erat
812 3413 860 3492 de
876 3414 1028 3521 punctis
1042 3413 1204 3503 ordinis,
1221 3431 1259 3492 et
1271 3414 1303 3492 si
1320 3441 1398 3491 non
1414 3411 1569 3502 laceret,
1587 3431 1792 3521 poneretur

358 3544 398 3620 in
417 3544 484 3624 tali
505 3544 590 3624 loco
611 3547 717 3654 qnod
728 3546 911 3654 gauderet
926 3545 1000 3624 hoc
1015 3543 1136 3626 lacere
1156 3563 1361 3653 antequam
1382 3545 1472 3624 inde
1493 3545 1624 3635 exiret,
1644 3562 1683 3623 et
1700 3562 1792 3626 tunc

357 3676 437 3783 ipse
450 3678 557 3756 testis
571 3674 768 3787 abnegavit
783 3676 893 3756 illum
909 3677 976 3784 qui
990 3677 1319 3784 representabatur
1333 3704 1402 3784 per
1415 3677 1554 3754 dictam
1568 3677 1790 3784 imaginem,

358 3836 422 3886 ore
436 3839 515 3888 non
528 3808 659 3900 corde,
677 3827 722 3889 ut
737 3808 842 3887 dixit.
859 3811 992 3886 Postea
1007 3810 1176 3916 precepit
1189 3811 1223 3886 ei
1239 3809 1347 3916 quod
1358 3827 1512 3916 spueret
1527 3808 1791 3916 supradictam

358 3970 525 4033 crucem,
555 3940 694 4046 etipse
721 3940 824 4047 spuit
848 3967 926 4017 non
952 3968 1065 4045 snpra
1091 3941 1160 4019 sed
1180 3943 1298 4050 justa.
1322 3942 1470 4019 Deinde
1495 3941 1664 4049 precepit
1685 3942 1791 4050 quod

358 4071 592 4151 oscularetur
617 4099 706 4150 eum
729 4071 770 4147 in
789 4099 878 4160 ano,
911 4087 949 4148 et
968 4099 1057 4148 cum
1076 4072 1156 4179 ipse
1181 4073 1286 4151 testis
1310 4071 1431 4150 nollet
1451 4073 1525 4152 hoc
1543 4073 1682 4166 facere,
1706 4101 1792 4180 pre-

357 4205 456 4312 cepit
470 4203 576 4310 quod
592 4203 826 4281 oscularetur
840 4230 930 4279 eum
946 4201 1078 4280 saltem
1091 4203 1132 4280 in
1141 4204 1324 4284 umbilico
1338 4233 1451 4312 super
1464 4235 1614 4283 carnem
1627 4203 1788 4298 nudam,

357 4352 394 4413 et
420 4332 493 4412 luit
513 4363 601 4412 eum
625 4333 679 4413 ibi
705 4332 913 4423 osculatus,
943 4333 1113 4442 precepit
1134 4336 1251 4414 eciam
1268 4336 1305 4413 'ei
1330 4336 1435 4442 qnod
1457 4335 1625 4444 predicta
1645 4336 1790 4414 nemini
1835 4329 1840 4340 ’

355 4467 548 4545 revelaret.
576 4451 680 4544 Dixit
707 4465 825 4544 eciam
848 4465 882 4544 ei
915 4467 1023 4574 quod
1047 4466 1244 4546 carnaliter
1270 4485 1417 4576 poterat
1444 4469 1680 4548 commisceri
1707 4467 1791 4549 aliis

355 4597 533 4676 fratribus
558 4597 721 4687 ordinis;
748 4597 822 4675 hoc
847 4612 978 4675 tamen
1011 4625 1090 4676 non
1116 4596 1220 4686 lecit,
1248 4628 1318 4677 nec
1345 4600 1466 4678 credit
1492 4602 1597 4710 quod
1620 4599 1789 4707 predicta

264 4801 266 4806 .
354 4727 485 4807 illicita
505 4729 563 4806 vel
583 4729 654 4808 alia
674 4728 872 4807 inhonesta
893 4745 1069 4808 contenta
1088 4730 1128 4808 in
1144 4731 1309 4810 articulis
1324 4732 1597 4810 intervenirent
1613 4733 1654 4810 in
1668 4758 1790 4840 recep

357 4860 528 4940 cionibus
554 4859 717 4938 aliorum
745 4887 815 4938 nec
839 4877 946 4966 post,
984 4862 1071 4968 quia
1101 4891 1298 4970 nunquam
1328 4864 1438 4956 vidit,
1469 4894 1539 4943 nec
1566 4864 1693 4958 scivit,
1719 4892 1789 4941 nec
