4208 5886
694 515 892 609 moces
921 535 1019 610 ons
1049 535 1351 610 rnururens.
1657 531 1726 608 2ll

304 680 458 758 veritate
475 675 655 769 dicenda3
676 676 737 755 cui
757 674 832 755 fuit
849 676 1062 785 injunctum
1086 677 1190 785 quod
1215 704 1293 755 non
1312 676 1493 755 revelaret
1512 677 1609 756 banc
1624 703 1730 754 suam

306 809 606 918 deposicionem‚
634 835 832 916 quousque
860 808 1119 887 attestaciones
1137 805 1281 886 fuerint
1302 806 1504 915 publicata.

364 941 454 1018 Acta
487 938 642 1016 fuerunt
675 938 746 1016 hec
778 938 841 1015 die
876 954 914 1016 et
942 936 1026 1016 loco
1055 937 1250 1045 predictis,
1284 937 1524 1045 presentibus
1553 936 1731 1048 magistro

308 1069 468 1161 Amisio,
496 1099 558 1148 me
587 1067 843 1149 Floriamonte
867 1067 1086 1158 Dondedei,
1113 1085 1152 1147 et
1174 1069 1257 1148 aliis
1286 1068 1443 1148 notariis
1462 1096 1574 1176 supra
1595 1067 1731 1146 ultimo

307 1201 519 1279 nominatis.

363 1466 453 1544 Post
471 1464 558 1555 bec,
581 1465 644 1544 die
659 1465 817 1548 Veneris
832 1463 872 1543 in
892 1462 1097 1545 crastinum
1113 1461 1368 1555 Ascensionis,
1389 1493 1465 1572 que
1481 1462 1555 1544 suit
1572 1491 1632 1542 ruu
1652 1461 1733 1542 dies

173 1648 180 1662 ·
310 1595 400 1674 dicti
419 1596 559 1674 mensis
581 1597 686 1689 maii,
713 1594 784 1676 luit
809 1596 994 1676 adductus
1015 1597 1064 1675 ad
1082 1596 1314 1702 presenciam
1332 1595 1590 1703 predictorum
1611 1593 1735 1670 domi·

309 1753 446 1804 norum
470 1726 831 1816 commissariorum,
850 1727 890 1804 in
911 1725 1009 1804 dicta
1027 1725 1143 1805 domo
1164 1725 1310 1805 domini
1336 1725 1436 1804 Petri
1457 1725 1505 1802 de
1525 1723 1729 1816 sabaudia,

309 1854 424 1932 frater
441 1855 643 1933 Durandus
663 1856 860 1934 Clrarnerii
882 1856 1063 1949 serviens,
1089 1855 1411 1936 Claromontensis
1431 1854 1608 1942 diocesis,
1628 1852 1734 1932 testis

309 2014 421 2092 supra
441 1986 607 2094 juratus,
629 2003 673 2063 ut
691 1986 898 2093 deponeret
925 1986 1070 2064 dietum
1091 2015 1222 2079 suum,
1243 2013 1314 2064 xxx
1332 2013 1519 2064 annorum
1535 1982 1594 2062 vel
1615 1983 1731 2074 circa,

308 2114 374 2222 qui
398 2115 571 2193 habitum
596 2115 804 2192 voluntarie
828 2115 1022 2194 dimiserat
1042 2133 1080 2194 et
1101 2117 1182 2193 radi
1199 2115 1338 2193 fecerat
1358 2115 1429 2194 sibi
1450 2114 1623 2206 barbam,
1645 2143 1732 2190 cum

308 2273 385 2350 quo
419 2245 643 2352 inquisitum
678 2245 816 2333 fuerat,
847 2244 1043 2324 absolutus
1072 2265 1110 2325 et
1136 2247 1399 2325 reconciliatus
1430 2273 1499 2351 per
1532 2244 1731 2322 dominum

309 2375 528 2482 episcopum
555 2374 921 2454 Claromontensam.
956 2378 1078 2484 Lectis
1105 2394 1232 2454 autem
1264 2393 1302 2455 et
1329 2376 1530 2484 diligenter
1557 2372 1732 2481 expositis
1764 2459 1811 2476 *—

310 2505 381 2584 sibi
410 2505 589 2584 omnibus
620 2522 657 2583 et
682 2506 838 2614 singulis
866 2507 1049 2597 articulis,
1078 2507 1277 2614 respondit
1305 2534 1344 2584 se
1372 2506 1532 2597 nescire,
1558 2534 1629 2582 nec
1654 2533 1733 2582 cre·

311 2636 417 2728 dere,
443 2664 514 2713 uec
539 2636 723 2714 audivisse
745 2636 819 2713 dici
836 2636 884 2714 da
907 2637 1094 2715 contentis
1114 2638 1154 2713 in
1174 2637 1228 2715 eis
1249 2637 1321 2714 nisi
1340 2636 1446 2744 quod
1465 2635 1637 2743 sequitur
1654 2666 1663 2712 ε
1680 2635 1735 2712 vi·

311 2766 449 2844 delicet
467 2767 571 2874 quod
584 2768 664 2873 ipse
675 2782 848 2873 receptus
864 2766 1002 2861 fuerat,
1023 2769 1063 2844 in
1079 2769 1257 2846 Pascbate
1273 2766 1444 2875 proximo
1461 2767 1639 2872 preterita
1652 2766 1735 2843 fue-

310 2913 402 2974 runt
419 2922 481 2976 vlu
497 2899 603 2986 anni,
619 2925 688 3003 per
706 2895 860 2973 fratrem
877 2898 1033 2974 Petrum
1047 2898 1095 2975 de
1110 2899 1257 2976 Medico
1278 2899 1489 3004 quondam,
1511 2898 1550 2974 in
1571 2897 1734 3004 quadam

233 3079 236 3088 .
311 3054 456 3104 camera
477 3026 614 3104 domus
627 3026 780 3134 Templi
802 3027 849 3104 de
870 3025 986 3107 Callis
1001 3026 1325 3106 Claromontensis
1349 3027 1524 3117 diocesis,
1551 3023 1735 3133 presenti-

311 3155 383 3234 bus
401 3155 577 3234 lratribus
596 3155 769 3235 lohanne
790 3155 957 3234 Senandi
977 3172 1016 3233 et
1033 3159 1191 3266 Hugone
1214 3157 1429 3247 Cbamerii,
1444 3154 1606 3233 testibus
1625 3183 1736 3260 supra
1759 3139 1763 3153 ⁵

312 3285 556 3374 examinatis‘
574 3302 612 3362 et
633 3283 844 3363 Humberto
871 3284 1085 3378 Cbamerii,
1111 3285 1178 3393 qui
1206 3285 1350 3394 aufugit
1376 3285 1416 3361 in
1442 3285 1617 3391 capcione
1644 3283 1737 3362 alio-

311 3443 415 3506 rum,
445 3432 484 3492 et
501 3415 685 3493 Durando
710 3415 907 3494 Cbamerii
935 3413 1126 3492 defuncto.
1153 3413 1185 3492 A
1214 3443 1292 3522 quo
1317 3433 1511 3522 receptore
1541 3414 1657 3521 petita
1676 3442 1737 3492 so-

312 3544 445 3622 cietate
475 3545 619 3623 ordinis
654 3561 692 3622 at
720 3544 754 3622 ci
784 3570 978 3637 concessa,
1006 3544 1095 3622 fecit
1127 3573 1215 3622 eum
1245 3573 1377 3624 vovere
1410 3561 1448 3622 et
1469 3545 1598 3652 jurare
1624 3574 1738 3651 supra
1851 3543 1855 3550 ’

312 3657 533 3782 quemdam?
550 3674 695 3753 librum
733 3675 957 3768 castitatem,
985 3675 1265 3766 obedienciam,
1296 3676 1419 3754 vivere
1448 3675 1530 3752 sine
1561 3675 1735 3780 proprio,

313 3833 456 3883 servare
475 3804 598 3883 bonos
617 3833 709 3882 usus
724 3805 789 3912 qui
804 3821 895 3883 tunc
916 3823 1022 3882 erant
1040 3807 1079 3882 in
1095 3806 1228 3884 ordine
1250 3823 1288 3884 et
1307 3807 1372 3913 qui
1394 3807 1433 3882 in
1451 3821 1646 3911 posterum
1666 3806 1738 3882 im-

312 3952 545 4042 ponerentur
553 3964 621 4042 per
630 3935 850 4044 Magistrum
859 3965 946 4012 cum
960 3937 1119 4014 concilio
1129 3936 1426 4044 presbiterorum
1441 3935 1587 4013 ordinis
1597 3969 1607 4026 ς
1617 3952 1655 4012 et
1664 3935 1737 4010 im·
1829 3917 1835 3928 ⁴

313 4065 435 4170 posito
452 4064 524 4142 sibi
544 4064 743 4154 mantello,¹
767 4082 939 4171 receptor
963 4064 1035 4143 luit
1049 4067 1238 4145 osculatus
1259 4065 1384 4173 ipsum
1404 4078 1540 4142 testam
1561 4065 1600 4142 in
1616 4063 1739 4142 umbi·

313 4195 386 4272 lico
410 4223 521 4303 supra
540 4212 679 4286 vestes,
707 4211 744 4273 et
763 4195 869 4274 testis
887 4195 1013 4303 ipsum
1035 4213 1072 4274 et
1098 4197 1191 4276 alios
1211 4215 1373 4276 astantes
1389 4198 1429 4274 in
1452 4223 1529 4274 ore.
1551 4198 1641 4275 Post
1663 4223 1738 4302 que

315 4323 437 4404 dietus
456 4321 629 4432 recapto‘r
650 4324 744 4402 dixit
764 4326 799 4402 ei
817 4325 923 4432 quod
943 4353 986 4403 ex
1006 4343 1182 4432 precepto
1207 4327 1351 4406 ordinis
1371 4325 1536 4404 debebat
1553 4326 1738 4434 abnegare

314 4455 489 4542 lhesum,
511 4472 549 4534 et
564 4455 644 4563 ipsc
658 4455 765 4534 testis
783 4455 979 4563 abnegavit
999 4485 1082 4546 ore,
1103 4483 1181 4534 non
1205 4458 1330 4560 corde.
1352 4457 1501 4536 Deinde
1524 4455 1634 4534 allata
1653 4485 1742 4563 qua·

316 4583 403 4662 dam
419 4613 529 4663 cruce
547 4585 672 4694 lignea
691 4585 731 4662 in
754 4614 828 4694 qua
857 4603 937 4664 erat
965 4615 1098 4696 ymago
1114 4585 1290 4665 Crucilixi
1307 4615 1377 4695 per
1394 4587 1548 4664 fratrem
1566 4585 1741 4666 Guisber·

314 4729 397 4791 tum
428 4715 475 4792 de
502 4715 651 4796 Carlato
678 4717 960 4824 presbyterum,
993 4717 1230 4809 defunctum,
1262 4717 1327 4825 qui
1356 4717 1474 4795 eciam
1500 4716 1671 4806 adherat,
1703 4733 1741 4795 et

315 4872 426 4953 supra
442 4845 634 4952 quoddam
650 4875 846 4925 scamnum
861 4845 1057 4939 collocata,
1078 4848 1246 4954 precepit
1261 4849 1295 4926 ei
1308 4849 1431 4927 dictus
1450 4865 1623 4954 receptor
1634 4847 1740 4953 quod

420 4985 526 5045 raoels
549 5003 602 5046 nes
623 5003 892 5047 restauruns—u.
1549 4983 1586 5044 δι
