4242 5890
688 536 888 631 esoces
914 554 1009 628 ons
1035 555 1341 629 rxurnvnus.
1649 556 1722 631 sus

292 700 551 804 juramentum
573 723 687 774 suum
713 697 833 804 quod,
859 713 944 803 post
962 696 1099 774 multas
1123 697 1390 804 promissiones
1407 696 1454 774 ab
1478 724 1524 775 eo
1537 691 1654 775 ¹iactas
1677 699 1723 776 de

254 933 259 940 .
297 827 443 904 statutis
460 843 499 904 et
516 825 765 906 observanciis
783 827 873 906 dicti
891 827 1035 906 ordinis
1056 828 1314 918 observandis,
1338 843 1378 936 et
1390 827 1566 906 mantello
1586 829 1658 906 sibi
1676 829 1724 906 ad

297 956 434 1036 collum
447 958 588 1063 posito,
605 957 727 1036 dictus
738 957 924 1064 recipiens
937 958 1104 1036 ostendit
1116 958 1188 1036 sibi
1199 986 1349 1036 crucem
1364 958 1404 1035 in
1415 986 1489 1066 qua
1500 975 1578 1034 crat
1591 985 1723 1065 ymago

295 1088 412 1168 lhesu
431 1087 587 1178 Christi,
609 1104 647 1166 et
664 1089 832 1195 precepit
846 1087 917 1166 sibi
932 1086 1073 1194 pluries
1092 1089 1197 1195 quod
1221 1089 1423 1196 abnegaret
1440 1089 1597 1166 lbesum
1617 1087 1726 1166 Chri-

298 1235 414 1307 stum,
441 1237 479 1296 et
502 1219 607 1326 quod
631 1236 783 1324 spueret
805 1247 916 1326 supra
943 1247 1103 1296 crucem.
1124 1219 1226 1298 Dixit
1246 1219 1364 1296 eciam
1387 1246 1456 1324 per
1469 1219 1725 1326 juramentum

298 1377 405 1424 suum
420 1349 524 1455 quod
536 1375 605 1454 per
616 1347 837 1426 violenciam
851 1366 889 1427 et
901 1365 1028 1427 contra
1039 1349 1269 1428 voluntatem
1282 1376 1388 1429 suam
1400 1348 1594 1456 abnegavit
1608 1348 1725 1426 semel

298 1506 379 1568 ore,
402 1495 441 1563 st
458 1486 536 1557 n'on
559 1479 691 1570 corde,
719 1496 757 1559 et
778 1507 857 1557 non
876 1479 1025 1556 videtur
1047 1479 1119 1556 sibi
1139 1479 1243 1587 quod
1258 1495 1409 1585 spueret
1428 1507 1538 1587 supra
1561 1509 1723 1557 crucem.

296 1610 545 1718 Interrogatus
570 1610 618 1688 de
640 1610 787 1700 osculo,
812 1598 906 1688 dixit
927 1639 997 1718 per
1006 1610 1262 1718 juramentum
1281 1638 1391 1687 suum
1413 1611 1518 1716 quod
1538 1609 1725 1687 osculatus

297 1739 368 1818 fuit
387 1741 629 1847 recipientem
647 1741 688 1818 in
706 1740 889 1820 umbilico
908 1757 945 1818 ct
964 1740 1005 1817 in
1026 1768 1105 1819 ore.
1124 1740 1226 1820 Dixit
1251 1739 1367 1818 eciam
1384 1767 1452 1846 per
1466 1739 1725 1847 juramentum

297 1899 408 1948 suum
429 1871 533 1986 quod
554 1871 698 1950 dictum
717 1871 790 1949 luit
809 1870 881 1949 sibi
901 1871 1007 1978 quod
1027 1871 1057 1948 si
1077 1888 1274 1977 urgeretur
1288 1869 1409 1948 calore
1425 1869 1599 1960 naturali,
1622 1869 1726 1976 quod

298 2001 557 2079 commisceret
582 2029 623 2080 se
648 2001 935 2080 cumfratribus
962 2000 1053 2078 dicti
1076 2000 1232 2079 ordinis.
1259 2000 1361 2078 Dixit
1385 2017 1512 2076 tamen
1536 2027 1605 2108 per
1623 2000 1728 2108 jura-

296 2148 467 2208 mentum
492 2159 602 2208 suum
630 2131 733 2238 quod
760 2159 954 2237 nunquam
981 2129 1085 2222 lecit,
1112 2159 1183 2210 nec
1201 2130 1249 2207 ab
1273 2129 1399 2236 aliquo
1423 2129 1495 2232 luit
1513 2131 1725 2237 requisitus.

296 2260 399 2340 Dixit
419 2261 534 2338 eciam
553 2289 622 2368 per
634 2263 890 2369 juramentum
910 2289 1020 2338 suum
1040 2259 1145 2368 quod
1165 2259 1284 2339 credit
1302 2258 1407 2366 quod
1429 2288 1560 2339 omnes
1580 2260 1642 2337 alii
1661 2260 1726 2337 tali

298 2392 415 2470 modo
426 2392 665 2498 recipiantur.
684 2393 937 2497 Interrogatus
953 2409 1081 2470 utrum
1101 2390 1135 2468 vi
1150 2408 1442 2478 tormentorum,
1459 2389 1517 2467 vel
1531 2407 1635 2466 metu
1650 2419 1727 2466 car-

300 2521 409 2612 ceris,
430 2522 488 2599 vel
502 2521 572 2598 alia
589 2551 713 2610 causa,
730 2521 822 2602 dixit
836 2521 1001 2628 aliquam
1015 2520 1213 2599 salsitatem
1225 2519 1285 2598 vel
1299 2520 1545 2598 immiscuerit
1559 2520 1599 2596 in
1615 2521 1728 2626 depo·

300 2651 443 2729 sicione
453 2680 534 2740 sua,
552 2650 645 2732 dixit
658 2679 726 2758 per
735 2652 991 2758 juramentum
1004 2679 1116 2728 suum
1129 2650 1233 2758 quod
1247 2678 1343 2740 non3
1355 2649 1473 2728 immo
1488 2649 1581 2726 dixit
1594 2679 1726 2758 puram

299 2800 504 2862 veritatem.

355 3048 448 3124 ltem
461 3045 575 3124 lrater
592 3047 783 3124 lohannes
805 3047 852 3124 de
867 3046 1085 3135 Cormcliis,
1109 3045 1216 3123 etatis
1232 3045 1421 3153 sexaginta
1441 3072 1647 3133 annorum,
1664 3045 1728 3151 ju-

298 3193 399 3254 ratus
420 3176 555 3255 eodem
576 3176 691 3254 modo
713 3178 760 3254 de
780 3205 820 3254 se
842 3194 879 3254 et
898 3176 979 3254 aliis
999 3177 1039 3254 in
1058 3205 1168 3254 causa
1187 3175 1278 3253 fidei
1305 3176 1430 3254 dicere
1449 3175 1663 3264 veritatem,
1691 3192 1729 3251 et

299 3306 545 3416 interrogatus
559 3306 607 3384 de
621 3325 792 3414 tempore
810 3324 847 3385 et
860 3309 978 3385 modo
994 3335 1061 3385 sue
1076 3308 1323 3414 recepcionis‚
1347 3307 1439 3383 dixit
1459 3333 1526 3412 pcr
1539 3307 1729 3414 juramen·

297 3455 379 3515 tum
398 3466 510 3516 suum
528 3439 633 3544 quod
654 3455 825 3543 receptus
843 3436 916 3515 luit
935 3437 1036 3543 apud
1054 3436 1203 3515 bellum
1218 3437 1351 3516 Visum
1373 3437 1414 3518 in
1434 3435 1644 3516 Gastinesio
1662 3437 1730 3513 Se-

299 3569 477 3646 nonensis
501 3569 689 3659 diocesis„
705 3567 906 3647 tresdecim
930 3568 1017 3644 anni
1047 3585 1136 3645 sunt
1164 3567 1296 3674 elapsi,
1321 3595 1390 3672 pcr
1412 3566 1564 3643 lratrem
1589 3565 1728 3680 liedul-

298 3699 419 3806 phum
437 3699 484 3776 de
502 3699 732 3788 Hardiviller‚
749 3697 986 3804 presentibus
996 3696 1174 3775 iratribus
1188 3699 1298 3775 Petro
1309 3697 1453 3774 Picardi
1469 3711 1507 3773 et
1521 3695 1727 3775 Guillelmo

300 3828 458 3936 agricola
484 3829 582 3907 dicte
598 3829 750 3919 domus,
770 3847 808 3907 et
820 3828 1048 3936 quibusdam
1063 3827 1143 3906 aliis
1163 3829 1210 3904 de
1226 3855 1391 3934 quorum
1413 3825 1630 3906 nominibus
1649 3853 1727 3903 non

299 3959 441 4038 recolit.
457 3957 557 4036 Dixit
573 3959 689 4037 eciam
707 3987 775 4065 per
785 3959 1046 4066 juramentum
1059 3985 1172 4035 suum
1187 3957 1309 4064 quod,
1323 3971 1408 4064 post
1424 3955 1560 4034 multas
1571 3954 1729 4060 promis·

299 4090 423 4167 sioncs
441 4089 489 4166 de
507 4089 749 4167 observandis
763 4089 913 4198 secretis
929 4107 966 4167 ct
984 4089 1130 4167 statutis
1144 4087 1236 4165 dicti
1250 4086 1394 4164 ordinis
1410 4085 1543 4172 lactas,
1564 4101 1728 4191 apostata

299 4219 370 4296 fuit
381 4219 451 4297 sibi
467 4221 632 4326 quedam
653 4249 743 4298 crux
760 4221 801 4297 in
820 4248 895 4326 qua
909 4237 988 4298 erat
1003 4219 1148 4326 depicta
1162 4217 1411 4325 imagolbesu
1421 4215 1574 4307 Christi,
1591 4233 1728 4292 cttunc

297 4352 465 4459 precepit
484 4351 554 4428 sibi
576 4350 697 4428 dictus
719 4351 904 4459 recipiens
929 4349 1037 4456 quod
1057 4348 1260 4457 abnegaret
1277 4348 1432 4426 ihesum
1453 4346 1643 4426 Christum
1662 4377 1727 4424 cu-

293 4482 356 4590 jus
381 4483 504 4589 imago
528 4501 607 4560 erat
631 4483 701 4572 ihi,
732 4500 769 4559 ct
794 4499 947 4589 spueret
970 4509 1082 4587 supra
1111 4507 1262 4557 crucem
1285 4478 1361 4570 bis3
1387 4477 1492 4585 quod
1513 4479 1592 4585 ipse
1618 4476 1724 4566 lecit,

297 4630 342 4690 ut
359 4613 463 4692 dixit.
485 4605 585 4692 Dixit
604 4614 722 4691 eciam
742 4641 810 4720 per
823 4611 1082 4719 juramentum
1101 4637 1212 4688 suum
1237 4609 1343 4716 quod
1367 4608 1556 4688 osculatus
1580 4608 1653 4687 fuit
1676 4608 1728 4686 di-

299 4759 401 4822 ctum
420 4745 664 4851 recipientem
688 4744 729 4820 in
748 4741 928 4822 umbilico
954 4760 994 4820 et
1011 4742 1051 4818 in
1077 4749 1142 4820 ore
1162 4741 1299 4848 solum.
1325 4739 1427 4819 Dixit
1447 4739 1563 4818 eciam
1587 4767 1655 4846 per
1663 4741 1727 4846 ju-·

299 4894 512 4954 ramentum
532 4902 645 4952 suum
666 4873 772 4982 quod
788 4870 1025 4982 prohibitum
1047 4872 1119 4952 luit
1139 4872 1210 4952 tibi
1233 4899 1281 4951 nc
1301 4872 1561 4951 commisceret
1580 4897 1618 4948 se
1641 4897 1725 4945 cum

385 5031 492 5096 erocls
506 5049 559 5091 nes
574 5047 747 5092 marcisus.
763 5063 805 5076 -
821 5050 852 5090 u.
1515 5033 1553 5096 tt
