4320 5898
376 489 398 560 o
771 466 966 561 procus
992 487 1087 560 uus
1113 488 1414 562 'instaurans

373 645 613 755 presentibus
643 644 713 722 nisi
739 643 916 724 fratribus
944 645 1101 725 ordinis.
1131 647 1310 728 Cordulis
1340 649 1587 757 cingebantur
1609 679 1720 760 supra
1754 683 1808 732 ca·

374 778 516 869 midas,
534 807 626 886 quas
644 777 876 885 recipiebant
890 779 995 856 unde
1008 779 1198 860 volebant.
1221 782 1438 890 lnjunctum
1458 783 1582 861 fuitei
1604 787 1709 892 quod
1729 813 1806 866 nou

374 911 555 988 revelaret
575 928 715 988 secreta
731 909 1000 1017 capitulorum,
1026 941 1102 990 non
1118 913 1214 990 facta
1230 913 1301 1004 alia
1321 915 1518 994 mencione
1540 916 1588 994 de
1611 919 1727 996 modo
1747 947 1807 996 re-

376 1042 582 1150 cepcionis;
602 1071 680 1120 non
697 1059 825 1120 tamen
835 1041 988 1150 juravit.
1011 1043 1051 1122 Si
1068 1063 1175 1123 erant
1195 1046 1311 1155 aliqui
1330 1048 1398 1156 qui
1418 1065 1583 1127 secretos
1602 1076 1748 1128 errores
1767 1052 1806 1128 in

376 1176 509 1253 ordine
519 1175 668 1266 scirent,
681 1174 914 1284 negligentes
929 1174 1086 1262 luerunt
1101 1178 1190 1285 quia
1205 1207 1283 1257 non
1295 1180 1617 1268 denunciaverunt
1627 1182 1804 1260 Ecclesie.

375 1307 671 1386 Elemosinas·et
697 1305 990 1414 hospitalitatem
1016 1307 1111 1387 vidit
1134 1311 1403 1390 convenienter
1429 1312 1512 1390 fieri
1540 1328 1578 1389 et
1606 1315 1742 1392 servari
1766 1315 1806 1391 in

377 1438 557 1516 domibus
573 1437 717 1518 ordinis
742 1439 781 1514 in
806 1438 945 1546 quibus
966 1438 1039 1517 luit
1060 1459 1309 1521 conversatus.
1331 1443 1419 1521 Fuit
1443 1443 1515 1522 sihi
1537 1423 1683 1522 dictum
1702 1445 1806 1553 quod

376 1589 596 1677 procuraret
612 1570 816 1649 utilitatem
836 1571 980 1648 ordinis
994 1573 1114 1682 juste,
1132 1603 1209 1654 non
1227 1592 1355 1656 tamen
1373 1575 1448 1653 fuit
1465 1576 1607 1653 dictum
1624 1577 1730 1684 quod
1750 1578 1809 1657 in-

372 1705 488 1812 juste.
507 1703 640 1783 Credit
656 1705 761 1810 quod
777 1715 881 1781 totus
903 1704 998 1782 ordo
1018 1726 1200 1786 servasset
1214 1707 1312 1786 illud
1329 1708 1434 1816 quod
1452 1735 1609 1816 magnus
1631 1709 1808 1817 Magister

377 1865 466 1914 cum
489 1853 676 1914 conventu
694 1834 894 1914 statuisset.
909 1835 1075 1922 Grandia
1093 1838 1284 1933 scandala,
1306 1840 1470 1946 suspicio
1489 1857 1527 1918 et
1545 1839 1699 1918 infamia
1720 1859 1807 1919 sunt

320 2017 323 2024 .
378 1985 504 2047 exorta
523 1996 627 2045 nunc
642 1984 771 2044 contra
791 1967 977 2046 ordinem.

433 2098 652 2207 Requisitus
667 2098 697 2176 si
713 2099 765 2178 sic
782 2099 1007 2208 deposuerat
1024 2129 1152 2208 prece,
1174 2119 1370 2210 precepto,
1383 2104 1538 2195 timore,
1558 2132 1703 2197 amore,
1717 2105 1807 2182 odio

376 2230 435 2309 vel
449 2230 650 2338 temporali
669 2230 830 2310 comodo
854 2229 986 2310 habito
998 2232 1057 2310 vel
1072 2233 1266 2325 habendo,
1285 2235 1483 2340 respondit
1503 2235 1609 2342 quod
1629 2263 1723 2324 non,
1740 2236 1807 2312 sed

365 2373 445 2470 ,pro
468 2361 623 2442 veritate
648 2361 827 2450 dicenda;
852 2363 912 2438 cui
936 2363 1010 2439 fuit
1031 2363 1246 2470 injunctum
1275 2365 1383 2471 quod
1406 2392 1483 2443 non
1507 2367 1688 2443 revelaret
1712 2367 1808 2444 hanc

377 2519 485 2570 suam
505 2493 790 2602 deposicionem
811 2519 1014 2600 quousque
1035 2494 1298 2573 attestaciones
1313 2494 1455 2574 fuerint
1475 2496 1677 2604 publicate.

386 2691 389 2700 ,
434 2624 844 2706 Actafueruuthecdie
862 2624 1805 2736 etlocopredictis,presentibusmagistrodmisio,

241 2831 246 2836 .
378 2781 441 2832 me
455 2757 713 2836 Floriamonte
729 2755 950 2847 Dondedei,
973 2775 1011 2834 et
1031 2756 1114 2836 aliis
1128 2758 1284 2837 notariis
1304 2788 1416 2865 supra
1432 2759 1569 2837 ultimo
1590 2759 1806 2837 nominatis.

433 3023 523 3098 Post
535 3021 618 3112 hec,
634 3019 696 3098 die
712 3021 819 3096 Lune
836 3021 1022 3125 sequenti,
1041 3047 1116 3127 que
1132 3018 1205 3098 suit
1222 3045 1285 3100 vm
1302 3021 1383 3098 dies
1399 3020 1490 3098 dicti
1504 3021 1646 3100 mensis
1666 3022 1806 3110 Marcii,
1892 3043 1895 3048 ·

272 3161 281 3167 “
378 3153 534 3230 luerunt
567 3151 721 3230 adducti
749 3178 820 3257 pro
851 3150 1012 3228 testibus
1053 3151 1101 3228 ad
1132 3151 1364 3257 presenciam
1396 3179 1531 3229 eorum
1562 3154 1806 3232 dominorum

379 3281 735 3370 commissariorum,
755 3282 794 3357 in
815 3282 932 3359 domo
953 3281 1121 3388 predicta
1141 3280 1299 3359 fratrum
1321 3282 1526 3371 Mineruio,
1548 3281 1680 3362 fratres
1700 3285 1809 3364 Guil-

378 3415 516 3492 lelmus
531 3413 578 3491 de
589 3413 755 3523 Torrage
770 3409 880 3490 miles
890 3413 1146 3504 Carnotensis,
1156 3412 1387 3492 Guillelmus
1398 3415 1475 3492 deu
1488 3415 1601 3524 Liege
1610 3431 1810 3522 preceptor

379 3546 428 3627 de
443 3545 619 3654 Rupella,
640 3547 679 3622 P.
696 3543 911 3623 Theobaldi
924 3561 1123 3653 preceptor
1136 3544 1183 3624 de
1198 3546 1331 3625 Castro
1344 3546 1524 3625 Bernardi
1539 3548 1806 3636 Xantoneusis,

378 3695 416 3756 et
444 3677 569 3756 Helias
600 3676 794 3786 Raynaudi
824 3677 1155 3784 Petregoricensis,
1185 3665 1385 3784 preceptor
1413 3677 1552 3784 domus
1582 3676 1734 3786 Templi
1762 3681 1808 3756 de

377 3812 538 3919 Dongno
560 3811 720 3888 diocesis
736 3809 1003 3899 Xantonensis‚
1026 3807 1257 3887 Guillelmus
1276 3807 1409 3885 Terice
1428 3809 1740 3900 Cenomanensis,
1772 3829 1809 3887 et

376 3943 544 4020 Thomas
565 3942 612 4018 de
637 3937 851 4047 Panpalona
875 3957 1074 4048 preceptor
1096 3941 1234 4018 domus
1256 3938 1427 4018 d'Averin
1449 3940 1487 4016 in
1513 3943 1694 4019 Navernia
1713 3943 1809 4018 Pan-

377 4072 609 4180 palonensis,
633 4089 669 4150 et
686 4072 823 4150 domus
844 4073 891 4150 de
914 4069 1171 4152 RibaForada
1196 4072 1515 4150 Therasconensis
1534 4073 1705 4151 diocesis.
1731 4073 1808 4166 Qui

376 4206 483 4284 tactis
496 4204 737 4283 sacrosanctis
749 4203 1189 4312 Evangeliisjuraverunt
1204 4204 1328 4282 dicere
1345 4203 1384 4279 iu
1399 4203 1472 4282 isto
1485 4204 1642 4313 negocio
1656 4203 1808 4311 plenam

379 4353 417 4413 et
433 4361 577 4413 meram
597 4335 804 4426 veritatem,
829 4336 1041 4414 secundum
1060 4334 1222 4414 formam
1237 4335 1445 4445 juramenti
1466 4335 1628 4413 aliorum
1653 4333 1809 4413 testium

378 4467 552 4574 superius
565 4467 814 4576 registratam,
831 4467 1038 4575 expositam
1060 4487 1097 4545 et
1111 4466 1374 4576 vulgarizatam
1394 4466 1550 4546 eisdem.

436 4730 523 4824 Quo
547 4729 661 4821 facto,
688 4729 810 4810 dictus
828 4729 943 4808 frater
957 4725 1187 4810 Guillelmus
1207 4731 1256 4808 de
1276 4729 1395 4839 Liege
1410 4731 1591 4820 serviens,
1609 4746 1810 4837 preceptor
1883 4729 1885 4733 ’
1993 4740 2001 4763 ’

379 4860 426 4942 de
441 4862 600 4970 Rupella
617 4864 867 4942 Xantonensis
883 4864 1059 4956 diocesis,
1076 4863 1182 4942 testis
1202 4891 1314 4970 supra
1328 4863 1488 4972 juratus,
1506 4861 1730 4941 mantellum
1748 4888 1810 4939 or-
