4242 5890
384 581 456 652 sss
526 591 528 596 ’
771 554 1088 650 raoctsons
1118 569 1417 647 rsurtmns.

382 720 481 797 dinis
502 718 607 825 quod
627 717 707 824 ipse
728 719 799 794 iret
818 718 865 794 ad
886 717 1016 793 fratres
1036 743 1139 805 suos,
1164 732 1201 791 et
1221 714 1377 792 haberet
1397 741 1477 788 rem
1499 739 1584 789 cum
1607 711 1661 788 eis
1681 730 1718 790 et
1737 713 1806 820 ipsi

381 878 526 937 secum,
549 877 661 955 quam
679 847 757 953 ipse
774 846 911 924 laceret
930 846 1047 923 aliud.

436 981 531 1057 Item
546 978 641 1054 dixit
655 1005 723 1083 per
735 978 990 1084 juramentum
1012 975 1117 1081 quod
1132 976 1184 1062 vi,
1197 975 1255 1051 vel
1270 992 1372 1052 metu
1392 973 1548 1050 carceris
1566 990 1629 1050 aut
1647 990 1807 1051 tormen-

380 1127 523 1195 torum,
547 1135 624 1185 non
646 1107 739 1183 dixit
758 1105 862 1183 aliud
882 1134 996 1212 quam
1014 1105 1226 1194 veritatem,
1247 1128 1317 1180 nec
1336 1104 1376 1181 in
1395 1103 1586 1211 premissis
1604 1103 1808 1181 immiscuit

383 1241 545 1346 aliquam
565 1237 782 1325 falsitatem,
805 1255 870 1313 aut
885 1236 1067 1315 subticuit
1082 1237 1292 1324 veritatem,
1312 1250 1348 1312 et
1362 1233 1467 1340 quod
1477 1262 1608 1339 puram
1617 1235 1806 1312 veritatem

383 1370 476 1446 dixit
491 1397 560 1475 pro
578 1367 696 1446 salute
713 1369 836 1444 anime
857 1395 934 1445 sue.

438 1633 531 1707 ltem
547 1659 662 1719 anno,
679 1629 887 1717 indicione,
906 1627 1146 1735 pontificatu,
1161 1654 1259 1704 anno
1274 1641 1312 1703 et
1327 1625 1387 1703 die
1402 1623 1540 1732 quibus
1552 1653 1682 1731 supra,
1698 1625 1808 1703 frater

383 1761 517 1837 Petrus
534 1760 582 1837 de
592 1759 721 1840 Villari
735 1759 832 1849 Ade,
852 1759 958 1836 etatis
976 1758 1221 1865 quadraginta
1239 1757 1406 1864 quinque
1423 1783 1608 1833 annorum
1620 1755 1679 1831 vel
1695 1755 1804 1844 circe,

382 1908 581 1996 preceptor
600 1889 738 1965 domus
763 1889 809 1965 de
831 1888 1005 1967 Oratorio
1027 1917 1138 1994 super
1156 1886 1361 1975 Autonem,
1385 1887 1521 1963 eodem
1542 1886 1658 1964 modo
1679 1888 1808 1963 consti·

382 2036 502 2107 tutus,
516 2021 665 2126 juratus
684 2035 722 2095 et
740 2020 1003 2125 interrogatus,
1025 2017 1118 2094 dixit
1137 2042 1205 2124 per
1219 2016 1478 2124 juramentum
1495 2043 1608 2112 suum
1622 2017 1724 2124 quod
1737 2017 1808 2095 fuit

383 2165 555 2254 receptus
568 2139 608 2224 in
622 2150 737 2226 domo
759 2151 807 2225 de
823 2147 1050 2255 Laignevilla
1070 2148 1109 2224 in
1124 2147 1353 2234 Belvacinio‚
1368 2170 1437 2254 per
1448 2145 1600 2224 fratrem
1614 2147 1805 2225 Nicolaum

382 2295 641 2385 preceptorem
661 2279 709 2356 de
722 2280 935 2386 Latiguiaco
951 2279 1074 2370 Sicco,
1097 2279 1333 2356 demandato
1353 2277 1519 2356 defuncti
1534 2277 1656 2355 fratris
1670 2277 1808 2356 lohan-

384 2410 442 2484 nis
458 2411 506 2486 de
521 2410 669 2498 Turno,
686 2409 783 2486 bene
796 2425 885 2487 sunt
897 2409 1025 2515 viginti
1044 2408 1121 2485 duo
1137 2409 1221 2485 anni
1242 2410 1355 2515 elapsi
1369 2409 1427 2484 vel
1444 2409 1557 2498 circa,
1573 2407 1808 2513 presentibus

383 2539 494 2616 botre
506 2538 668 2616 Johanni
687 2539 735 2616 de
749 2538 973 2645 Laignevilla
987 2539 1215 2645 presbiter0‚
1233 2555 1271 2614 et
1284 2537 1365 2614 aliis
1379 2537 1466 2614 dicti
1484 2536 1628 2614 ordinis
1642 2537 1705 2642 qui
1722 2555 1807 2613 sunt
1875 2571 1879 2578 ·

384 2670 537 2746 mortui.
889 2697 891 2700 ·

441 2802 535 2874 Item
560 2798 653 2874 dixit
672 2825 739 2902 per
753 2798 1013 2905 juramentum
1034 2825 1144 2874 suum
1163 2797 1284 2905 quod,
1305 2815 1390 2904 post
1404 2797 1664 2904 juramentum
1677 2797 1808 2902 presti-

384 2944 466 3003 tum
482 2946 518 3005 et
527 2929 816 3033 promissionem
829 2929 961 3005 laetam
978 2927 1024 3005 ab
1035 2955 1082 3006 eo
1095 2928 1142 3005 de
1158 2929 1304 3005 statutis
1315 2945 1353 3004 et
1363 2927 1515 3005 secretis
1532 2925 1676 3005 ordinis
1686 2926 1808 3004 obser·

384 3057 527 3146 randis,
552 3059 734 3164 recipiens
760 3061 886 3164 posuit
913 3059 982 3136 sibi
1009 3059 1230 3136 mantellum
1257 3058 1304 3134 ad
1324 3057 1483 3147 collum,
1505 3075 1542 3134 et
1565 3073 1712 3134 ostensa
1736 3055 1806 3132 sibi

385 3187 546 3292 quadem
562 3207 670 3264 cruce
683 3189 804 3294 lignea
820 3217 905 3266 oum
918 3189 1040 3296 effigie
1053 3191 1072 3264 J
1076 3190 1167 3266 besu
1184 3189 1341 3279 Christi,
1354 3189 1537 3295 recipiens
1551 3189 1721 3295 precepit
1737 3186 1806 3262 sibi

385 3317 489 3422 quod
504 3317 705 3423 abnegaret
717 3318 825 3395 illum
839 3320 905 3425 qui
916 3345 1047 3426 passus
1057 3318 1178 3396 fuerat
1188 3321 1226 3396 in
1238 3349 1296 3409 ea,
1311 3336 1348 3397 et
1359 3320 1439 3424 ipse
1452 3320 1516 3426 qui
1526 3318 1808 3425 loquiturrecu-

385 3446 476 3523 savit
491 3446 563 3524 hoc
573 3445 693 3524 lacere
703 3465 793 3526 tunc
807 3479 815 3523 :
828 3464 983 3554 propter
997 3447 1102 3554 qtrod
1112 3449 1295 3556 recipiens
1305 3447 1393 3526 lecit
1406 3477 1493 3526 eum
1510 3449 1599 3554 poni
1614 3449 1653 3524 in
1664 3475 1808 3524 carcere

382 3600 452 3682 per
465 3591 582 3653 totam
603 3576 705 3652 illam
726 3579 826 3656 diem
847 3596 884 3656 et
903 3595 1052 3656 noctem
1068 3594 1306 3684 sequentem,
1329 3593 1367 3656 et
1387 3579 1449 3655 die
1469 3579 1628 3656 crastina
1649 3579 1727 3682 ipse
1744 3576 1806 3681 qui

384 3707 553 3813 loquitur
565 3725 747 3785 extractus
766 3710 814 3785 de
835 3732 997 3798 carcere,
1013 3727 1169 3815 propter
1183 3727 1329 3786 metum
1346 3709 1435 3786 dicti
1452 3709 1625 3797 carceris,
1643 3707 1691 3784 de
1708 3733 1809 3783 man-

386 3835 473 3913 dato
494 3836 724 3942 recipientis,
747 3836 942 3944 abnegarit
962 3839 1068 3916 illum
1088 3839 1154 3945 qui
1174 3863 1303 3945 pessus
1323 3839 1394 3916 luit
1421 3840 1460 3915 in
1485 3839 1582 3917 dicta
1602 3865 1713 3915 cruce
1732 3853 1807 3926 ter;

386 3982 424 4042 et
444 3991 530 4041 cum
552 3965 736 4072 recipiens
755 3969 964 4072 preciperet
982 3968 1053 4044 sibi
1073 3969 1179 4074 quod
1194 3985 1346 4074 spueret
1366 3995 1477 4076 supra
1496 3997 1647 4046 crucem
1668 3983 1704 4044 et
1718 3967 1811 4043 ima-

386 4093 512 4198 ginem
536 4094 740 4198 predictas,
768 4095 846 4198 ipse
871 4093 976 4172 finxit
1002 4123 1041 4172 se
1066 4123 1200 4202 spuere
1229 4123 1338 4203 snpra
1363 4124 1511 4174 crucem
1536 4113 1573 4174 et
1598 4097 1807 4204 ymaginem

386 4222 586 4328 predictus,
604 4241 643 4300 et
658 4225 757 4330 spuit
777 4224 824 4300 ad
842 4243 992 4302 terram
1120 4253 1124 4262 ’

445 4353 536 4430 Item
543 4351 747 4460 dixitquod
754 4354 1018 4432 osculatusluit
1025 4355 1269 4462 recipientem
1278 4357 1317 4434 in
1326 4381 1391 4434 ore
1398 4355 1807 4434 etinumbilicosolum.

443 4483 537 4558 Item
555 4482 650 4559 dixit
673 4509 741 4590 per
753 4483 1010 4590 juramentum
1034 4506 1145 4563 suem
1175 4487 1281 4592 quod
1303 4487 1396 4565 vidit
1420 4487 1572 4564 fratrem
1592 4487 1743 4562 Petrum
1762 4483 1809 4562 de

387 4608 506 4688 Blesis
534 4611 766 4719 capellanum
791 4615 881 4690 dicti
907 4614 1067 4704 ordinis,
1094 4636 1163 4721 per
1187 4614 1338 4692 lratrem
1359 4617 1571 4694 lohannem
1594 4615 1642 4692 de
1662 4615 1807 4701 Turno,

389 4759 426 4818 et
437 4741 587 4819 fiunem
601 4741 744 4820 dictum
756 4745 973 4834 Touxstins,
988 4772 1056 4852 per
1067 4745 1219 4822 fratrem
1234 4745 1476 4852 Radulpbum
1492 4746 1540 4823 de
1555 4745 1652 4833 Gisi,
1668 4761 1706 4822 et
1720 4743 1811 4821 alios

388 4873 436 4950 de
447 4897 608 4980 quorum
621 4873 838 4953 nominibus
851 4901 927 4953 non
939 4875 1088 4966 recolit,
1100 4876 1214 4982 recipi
1228 4877 1363 4954 eodem
1375 4879 1504 4967 modo,
1514 4893 1557 4954 ut
1568 4876 1639 4954 sibi
1651 4875 1808 4952 videtur.
