4208 5886
392 511 462 588 rau
780 496 973 589 procus
999 513 1096 604 nus
1121 515 1420 591 ruurmnas

386 657 448 745 do,
461 673 586 735 contra
597 681 712 764 quem
725 654 1182 764 nuncgrandiescandela,
1194 658 1356 766 suspicio
1366 655 1811 754 etiulamiasunteuorta,

386 804 563 866 etcontra
577 813 692 894 quem
708 786 830 864 dictus
844 785 1021 893 Magister
1033 803 1071 864 et
1087 784 1149 863 alii
1167 785 1348 866 dicuutur
1361 773 1486 896 aliqua
1503 787 1618 868 fauisse
1634 790 1809 883 confessi;

385 918 432 998 ad
453 921 560 1029 cujus
577 916 723 998 ordinis
738 916 1010 996 deffensionem
1028 945 1068 997 se
1085 945 1163 997 uon
1178 917 1379 999 obtulerat.

441 1050 658 1157 Requisitus
675 1049 706 1128 si
721 1049 773 1126 sic
784 1047 1011 1156 deposuerat
1024 1077 1152 1156 prece,
1164 1067 1361 1158 precepto,
1378 1051 1534 1145 timore,
1546 1079 1690 1148 amore,
1707 1055 1810 1146 odio,

386 1181 444 1259 vel
460 1180 657 1288 temporali
670 1179 830 1258 comodo
851 1178 981 1258 habito
997 1179 1056 1256 vel
1071 1179 1268 1272 habendo,
1290 1182 1486 1289 respondit
1505 1183 1612 1289 quod
1631 1212 1728 1279 non,
1745 1185 1813 1265 sed

385 1339 454 1417 pro
471 1311 624 1389 veritate
644 1309 824 1400 diceuda3
846 1309 906 1386 cui
930 1307 1001 1386 fuit
1029 1309 1243 1417 injunctum
1267 1310 1373 1419 quod
1401 1339 1478 1390 non
1507 1313 1690 1393 revelaret
1717 1317 1813 1394 banc

385 1471 492 1520 suam
512 1440 811 1548 deposicionem,
829 1466 1030 1547 quousque
1047 1441 1305 1520 attestaciones
1323 1440 1466 1522 luerint
1484 1442 1687 1550 publicato.

440 1570 529 1650 Acta
547 1570 702 1650 luerunt
715 1570 787 1647 hec
803 1569 914 1646 dictis
928 1568 990 1648 die
1010 1587 1049 1649 et
1070 1570 1175 1664 loco,
1196 1570 1434 1678 presentibus
1447 1573 1626 1681 magistro
1644 1573 1808 1665 Amisio:

384 1731 445 1780 me
462 1701 715 1780 Floriamonte
730 1698 950 1794 Dondedei,
970 1715 1008 1778 et
1021 1700 1105 1780 aliis
1120 1701 1276 1781 notariis
1289 1729 1401 1810 supra
1417 1702 1552 1782 ultimo
1567 1705 1781 1784 nominatis,

442 1967 531 2044 Post
556 1965 645 2056 hec,
667 1963 729 2042 die
754 1964 929 2044 Mercurii
956 1963 1146 2072 sequenti,
1172 1991 1248 2074 que
1273 1963 1346 2044 luit
1373 1966 1455 2044 dies
1474 1991 1523 2046 vu
1552 1967 1640 2045 dicti
1671 1969 1811 2048 mensis

386 2094 529 2204 aprilis,
557 2093 631 2172 luit
650 2094 836 2173 adductus
859 2097 907 2173 ad
933 2095 1165 2202 presenciam
1191 2095 1415 2175 eorumdem
1440 2087 1684 2176 dominiorum
1708 2126 1811 2176 com-

385 2226 658 2315 missariorum,
687 2225 726 2302 in
752 2225 868 2304 domo
896 2225 1064 2332 predicta
1091 2225 1236 2304 domini
1266 2226 1366 2304 Petri
1392 2226 1440 2306 de
1472 2225 1676 2321 Sebaudia,
1697 2225 1811 2306 frater

384 2355 614 2438 Guillelmus
633 2355 680 2432 de
707 2354 867 2464 Plexsyo
892 2356 1073 2449 serviem,
1101 2356 1339 2434 Ebroicensis
1360 2356 1538 2447 diocesis,
1567 2357 1672 2436 testis
1698 2387 1809 2466 supra

379 2491 542 2596 juratus,
561 2501 603 2562 ut
618 2485 827 2592 deponeret
841 2485 985 2563 dictum
1000 2513 1131 2574 suum,
1146 2485 1491 2595 quinquagenarius
1505 2485 1564 2565 vel
1577 2488 1690 2578 circa,
1707 2513 1810 2566 man-

383 2618 518 2696 tellum
537 2615 682 2694 ordinis
705 2630 743 2692 et
766 2614 923 2694 barbam
944 2614 1150 2706 defferens,
1172 2615 1369 2694 absolutus
1390 2633 1429 2694 et
1454 2597 1718 2695 reconciliatus
1741 2645 1809 2723 per

384 2748 584 2827 dominum
612 2744 935 2852 archiepiscopum
959 2748 1243 2836 Turonensem,
1272 2746 1338 2852 qui
1362 2745 1607 2852 inquisiverat
1627 2773 1715 2824 curn
1745 2771 1809 2826 eo·

385 2879 492 2968 dem;
511 2895 549 2956 et
568 2875 840 2984 protestacione
859 2875 1038 2982 premissa
1058 2875 1163 2982 quod
1183 2901 1260 2954 non
1277 2874 1442 2953 intendit
1457 2875 1635 2954 recedere
1655 2903 1677 2952 a
1695 2874 1810 2984 depo-

385 3009 524 3087 sicione
541 3034 609 3114 per
628 3034 716 3083 eum
744 3004 839 3083 lacta
865 3033 988 3084 coram
1019 3005 1119 3084 dicto
1140 3003 1298 3083 domino
1321 3004 1619 3112 archiepiscopo,
1640 3004 1747 3084 lectis
1773 3024 1809 3087 et

386 3138 586 3245 diligenter
602 3136 780 3244 expositis
803 3133 875 3214 sibi
896 3135 1074 3213 omnibus
1101 3151 1139 3212 et
1164 3133 1322 3243 singulis
1341 3133 1526 3224 articulis,
1555 3134 1751 3240 respondit
1769 3163 1808 3212 se

386 3267 547 3356 nescire,
568 3293 637 3344 nec
653 3265 825 3355 credere,
847 3293 917 3343 nec
931 3263 1114 3342 audivisse
1134 3263 1207 3341 dici
1221 3261 1270 3341 de
1283 3263 1470 3340 contentis
1483 3263 1523 3340 in
1539 3263 1593 3342 eis
1609 3263 1681 3342 nisi
1705 3265 1809 3371 quod

386 3398 556 3505 sequitur
567 3428 576 3475 ε
589 3395 692 3475 Dixit
710 3421 875 3501 namque
893 3422 934 3473 se
950 3391 1065 3472 luisse
1080 3408 1275 3500 receptum
1291 3392 1332 3470 in
1349 3391 1492 3498 capella
1508 3391 1646 3470 domus
1658 3390 1807 3500 Templi

386 3529 433 3605 dc
457 3525 596 3604 Arvilla
616 3525 856 3604 Carnotensis
876 3523 1054 3612 diocesis,
1076 3523 1117 3600 in
1137 3523 1303 3631 presenti
1322 3521 1636 3631 Quadragessima
1655 3521 1809 3600 luerunt

383 3657 529 3736 circiter
540 3683 601 3736 sxr
619 3655 728 3746 anni,
749 3682 818 3762 per
835 3652 989 3732 fratrem
1003 3652 1254 3734 Guillelmum
1275 3653 1399 3734 Gandi
1418 3653 1580 3730 militem
1595 3650 1804 3760 quondam,

382 3805 471 3865 tunc
482 3802 743 3894 preceptorem
757 3784 920 3863 baillivis
934 3783 1192 3874 Carnotensis,
1209 3783 1448 3892 presentibus
1457 3781 1634 3860 iratribus
1643 3781 1806 3861 Roberto

383 3915 576 4005 Grunhet,
598 3918 791 4022 Stephano
816 3915 936 4002 Besci,
959 3911 1162 4002 militibus,
1192 3930 1230 3992 et
1253 3913 1445 4022 Stephano
1473 3913 1521 3991 de
1544 3911 1704 4021 Plexeyo
1733 3937 1807 3990 ser·

383 4045 524 4135 viente,
544 4045 766 4136 dellunctis,
787 4043 827 4120 in
845 4043 948 4121 bunc
970 4043 1157 4122 modum:
1177 4071 1264 4122 nam
1284 4071 1371 4121 cum
1395 4042 1648 4150 requisivisset
1671 4067 1805 4148 panem

385 4192 423 4252 et
436 4203 571 4283 aquam
591 4174 753 4264 ordinis,
775 4189 813 4250 et
829 4189 999 4280 receptor
1018 4173 1054 4251 ei
1069 4173 1326 4276 concessisset,
1347 4173 1436 4251 lecit
1455 4201 1544 4252 cum
1558 4173 1687 4280 jurare
1705 4169 1806 4278 quod

383 4322 544 4382 servaret
559 4305 682 4383 bonos
701 4331 791 4382 usus
806 4321 844 4383 et
862 4303 982 4382 bonas
996 4303 1311 4394 consuetudines,
1331 4301 1555 4380 elemosinas
1572 4317 1611 4378 et
1626 4299 1727 4378 bona
1748 4327 1808 4376 or·

383 4434 498 4528 dinis,
515 4453 553 4513 et
566 4463 698 4515 vovere
712 4434 935 4527 castitatem,
953 4432 1231 4522 obedienciam,
1249 4449 1288 4510 et
1299 4433 1420 4510 vivere
1435 4432 1517 4510 sine
1530 4429 1697 4538 proprio.
1712 4428 1806 4506 Ante

383 4582 508 4643 umen
528 4565 672 4643 dictum
686 4565 945 4674 juramentum
974 4581 1012 4642 et
1035 4583 1180 4654 votum,
1203 4564 1433 4670 imposuerat
1461 4561 1533 4639 sibi
1562 4557 1803 4647 mantellum,

384 4713 421 4772 et
439 4695 577 4775 lecerat
603 4726 691 4775 eum
713 4696 873 4776 osculari
892 4697 1105 4804 ymaginem
1126 4692 1303 4774 Crucifixi
1331 4694 1371 4771 in
1390 4693 1558 4802 quodam
1583 4688 1680 4768 libro
1701 4687 1805 4795 depi-

382 4844 479 4906 ctam
495 4843 533 4905 et
547 4854 697 4906 crucem
712 4824 892 4915 mantelli,
907 4841 945 4904 et
956 4831 1127 4932 receptor
1137 4841 1174 4902 et
1187 4851 1319 4901 omnes
1329 4821 1461 4900 fratres
1475 4837 1636 4899 astantes
1648 4815 1803 4897 osculati
