4486 5890
483 499 552 574 rsa
870 480 1062 574 raocts
1089 499 1182 573 ors
1208 498 1507 572 ranrtrsas.

479 639 608 718 illicita
638 637 844 719 consessata
871 669 940 748 per
967 670 1053 720 eum
1082 657 1147 718 aut
1176 639 1247 716 alia
1277 640 1477 719 inhonesta
1505 639 1775 716 intervenirent
1800 669 1902 718 com·

477 771 643 848 muniter
671 772 711 848 in
740 770 1025 877 recepcionibus
1054 771 1211 848 aliorum
1246 799 1313 848 seu
1338 787 1440 877 post,
1466 769 1663 877 respondit
1686 798 1725 846 se
1748 770 1900 848 credere

477 902 583 1007 quod
607 901 659 978 sic
685 900 731 978 de
754 898 969 979 conlessatis
996 930 1064 1007 per
1094 931 1200 991 eum,
1229 901 1318 1008 quia
1337 901 1429 978 vidit
1453 928 1521 1007 per
1541 899 1719 976 eumdem
1743 901 1900 980 modum

477 1033 592 1138 recipi
613 1032 818 1139 quemdam
849 1031 1021 1122 fratrem,
1052 1034 1159 1141 cujus
1189 1061 1331 1110 nomen
1363 1049 1402 1109 et
1425 1059 1635 1140 cognomen
1670 1031 1832 1139 ignorat,
1863 1035 1902 1109 in

479 1164 642 1269 quadam
663 1191 808 1240 camera
834 1163 971 1241 domus
990 1162 1140 1269 Templi
1167 1163 1215 1240 de
1229 1163 1347 1250 Nicia,
1369 1179 1459 1240 sunt
1479 1189 1566 1242 xvrn
1596 1162 1682 1240 anni
1709 1161 1767 1240 vel
1788 1163 1901 1250 circa,

478 1323 546 1400 per
569 1294 711 1371 dictum
740 1310 974 1401 receptorem
1002 1323 1132 1384 suum,
1162 1291 1401 1401 presentibus
1426 1293 1535 1370 dictis
1557 1292 1706 1371 duobus
1727 1292 1902 1372 fratribus

480 1427 577 1502 dicte
595 1425 721 1534 Baylie
735 1443 772 1502 et
786 1425 979 1514 Nicieusis,
995 1455 1161 1532 quorum
1175 1426 1330 1502 nomina
1344 1442 1383 1500 et
1396 1425 1620 1530 cognomina
1638 1425 1802 1530 ignorat;
1819 1425 1904 1533 plu-

421 1577 424 1582 ’
478 1557 577 1632 rium
610 1555 895 1661 recepcionibus
926 1583 1004 1633 non
1034 1553 1164 1631 adluit.
1194 1555 1306 1646 Item,
1339 1553 1433 1630 dixit
1464 1552 1567 1660 quod
1598 1553 1696 1630 bene
1727 1555 1903 1635 credebat

479 1686 738 1766 ecclesiasticis
754 1686 1011 1775 sacramentis,
1034 1702 1070 1761 et
1093 1684 1212 1762 credit
1229 1683 1334 1791 quod
1358 1683 1420 1760 alii
1449 1682 1581 1761 fratres
1601 1685 1745 1762 ordinis
1766 1687 1901 1766 eodem

479 1819 596 1896 modo
623 1818 839 1904 crederent,
871 1836 910 1895 et
947 1817 1052 1924 quod
1079 1844 1211 1894 eorum
1245 1817 1457 1894 sacerdotes
1494 1815 1622 1893 debite
1654 1816 1899 1895 celebrarent.

480 1947 615 2024 Statim
636 1975 704 2055 pro
728 1946 904 2053 professis
930 1945 1180 2035 habebantur,
1212 1963 1249 2024 et
1272 1945 1453 2054 jurabant
1476 1945 1651 2023 ordinem
1682 1975 1759 2023 non
1791 1949 1901 2026 exire.

480 2077 722 2156 Clandestine
747 2077 1035 2186 recipiebantur,
1063 2075 1178 2154 nullis
1192 2074 1431 2183 presentibus
1455 2075 1525 2152 nisi
1547 2075 1722 2154 fratribus
1740 2078 1900 2169 ordinis,

481 2237 523 2284 ex
552 2237 628 2315 quo
659 2209 779 2286 credit
814 2207 919 2314 quod
946 2225 1043 2286 esset
1073 2207 1235 2315 suspicio
1264 2223 1391 2284 contra
1422 2233 1499 2284 eos.
1535 2205 1710 2284 Cordulis
1745 2209 1902 2315 sumptis

480 2338 582 2415 unde
613 2339 788 2416 volebant
818 2338 1067 2444 cingebantur
1096 2366 1210 2443 super
1237 2337 1406 2414 camisias
1431 2365 1517 2414 cum
1549 2337 1688 2442 quibus
1713 2337 1899 2445 jacebant.

422 2511 426 2514 ·
479 2469 750 2578 lnjungehatur
768 2471 822 2547 eis
843 2497 911 2574 per
936 2486 1208 2546 sacramentum
1230 2467 1336 2574 quod
1358 2495 1436 2544 nou
1455 2465 1664 2544 revelarent
1683 2484 1824 2546 secreta
1847 2498 1901 2545 ca-

479 2598 724 2704 pitoliorum,
752 2601 799 2677 de
830 2599 947 2675 modo
975 2598 1205 2705 receptionis
1237 2597 1389 2702 speciali
1414 2623 1490 2672 non
1521 2597 1647 2674 habita
1681 2599 1899 2688 mancinum

480 2731 546 2835 qui
564 2730 806 2822 revelassent,
818 2729 991 2807 habitum
1011 2728 1278 2836 perdidissent,
1299 2744 1338 2805 et
1354 2726 1463 2804 aliter
1471 2727 1595 2834 puniti
1606 2747 1741 2807 essent.
1751 2727 1901 2836 Absque

482 2861 636 2937 licencia
672 2889 748 2939 non
785 2877 959 2966 poterant
995 2859 1076 2936 aliis
1111 2887 1225 2965 quam
1262 2857 1518 2936 sacerdotibus
1555 2859 1698 2937 ordinis
1718 2859 1898 2937 confiteri.
1950 2858 1954 2864 ’

481 2989 612 3066 Credit
630 2990 734 3096 quod
754 2987 884 3067 illicita
912 2987 1117 3067 confessata
1142 3018 1210 3094 per
1230 3017 1319 3069 eum
1340 3005 1466 3065 essent
1493 3005 1581 3065 nota
1605 2986 1782 3067 iratribus
1802 2989 1901 3066 ordi-

481 3121 554 3206 nis,
588 3137 626 3196 et
651 3120 757 3227 quod
787 3119 1019 3228 negligentes
1046 3119 1203 3196 fuerunt
1228 3119 1267 3195 in
1300 3119 1354 3196 eis
1382 3119 1624 3226 corrigendis.
1655 3120 1695 3197 ln
1725 3119 1901 3198 domibus

482 3250 626 3326 ordinis
650 3250 689 3326 in
707 3248 846 3356 quibus
861 3249 982 3326 extitit
1006 3265 1276 3340 commoratus,
1299 3249 1392 3326 vidit
1408 3248 1631 3326 elemosinas
1652 3267 1690 3326 et
1710 3250 1902 3356 hospitali·

480 3397 596 3458 tatem
624 3381 890 3460 convenienter
912 3378 995 3457 fieri
1018 3397 1056 3458 et
1085 3380 1238 3472 servari,
1266 3398 1306 3456 et
1331 3380 1472 3458 audivit
1499 3380 1639 3486 precipi
1669 3382 1774 3488 quod
1803 3382 1901 3460 bona

480 3530 518 3588 et
530 3515 617 3618 jura
640 3512 785 3590 ordinis
799 3510 927 3589 debite
950 3492 1229 3599 conservarent,
1248 3530 1287 3588 et
1300 3509 1404 3618 quod
1425 3539 1558 3588 eorum
1577 3509 1771 3617 capitulla,
1789 3513 1900 3602 clam,

480 3642 593 3718 nullis
634 3643 871 3748 presentibus
898 3642 969 3718 nisi
999 3641 1193 3732 fratribus,
1224 3641 1463 3729 tenebantur,
1495 3658 1533 3717 et
1571 3641 1809 3748 ponebantur
1840 3673 1902 3720 cu-

480 3775 606 3850 stodes
633 3802 681 3850 ne
701 3774 749 3850 ab
767 3799 900 3851 eorum
922 3771 1169 3851 familiaribus
1196 3773 1255 3849 vel
1281 3772 1362 3850 aliis
1390 3771 1551 3849 exterius
1580 3772 1801 3850 audirentur
1831 3803 1902 3880 que

481 3905 640 3980 interius
655 3904 871 4011 agebantur.
891 3902 1072 3980 Ordinata
1091 3929 1160 4009 per
1175 3903 1395 4008 Magistrum
1418 3930 1504 3978 eum
1523 3919 1709 3979 conventu
1727 3920 1903 3980 servasset

481 4051 582 4110 totus
597 4035 710 4125 ordo,
735 4049 862 4112 contra
879 4061 995 4140 quem
1015 4061 1119 4110 nunc
1134 4034 1289 4143 grandia
1313 4031 1502 4124 scandala,
1524 4034 1684 4139 suspicio
1700 4053 1738 4110 et
1753 4033 1900 4111 infamia

481 4179 570 4238 sunt
595 4179 736 4256 exorta,
761 4179 800 4240 et
823 4180 950 4240 contra
975 4191 1089 4271 quern
1116 4163 1219 4240 idem
1240 4163 1417 4270 Magister
1438 4180 1475 4238 et
1494 4163 1555 4239 alii
1580 4163 1701 4270 aliqua
1728 4163 1902 4240 dicuntur

480 4291 594 4370 fuisse
615 4292 790 4383 consessi;
813 4295 860 4370 ad
880 4293 988 4402 cujus
1009 4293 1154 4370 ordinis
1175 4293 1435 4372 defensionem
1455 4322 1495 4371 se
1516 4321 1592 4371 non
1614 4294 1813 4371 obtulerat.

538 4423 754 4530 Requisitus
763 4424 793 4500 si
810 4424 863 4500 sic
879 4423 1103 4530 deposuerat
1121 4451 1248 4529 prece,
1262 4441 1457 4531 precepto,
1468 4423 1622 4512 timore,
1641 4453 1785 4513 amore,
1802 4427 1902 4511 odio,

479 4552 538 4628 vel
555 4553 754 4659 temporali
776 4555 938 4632 comodo
953 4553 1083 4632 habito
1099 4554 1155 4630 vel
1179 4553 1373 4646 habendo,
1391 4554 1586 4659 respondit
1600 4555 1704 4662 quod
1721 4582 1814 4644 non,
1840 4556 1907 4632 sed

478 4713 548 4790 pro
568 4683 722 4762 veritate
747 4685 926 4777 dicenda,
954 4685 1014 4761 cui
1042 4683 1113 4761 luit
1141 4683 1352 4790 injunctum
1381 4685 1486 4790 quod
1506 4713 1583 4761 non
1604 4684 1785 4761 revelaret
1812 4685 1907 4762 banc

478 4843 583 4892 suam
605 4814 906 4920 deposiciouem,
925 4841 1128 4921 quousque
1143 4815 1402 4892 attestaciones
1421 4813 1562 4928 fuerint
1582 4814 1779 4919 publicate.
