4210 5882
711 501 915 595 enoots
941 518 1038 592 oss
1063 518 1365 594 cunenses.
1673 522 1741 596 tsi

324 665 429 772 quod
448 662 638 744 confessus
657 677 714 740 est
732 659 981 769 ipsos'fretrcs
1002 676 1042 737 et
1058 687 1099 738 se
1115 661 1242 766 ipsun
1258 677 1407 766 portare
1425 659 1595 766 cingulos
1611 663 1747 741 cordu-

321 793 442 873 lnrum
460 796 507 873 de
527 792 595 872 filo
616 793 717 871 lineo
738 821 849 900 supro
865 791 1065 870 camisiam.

378 925 630 1034 Interrogatus
647 941 803 1032 propter
816 951 929 1030 quem
945 949 1091 1000 causum
1107 921 1178 1026 ipsi
1196 920 1328 998 fratres
1348 938 1496 1027 portant
1517 919 1659 1000 dictum
1678 925 1747 1002 cin-

321 1055 471 1162 gulum,
493 1055 584 1132 dixit
608 1083 648 1132 se
669 1053 824 1131 credere
845 1052 948 1160 quod
968 1051 1055 1130 ideo
1074 1065 1240 1159 portent,
1262 1053 1397 1158 etipse
1418 1052 1513 1130 dixit
1529 1052 1576 1130 de
1601 1083 1640 1131 se
1665 1056 1747 1162 ipso

323 1187 513 1278 assertive,
527 1185 632 1292 quod
648 1187 727 1291 ipse
740 1199 864 1290 portet
877 1182 1071 1292 cingulum
1089 1182 1177 1260 ideo
1193 1183 1297 1288 quod
1316 1183 1495 1289 scriptum
1509 1201 1568 1262 est
1579 1185 1620 1260 in
1631 1187 1747 1264 Evan-

321 1315 421 1424 gelio
434 1318 585 1394 Luche:
600 1351 612 1384 ι
628 1316 713 1394 Sint
726 1313 849 1393 lumbi
864 1315 974 1390 vestri
988 1312 1185 1421 precincti,
1203 1329 1287 1402 etc,
1304 1311 1587 1422 »addensquod
1605 1316 1747 1394 dictum

324 1445 515 1552 cingulum
530 1446 691 1551 portavit
706 1461 744 1522 ct
757 1444 873 1522 hodie
888 1460 1013 1550 portet
1028 1473 1048 1520 a
1062 1461 1232 1551 tempore
1253 1472 1319 1520 sue
1338 1444 1568 1549 recepcionis
1583 1446 1690 1536 citra,
1712 1467 1748 1524 et

322 1575 445 1653 dixit
435 1605 559 1684 ipsum
584 1575 777 1682 cingulum
798 1603 879 1654 esse
902 1576 949 1654 de
970 1575 1203 1652 observantia
1222 1575 1310 1651 dicti
1331 1574 1490 1663 ordinis,
1512 1575 1559 1651 ab
1579 1578 1659 1681 ejus
1676 1578 1748 1656 fra

321 1708 442 1786 trihus
460 1706 665 1814 singulis
637 1735 689 1784 sic
709 1705 860 1813 portori.

378 1836 436 1912 Ad
455 1836 505 1913 l1x
524 1834 725 1914 articulum
740 1836 987 1980 respondens,
1009 1835 1101 1912 dixit
1117 1745 1229 1940 'quod
1248 1835 1453 1914 cordule
1425 1865 1500 1913 srve
1516 1837 1653 1944 cinguli
1675 1858 1748 1916 tra-

323 1966 466 2043 duntur
483 1967 627 2044 eisdem
647 1965 825 2044 fratribus
844 1965 1004 2072 cujusvis
1022 1965 1284 2071 longitudinis
1309 1966 1405 2042 sicut
1429 1967 1550 2073 placet
1568 1973 1746 2074 portanti,

322 2096 421 2172 salvo
437 2095 542 2202 quod
558 2095 708 2174 nullum
726 2095 885 2203 ydolum
905 2095 1069 2202 tangitur
1084 2123 1208 2200 neque
1229 2095 1390 2201 cingitur
1404 2123 1491 2173 cum
1508 2099 1660 2178 cordula
1673 2103 1748 2178 sive

323 2226 472 2334 cingulo
492 2227 724 2332 supradictis.

378 2357 436 2433 Ad
454 2357 492 2434 lx
509 2358 708 2434 articulum
725 2356 973 2462 respondens,
996 2371 1107 2464 neget
1125 2383 1279 2463 prorsus
1294 2373 1464 2434 contento
1486 2357 1524 2434 in
1543 2359 1678 2436 eodem
1693 2390 1750 2437 sr-

322 2486 450 2564 ticulo.
552 2527 553 2532 1
1482 2478 1487 2486 ³

378 2615 437 2692 Ad
456 2615 506 2694 Ιιιι
532 2616 731 2693 articulum
759 2613 1008 2721 respondens,
1040 2615 1133 2693 dixit
1159 2617 1263 2722 quod
1286 2617 1325 2693 in
1346 2618 1567 2724 reccpcione
1593 2618 1746 2698 fratrum

324 2747 412 2823 dicti
433 2746 592 2836 ordinis,
616 2745 824 2853 injungitur
840 2744 932 2850 ipsis
952 2745 1112 2851 receptis
1130 2747 1235 2852 quod
1254 2747 1433 2825 continue
1453 2765 1603 2854 portent
1622 2751 1749 2858 cingu-

323 2877 405 2953 lum
418 2878 561 2954 lineum
584 2876 632 2953 de
653 2877 714 2952 die
738 2875 843 2952 etde
862 2893 983 2953 nocte.
1005 2875 1108 2954 Dixit
1126 2895 1253 2954 temen
1273 2878 1380 2984 quod
1400 2907 1443 2955 ex
1470 2879 1567 2956 dicta
1595 2881 1748 2958 cordula

323 3035 517 3112 nunquam
537 3008 703 3114 tangitur
721 3005 875 3112 aliquod
891 3006 1066 3114 ydolum,
1082 3035 1152 3086 nec
1164 3009 1325 3114 cingitur
1344 3038 1387 3087 ex
1402 3011 1546 3087 eadem.

379 3138 437 3215 Ad
457 3137 521 3215 lxn
535 3117 734 3215 articulum
752 3138 1001 3244 respondens,
1025 3139 1115 3216 dixit
1136 3158 1178 3218 ut
1198 3140 1236 3216 in
1256 3142 1427 3248 proximo
1447 3143 1606 3220 articulo
1624 3171 1747 3250 supra.

379 3269 438 3347 Ad
450 3268 528 3346 lxxn
541 3267 741 3346 articulum
757 3268 1005 3374 respondens,
1021 3270 1166 3376 negavit
1184 3297 1270 3346 cum
1293 3287 1331 3348 et
1350 3289 1524 3349 contente
1543 3273 1581 3346 in
1604 3300 1648 3348 eo
1665 3273 1749 3349 sim-

323 3399 480 3504 pliciter,
500 3400 596 3477 sicut
612 3401 727 3507 jacet·

379 3530 439 3606 Ad
458 3530 549 3607 lxnn
570 3529 770 3606 articulxun
789 3530 1036 3634 respondens,
1058 3529 1206 3636 negavit
1224 3557 1322 3606 eum.

379 3659 437 3736 Ad
457 3660 516 3740 lxv
536 3659 741 3738 nticuluxn
763 3659 1012 3767 respondens,
1038 3659 1184 3768 negavit
1211 3687 1318 3748 eum,
1343 3659 1470 3737 dicens
1489 3661 1592 3766 quod
1625 3663 1747 3739 modis

324 3789 500 3896 predictis
522 3789 649 3867 nullus
665 3819 832 3897 unquam
854 3789 1043 3897 recipitur,
1067 3817 1136 3866 nec
1154 3789 1227 3868 fuit
1246 3817 1406 3897 usquam
1427 3791 1624 3896 quiequam
1646 3819 1749 3866 rece-

323 3938 410 4028 ptus
427 3921 531 4028 quod
546 3921 625 4028 ipsc
640 3922 730 3998 sciat
748 3921 806 3997 vel
819 3920 962 4012 credet,
985 3920 1146 4028 exceptis
1165 3951 1185 3997 a
1205 3948 1247 3998 sc
1265 3921 1436 4027 superius
1450 3920 1677 4000 confessatis.

380 4050 438 4127 Ad
463 4051 537 4130 lxrt
557 4052 753 4129 articulum
775 4050 1022 4160 respondens,
1043 4053 1189 4159 negavit
1207 4051 1333 4158 ipsum
1360 4068 1398 4128 et
1420 4067 1593 4128 contenta
1618 4051 1657 4126 in
1682 4079 1744 4143 eo,

325 4181 501 4260 dicensse
513 4209 590 4258 non
609 4183 761 4258 credere
777 4209 944 4287 unquam
961 4180 1100 4258 lectum
1115 4181 1231 4260 fixisse
1250 4182 1299 4261 de
1319 4181 1447 4288 aliquo
1461 4180 1574 4258 fratre
1585 4209 1628 4258 ex
1639 4211 1744 4258 causa

325 4313 364 4387 in
384 4313 484 4389 dicto
505 4311 662 4388 articulo
683 4328 867 4388 contente.
1321 4297 1323 4302 ,

380 4441 438 4519 Ad
458 4441 544 4522 lxvn
560 4441 760 4519 articulum
779 4440 1027 4549 respondens,
1052 4439 1144 4518 dixit
1158 4459 1200 4518 ut
1215 4443 1254 4518 in
1266 4443 1438 4547 proximo
1451 4442 1607 4518 articulo
1619 4471 1743 4549 supra.

381 4569 439 4649 Ad
456 4571 554 4651 lxvnr
568 4571 768 4650 articulum
787 4571 1037 4678 respondens,
1059 4571 1152 4648 dixit
1170 4590 1213 4649 ut
1232 4573 1272 4648 in
1292 4574 1364 4652 lxvi
1386 4572 1557 4650 articulo.

380 4703 439 4780 Ad
459 4703 532 4779 lxxx
557 4703 755 4782 articulum
774 4702 1023 4808 respondens,
1052 4701 1144 4780 dixit
1164 4703 1268 4809 quod
1288 4702 1328 4778 in
1348 4705 1567 4810 recepcione
1591 4703 1746 4778 fratrum

325 4835 421 4911 dicti·
439 4833 584 4912 ordinis
612 4835 827 4942 injungitur
846 4863 865 4910 a
891 4833 1157 4940 recipientibus
1178 4835 1295 4941 ipsos,
1316 4851 1472 4941 propter
1492 4834 1745 4943 juramentum
