4202 5876
701 542 898 636 raeces
923 559 1020 632 oss
1045 560 1343 634 rsurerens.
1662 559 1735 630 ers

317 717 354 778 et
369 699 501 777 litteris
511 728 552 777 ac
568 701 805 781 documentis
818 700 900 778 aliis
916 718 1014 778 extra
1025 702 1291 808 precedentem
1304 700 1511 806 inquestam
1525 699 1740 775 vacantibus

315 829 425 935 plene
445 849 557 937 patet.
579 833 686 908 Unde
713 832 761 908 ad
782 849 946 909 eternam
968 833 1186 909 memoriam
1207 832 1492 937 premissorum,
1519 827 1739 932 prelibatam

316 951 525 1067 inquestam
540 989 653 1038 manu
666 961 817 1067 publica
831 961 968 1066 triplici
983 960 1225 1039 tabellionum
1241 960 1477 1067 publicorum
1493 961 1684 1066 scriptam,
1705 976 1742 1034 et

318 1090 516 1200 diligenter
532 1121 600 1197 per
616 1093 737 1168 dictos
752 1091 972 1170 tabelliones
992 1093 1235 1169 examinatam
1253 1109 1290 1168 et
1309 1106 1552 1196 compertam,
1570 1106 1613 1166 ut
1625 1090 1672 1166 ab
1689 1091 1742 1166 eis

317 1221 518 1299 didicimus
537 1251 605 1329 per
629 1222 752 1300 omnia
776 1223 953 1298 veraciter
973 1223 1184 1312 convenire,
1207 1221 1452 1326 subscriptam
1478 1220 1595 1296 eciam
1613 1219 1660 1295 ab
1680 1247 1743 1295 eo-

317 1381 401 1428 rum
426 1352 594 1458 singulis,
616 1369 660 1429 ut
680 1351 796 1428 moris
819 1352 920 1458 apud
942 1379 1006 1429 eos
1032 1368 1103 1440 est,
1128 1368 1165 1428 et
1185 1351 1298 1458 signis
1324 1350 1440 1427 solitis
1470 1348 1741 1455 subsignatam,

318 1509 463 1558 necnon
481 1509 501 1556 a
516 1481 668 1588 collegis
687 1509 754 1558 seu
776 1482 913 1558 nostris
934 1480 1266 1587 coinquisitoribus
1286 1479 1458 1555 Elnensis
1479 1478 1633 1556 ecclesie
1657 1477 1744 1555 viris

316 1610 874 1689 venerabilibusarchidiacono
900 1627 937 1687 et
964 1612 1129 1700 sacrista,
1154 1610 1361 1716 ceterisque
1388 1610 1474 1685 viris
1494 1608 1676 1714 religiosis
1697 1606 1743 1683 de

317 1742 456 1848 quibus
477 1742 515 1818 in
539 1742 829 1848 precedentibus
849 1742 970 1849 agitur
990 1717 1188 1832 accersitis,
1208 1740 1430 1818 eorumdem
1451 1737 1675 1846 collegarum
1698 1739 1746 1814 si-

317 1871 413 1978 gillis
438 1888 475 1948 et
494 1865 622 1949 nostro
649 1873 765 1948 cereis
785 1887 823 1947 et
842 1870 1111 1977 pendentibus,
1134 1871 1222 1948 licet
1247 1870 1384 1947 diebus
1404 1886 1440 1945 et
1461 1869 1545 1946 loco
1571 1869 1743 1954 diversis,

317 2030 386 2080 nos
410 2019 536 2079 umen
566 2003 666 2108 apud
693 2002 843 2091 Elnam,
870 2002 910 2077 in
935 2002 1049 2080 domo
1078 2017 1203 2078 nostra
1224 2001 1441 2107 episcopali,
1473 2027 1571 2077 anno
1593 1999 1745 2077 Domini

318 2130 520 2210 millesimo
531 2133 794 2210 trecentesimo
810 2132 974 2220 decimo,
992 2161 1016 2209 rr
1032 2132 1210 2209 kalendas
1223 2131 1459 2238 septembris,
1476 2130 1633 2208 lecimus
1644 2159 1748 2208 com-

328 2269 331 2282 ,
418 2263 424 2278 .
450 2263 457 2278 .
561 2255 576 2282 ι

321 2290 471 2340 munrrr.

375 2526 453 2630 Ego
468 2553 556 2602 vero
577 2527 706 2602 Petrus
726 2525 912 2632 Gayraudi
929 2525 1087 2602 clericus
1105 2543 1142 2601 et
1161 2525 1329 2602 notarius
1354 2523 1527 2630 publicus
1551 2523 1747 2600 reverendi

319 2655 358 2728 in
379 2653 527 2732 Christo
552 2655 666 2761 patris
690 2643 835 2732 'domini
867 2655 1031 2762 episcopi
1061 2654 1281 2760 supradicti,
1310 2654 1489 2760 predictis
1515 2652 1692 2730 omnibus
1711 2667 1748 2728 et

320 2783 475 2890 singulis
502 2783 669 2874 interlui,
698 2802 736 2861 et
756 2813 798 2862 ea
821 2787 947 2861 omnia
968 2812 1082 2862 manu
1111 2784 1261 2892 propria
1285 2785 1430 2890 scripsi,
1462 2785 1563 2861 etin
1589 2783 1746 2860 formam

318 2913 507 3019 publicam
528 2915 672 3020 redegi,
693 2932 730 2992 et
749 2916 854 3022 signo
875 2943 961 2992 meo
980 2931 1158 2993 consueto
1179 2914 1330 3022 signavi.
1353 2915 1406 3018 (L.
1423 2915 1478 3018 8.)

375 3175 453 3279 Ego
464 3175 595 3251 Petrus
606 3174 797 3280 Raynaudi
813 3173 985 3263 clericus,
1004 3175 1170 3251 notarius
1185 3176 1232 3250 ad
1243 3173 1409 3279 predicta
1420 3203 1489 3281 per
1500 3173 1747 3251 reverendum

322 3303 518 3381 dominum
528 3302 729 3381 Elnensem
750 3303 968 3411 episcopum
984 3304 1196 3409 predictum
1213 3305 1454 3396 constitutus,
1477 3304 1566 3382 huic
1582 3305 1748 3410 presenti

321 3434 561 3540 inquisicioni
591 3462 744 3539 presens
774 3433 845 3525 lui,
876 3453 914 3510 et
939 3434 1039 3511 dicto
1067 3434 1241 3512 mandato
1270 3434 1385 3539 ipsius
1411 3435 1556 3512 domini
1583 3435 1747 3540 episcopi

323 3563 542 3670 subscripsi,
565 3581 601 3640 et
616 3565 688 3641 hoc
703 3565 850 3670 signum
871 3564 954 3642 leci.
981 3566 1038 3669 (L.
1062 3567 1117 3668 8.)

376 3823 455 3929 Ego
478 3822 667 3902 lohannes
687 3825 735 3902 de
760 3824 954 3904 Villaclara
974 3826 1142 3902 notarius
1161 3825 1208 3901 ad
1228 3826 1394 3932 predicta
1413 3855 1481 3933 per
1500 3827 1748 3904 reverendum

322 3953 519 4030 dominum
534 3952 732 4032 Elnensem
749 3957 965 4061 episcopum
985 3955 1195 4062 predictum
1216 3955 1457 4046 constitutus,
1481 3957 1569 4034 huic
1584 3961 1748 4063 presenti

322 4083 560 4188 inquisicioni
580 4112 732 4191 presens
757 4086 926 4176 interlui,
950 4087 1054 4163 etde
1077 4087 1249 4166 mandato
1272 4087 1388 4195 ipsius
1412 4089 1555 4166 domini
1584 4088 1746 4196 episcopi

322 4211 539 4318 subscripsi,
561 4231 598 4292 et
617 4243 702 4292 meo
726 4214 877 4321 publico
898 4233 935 4292 et
954 4215 1065 4296 solito
1088 4217 1296 4324 subsignavi
1317 4219 1437 4328 signo.
1459 4221 1517 4324 (L.
1535 4221 1590 4330 8.)

815 4595 870 4645 ΠΝ
902 4595 949 4646 DU
979 4593 1079 4648 ΤΟΜΕ
1111 4596 1261 4648 SECOND.
