<?xml version="1.0" encoding="UTF-8"?>
<!DOCTYPE html PUBLIC "-//W3C//DTD XHTML 1.0 Transitional//EN"
    "http://www.w3.org/TR/xhtml1/DTD/xhtml1-transitional.dtd">
<html xmlns="http://www.w3.org/1999/xhtml" xml:lang="en" lang="en">
 <head>
  <title>
</title>
<meta http-equiv="Content-Type" content="text/html;charset=utf-8" />
  <meta name='ocr-system' content='tesseract 3.04.00' />
  <meta name='ocr-capabilities' content='ocr_page ocr_carea ocr_par ocr_line ocrx_word'/>
</head>
<body>
  <div class='ocr_page' id='page_1' title='image "./procsdestemplie03defegoog_0370.png"; bbox 0 0 4242 5890; ppageno 0'>
   <div class='ocr_carea' id='block_1_1' title="bbox 432 519 1458 613">
    <p class='ocr_par' dir='ltr' id='par_1_1' title="bbox 432 519 1458 613">
     <span class='ocr_line' id='line_1_1' title="bbox 432 519 1458 613; baseline -0.005 -2"><span class='ocrx_word' id='word_1_1' title='bbox 432 543 505 613; x_wconf 77' lang='lat' dir='ltr'><strong>aas</strong></span> <span class='ocrx_word' id='word_1_2' title='bbox 818 519 1015 612; x_wconf 78' lang='lat' dir='ltr'><strong>rnocds</strong></span> <span class='ocrx_word' id='word_1_3' title='bbox 1041 537 1136 610; x_wconf 84' lang='lat' dir='ltr'><strong>nas</strong></span> <span class='ocrx_word' id='word_1_4' title='bbox 1161 537 1458 610; x_wconf 74' lang='lat' dir='ltr'><strong>cruentans.</strong></span> 
     </span>
    </p>
   </div>
   <div class='ocr_carea' id='block_1_2' title="bbox 368 653 1925 2878">
    <p class='ocr_par' dir='ltr' id='par_1_2' title="bbox 368 653 1925 1936">
     <span class='ocr_line' id='line_1_2' title="bbox 426 653 1849 786; baseline -0.001 -29"><span class='ocrx_word' id='word_1_5' title='bbox 426 710 494 786; x_wconf 92' lang='lat' dir='ltr'><strong>pro</strong></span> <span class='ocrx_word' id='word_1_6' title='bbox 509 678 620 758; x_wconf 90' lang='lat' dir='ltr'><strong>nobis</strong></span> <span class='ocrx_word' id='word_1_7' title='bbox 634 696 673 756; x_wconf 88' lang='lat' dir='ltr'><strong>et</strong></span> <span class='ocrx_word' id='word_1_8' title='bbox 687 679 769 756; x_wconf 88' lang='lat' dir='ltr'><strong>aliis</strong></span> <span class='ocrx_word' id='word_1_9' title='bbox 783 653 1043 785; x_wconf 82' lang='lat' dir='ltr'><strong>peecatoribus</strong></span> <span class='ocrx_word' id='word_1_10' title='bbox 1056 677 1303 767; x_wconf 86' lang='lat' dir='ltr'><strong>redimendis,</strong></span> <span class='ocrx_word' id='word_1_11' title='bbox 1320 696 1359 756; x_wconf 90' lang='lat' dir='ltr'><strong>et</strong></span> <span class='ocrx_word' id='word_1_12' title='bbox 1377 677 1482 785; x_wconf 91' lang='lat' dir='ltr'><strong>quod</strong></span> <span class='ocrx_word' id='word_1_13' title='bbox 1498 677 1674 756; x_wconf 90' lang='lat' dir='ltr'><strong>credebat</strong></span> <span class='ocrx_word' id='word_1_14' title='bbox 1688 679 1727 756; x_wconf 93' lang='lat' dir='ltr'><strong>in</strong></span> <span class='ocrx_word' id='word_1_15' title='bbox 1741 707 1849 768; x_wconf 75' lang='lat' dir='ltr'><strong>eum3</strong></span> 
     </span>
     <span class='ocr_line' id='line_1_3' title="bbox 427 808 1851 918; baseline -0.001 -30"><span class='ocrx_word' id='word_1_16' title='bbox 427 829 464 889; x_wconf 87' lang='lat' dir='ltr'><strong>et</strong></span> <span class='ocrx_word' id='word_1_17' title='bbox 483 828 573 890; x_wconf 89' lang='lat' dir='ltr'><strong>tune</strong></span> <span class='ocrx_word' id='word_1_18' title='bbox 593 811 784 918; x_wconf 89' lang='lat' dir='ltr'><strong>predictus</strong></span> <span class='ocrx_word' id='word_1_19' title='bbox 803 810 988 917; x_wconf 87' lang='lat' dir='ltr'><strong>recipiens</strong></span> <span class='ocrx_word' id='word_1_20' title='bbox 1008 810 1100 886; x_wconf 82' lang='lat' dir='ltr'><strong>dixit</strong></span> <span class='ocrx_word' id='word_1_21' title='bbox 1119 808 1191 886; x_wconf 88' lang='lat' dir='ltr'><strong>sibi</strong></span> <span class='ocrx_word' id='word_1_22' title='bbox 1212 808 1317 916; x_wconf 94' lang='lat' dir='ltr'><strong>quod</strong></span> <span class='ocrx_word' id='word_1_23' title='bbox 1342 809 1440 886; x_wconf 86' lang='lat' dir='ltr'><strong>male</strong></span> <span class='ocrx_word' id='word_1_24' title='bbox 1461 808 1655 897; x_wconf 88' lang='lat' dir='ltr'><strong>credebat,</strong></span> <span class='ocrx_word' id='word_1_25' title='bbox 1685 827 1723 886; x_wconf 84' lang='lat' dir='ltr'><strong>et</strong></span> <span class='ocrx_word' id='word_1_26' title='bbox 1747 811 1851 918; x_wconf 91' lang='lat' dir='ltr'><strong>quod</strong></span> 
     </span>
     <span class='ocr_line' id='line_1_4' title="bbox 424 939 1851 1048; baseline -0.002 -27"><span class='ocrx_word' id='word_1_27' title='bbox 424 941 623 1048; x_wconf 83' lang='lat' dir='ltr'>oportebat</span> <span class='ocrx_word' id='word_1_28' title='bbox 642 942 852 1020; x_wconf 89' lang='lat' dir='ltr'><strong>secundum</strong></span> <span class='ocrx_word' id='word_1_29' title='bbox 873 957 1009 1018; x_wconf 87' lang='lat' dir='ltr'><strong>statuta</strong></span> <span class='ocrx_word' id='word_1_30' title='bbox 1032 939 1300 1047; x_wconf 90' lang='lat' dir='ltr'><strong>ordinisquod</strong></span> <span class='ocrx_word' id='word_1_31' title='bbox 1322 969 1409 1018; x_wconf 92' lang='lat' dir='ltr'><strong>eum</strong></span> <span class='ocrx_word' id='word_1_32' title='bbox 1429 940 1630 1048; x_wconf 81' lang='lat' dir='ltr'><strong>abnegaret</strong></span> <span class='ocrx_word' id='word_1_33' title='bbox 1649 958 1717 1032; x_wconf 84' lang='lat' dir='ltr'><strong>ter,</strong></span> <span class='ocrx_word' id='word_1_34' title='bbox 1738 957 1776 1018; x_wconf 89' lang='lat' dir='ltr'><strong>et</strong></span> <span class='ocrx_word' id='word_1_35' title='bbox 1794 958 1851 1018; x_wconf 87' lang='lat' dir='ltr'><strong>ter</strong></span> 
     </span>
     <span class='ocr_line' id='line_1_5' title="bbox 424 1070 1849 1181; baseline 0 -31"><span class='ocrx_word' id='word_1_36' title='bbox 424 1090 578 1180; x_wconf 83' lang='lat' dir='ltr'><strong>spueret</strong></span> <span class='ocrx_word' id='word_1_37' title='bbox 596 1101 706 1179; x_wconf 88' lang='lat' dir='ltr'><strong>supra</strong></span> <span class='ocrx_word' id='word_1_38' title='bbox 726 1101 875 1150; x_wconf 88' lang='lat' dir='ltr'><strong>crucem</strong></span> <span class='ocrx_word' id='word_1_39' title='bbox 897 1087 935 1150; x_wconf 92' lang='lat' dir='ltr'><strong>et</strong></span> <span class='ocrx_word' id='word_1_40' title='bbox 953 1071 1164 1177; x_wconf 85' lang='lat' dir='ltr'><strong>ymaginem</strong></span> <span class='ocrx_word' id='word_1_41' title='bbox 1186 1070 1395 1176; x_wconf 79' lang='lat' dir='ltr'><strong>predictas3</strong></span> <span class='ocrx_word' id='word_1_42' title='bbox 1416 1072 1626 1177; x_wconf 84' lang='lat' dir='ltr'><strong>precipiens</strong></span> <span class='ocrx_word' id='word_1_43' title='bbox 1654 1072 1726 1150; x_wconf 89' lang='lat' dir='ltr'><strong>sibi</strong></span> <span class='ocrx_word' id='word_1_44' title='bbox 1746 1073 1849 1181; x_wconf 93' lang='lat' dir='ltr'><strong>quod</strong></span> 
     </span>
     <span class='ocr_line' id='line_1_6' title="bbox 426 1199 1848 1307; baseline -0.001 -26"><span class='ocrx_word' id='word_1_45' title='bbox 426 1204 498 1281; x_wconf 87' lang='lat' dir='ltr'><strong>hoc</strong></span> <span class='ocrx_word' id='word_1_46' title='bbox 517 1202 670 1293; x_wconf 80' lang='lat' dir='ltr'><strong>faceret,</strong></span> <span class='ocrx_word' id='word_1_47' title='bbox 695 1203 823 1280; x_wconf 86' lang='lat' dir='ltr'><strong>dicens</strong></span> <span class='ocrx_word' id='word_1_48' title='bbox 843 1201 967 1278; x_wconf 87' lang='lat' dir='ltr'><strong>eidem</strong></span> <span class='ocrx_word' id='word_1_49' title='bbox 993 1200 1060 1307; x_wconf 90' lang='lat' dir='ltr'><strong>qui</strong></span> <span class='ocrx_word' id='word_1_50' title='bbox 1085 1199 1256 1306; x_wconf 90' lang='lat' dir='ltr'><strong>loquitur</strong></span> <span class='ocrx_word' id='word_1_51' title='bbox 1275 1203 1381 1307; x_wconf 91' lang='lat' dir='ltr'><strong>quod</strong></span> <span class='ocrx_word' id='word_1_52' title='bbox 1402 1219 1505 1280; x_wconf 82' lang='lat' dir='ltr'><strong>tanta</strong></span> <span class='ocrx_word' id='word_1_53' title='bbox 1530 1219 1610 1278; x_wconf 86' lang='lat' dir='ltr'><strong>erat</strong></span> <span class='ocrx_word' id='word_1_54' title='bbox 1628 1199 1848 1286; x_wconf 86' lang='lat' dir='ltr'><strong>obediencia</strong></span> 
     </span>
     <span class='ocr_line' id='line_1_7' title="bbox 368 1330 1848 1438; baseline 0.001 -30"><span class='ocrx_word' id='word_1_55' title='bbox 368 1363 370 1368; x_wconf 88' lang='lat'><em>·</em></span> <span class='ocrx_word' id='word_1_56' title='bbox 425 1333 483 1410; x_wconf 91' lang='lat' dir='ltr'><strong>sui</strong></span> <span class='ocrx_word' id='word_1_57' title='bbox 497 1332 656 1421; x_wconf 85' lang='lat' dir='ltr'><strong>ordinis,</strong></span> <span class='ocrx_word' id='word_1_58' title='bbox 674 1332 777 1438; x_wconf 92' lang='lat' dir='ltr'><strong>quod</strong></span> <span class='ocrx_word' id='word_1_59' title='bbox 795 1330 993 1437; x_wconf 79' lang='lat' dir='ltr'><strong>oportebat</strong></span> <span class='ocrx_word' id='word_1_60' title='bbox 1007 1330 1112 1436; x_wconf 90' lang='lat' dir='ltr'><strong>quod</strong></span> <span class='ocrx_word' id='word_1_61' title='bbox 1125 1332 1204 1436; x_wconf 88' lang='lat' dir='ltr'><strong>ipse</strong></span> <span class='ocrx_word' id='word_1_62' title='bbox 1219 1330 1283 1438; x_wconf 90' lang='lat' dir='ltr'><strong>qui</strong></span> <span class='ocrx_word' id='word_1_63' title='bbox 1299 1330 1469 1438; x_wconf 88' lang='lat' dir='ltr'><strong>loquitur</strong></span> <span class='ocrx_word' id='word_1_64' title='bbox 1478 1349 1514 1410; x_wconf 90' lang='lat' dir='ltr'><strong>et</strong></span> <span class='ocrx_word' id='word_1_65' title='bbox 1527 1331 1588 1410; x_wconf 90' lang='lat' dir='ltr'><strong>alii</strong></span> <span class='ocrx_word' id='word_1_66' title='bbox 1605 1331 1735 1410; x_wconf 87' lang='lat' dir='ltr'><strong>fratres</strong></span> <span class='ocrx_word' id='word_1_67' title='bbox 1750 1334 1848 1410; x_wconf 89' lang='lat' dir='ltr'><strong>ordi-</strong></span> 
     </span>
     <span class='ocr_line' id='line_1_8' title="bbox 425 1460 1847 1570; baseline 0.001 -32"><span class='ocrx_word' id='word_1_68' title='bbox 425 1465 483 1538; x_wconf 91' lang='lat' dir='ltr'><strong>nis</strong></span> <span class='ocrx_word' id='word_1_69' title='bbox 502 1461 666 1539; x_wconf 86' lang='lat' dir='ltr'><strong>facerent</strong></span> <span class='ocrx_word' id='word_1_70' title='bbox 680 1460 863 1568; x_wconf 88' lang='lat' dir='ltr'><strong>quicquid</strong></span> <span class='ocrx_word' id='word_1_71' title='bbox 882 1478 1121 1568; x_wconf 81' lang='lat' dir='ltr'><strong>preceptores</strong></span> <span class='ocrx_word' id='word_1_72' title='bbox 1140 1463 1198 1538; x_wconf 85' lang='lat' dir='ltr'><strong>sui</strong></span> <span class='ocrx_word' id='word_1_73' title='bbox 1219 1462 1290 1540; x_wconf 89' lang='lat' dir='ltr'><strong>sibi</strong></span> <span class='ocrx_word' id='word_1_74' title='bbox 1306 1463 1543 1570; x_wconf 89' lang='lat' dir='ltr'><strong>preciperent</strong></span> <span class='ocrx_word' id='word_1_75' title='bbox 1555 1480 1847 1570; x_wconf 66' lang='lat' dir='ltr'><strong>rquantumcum-</strong></span> 
     </span>
     <span class='ocr_line' id='line_1_9' title="bbox 425 1593 1925 1702; baseline -0.001 -30"><span class='ocrx_word' id='word_1_76' title='bbox 425 1623 499 1702; x_wconf 89' lang='lat' dir='ltr'><strong>que</strong></span> <span class='ocrx_word' id='word_1_77' title='bbox 520 1593 771 1682; x_wconf 64' lang='lat' dir='ltr'><strong>essentiales,</strong></span> <span class='ocrx_word' id='word_1_78' title='bbox 789 1595 901 1670; x_wconf 86' lang='lat' dir='ltr'><strong>etiarn</strong></span> <span class='ocrx_word' id='word_1_79' title='bbox 922 1594 952 1670; x_wconf 92' lang='lat' dir='ltr'><strong>si</strong></span> <span class='ocrx_word' id='word_1_80' title='bbox 970 1611 1092 1672; x_wconf 86' lang='lat' dir='ltr'><strong>essent</strong></span> <span class='ocrx_word' id='word_1_81' title='bbox 1110 1593 1318 1700; x_wconf 86' lang='lat' dir='ltr'><strong>porcharii;</strong></span> <span class='ocrx_word' id='word_1_82' title='bbox 1341 1612 1378 1672; x_wconf 89' lang='lat' dir='ltr'><strong>et</strong></span> <span class='ocrx_word' id='word_1_83' title='bbox 1397 1611 1486 1672; x_wconf 90' lang='lat' dir='ltr'><strong>tunc</strong></span> <span class='ocrx_word' id='word_1_84' title='bbox 1501 1595 1581 1700; x_wconf 88' lang='lat' dir='ltr'><strong>ipse</strong></span> <span class='ocrx_word' id='word_1_85' title='bbox 1597 1595 1662 1700; x_wconf 90' lang='lat' dir='ltr'><strong>qui</strong></span> <span class='ocrx_word' id='word_1_86' title='bbox 1681 1594 1849 1701; x_wconf 85' lang='lat' dir='ltr'><strong>loquitur</strong></span> <span class='ocrx_word' id='word_1_87' title='bbox 1921 1637 1925 1646; x_wconf 94' lang='lat'>·</span> 
     </span>
     <span class='ocr_line' id='line_1_10' title="bbox 424 1723 1848 1834; baseline -0.001 -31"><span class='ocrx_word' id='word_1_88' title='bbox 424 1725 620 1834; x_wconf 82' lang='lat' dir='ltr'><strong>abnegavit</strong></span> <span class='ocrx_word' id='word_1_89' title='bbox 640 1754 728 1804; x_wconf 85' lang='lat' dir='ltr'><strong>eum</strong></span> <span class='ocrx_word' id='word_1_90' title='bbox 744 1723 852 1831; x_wconf 89' lang='lat' dir='ltr'><strong>cujus</strong></span> <span class='ocrx_word' id='word_1_91' title='bbox 866 1726 991 1832; x_wconf 86' lang='lat' dir='ltr'><strong>imago</strong></span> <span class='ocrx_word' id='word_1_92' title='bbox 1006 1741 1083 1804; x_wconf 88' lang='lat' dir='ltr'><strong>erat</strong></span> <span class='ocrx_word' id='word_1_93' title='bbox 1100 1725 1141 1802; x_wconf 91' lang='lat' dir='ltr'><strong>in</strong></span> <span class='ocrx_word' id='word_1_94' title='bbox 1156 1725 1255 1803; x_wconf 88' lang='lat' dir='ltr'><strong>dicta</strong></span> <span class='ocrx_word' id='word_1_95' title='bbox 1271 1755 1379 1830; x_wconf 80' lang='lat' dir='ltr'><strong>cruce</strong></span> <span class='ocrx_word' id='word_1_96' title='bbox 1398 1743 1468 1816; x_wconf 88' lang='lat' dir='ltr'><strong>ter,</strong></span> <span class='ocrx_word' id='word_1_97' title='bbox 1492 1744 1530 1803; x_wconf 90' lang='lat' dir='ltr'><strong>et</strong></span> <span class='ocrx_word' id='word_1_98' title='bbox 1547 1744 1608 1804; x_wconf 90' lang='lat' dir='ltr'><strong>ter</strong></span> <span class='ocrx_word' id='word_1_99' title='bbox 1621 1727 1722 1834; x_wconf 90' lang='lat' dir='ltr'><strong>spuit</strong></span> <span class='ocrx_word' id='word_1_100' title='bbox 1739 1753 1848 1834; x_wconf 89' lang='lat' dir='ltr'><strong>supra</strong></span> 
     </span>
     <span class='ocr_line' id='line_1_11' title="bbox 425 1885 724 1936; baseline 0.01 -3"><span class='ocrx_word' id='word_1_101' title='bbox 425 1885 519 1934; x_wconf 89' lang='lat' dir='ltr'><strong>eam.</strong></span> <span class='ocrx_word' id='word_1_102' title='bbox 583 1919 588 1924; x_wconf 88' lang='lat'>.</span> <span class='ocrx_word' id='word_1_103' title='bbox 720 1927 724 1936; x_wconf 90' lang='lat'><em>.</em></span> 
     </span>
    </p>

    <p class='ocr_par' dir='ltr' id='par_1_3' title="bbox 423 1987 1848 2326">
     <span class='ocr_line' id='line_1_12' title="bbox 480 1987 1846 2096; baseline 0.001 -34"><span class='ocrx_word' id='word_1_104' title='bbox 480 1989 573 2066; x_wconf 86' lang='lat' dir='ltr'><strong>Item</strong></span> <span class='ocrx_word' id='word_1_105' title='bbox 594 1987 687 2065; x_wconf 81' lang='lat' dir='ltr'><strong>dixit</strong></span> <span class='ocrx_word' id='word_1_106' title='bbox 705 2015 773 2094; x_wconf 88' lang='lat' dir='ltr'><strong>per</strong></span> <span class='ocrx_word' id='word_1_107' title='bbox 786 1989 1045 2096; x_wconf 84' lang='lat' dir='ltr'><strong>juramentum</strong></span> <span class='ocrx_word' id='word_1_108' title='bbox 1065 1988 1171 2095; x_wconf 92' lang='lat' dir='ltr'><strong>quod</strong></span> <span class='ocrx_word' id='word_1_109' title='bbox 1194 1989 1283 2068; x_wconf 78' lang='lat' dir='ltr'><strong>fecit</strong></span> <span class='ocrx_word' id='word_1_110' title='bbox 1303 2017 1392 2066; x_wconf 89' lang='lat' dir='ltr'><strong>eum</strong></span> <span class='ocrx_word' id='word_1_111' title='bbox 1417 1991 1501 2067; x_wconf 87' lang='lat' dir='ltr'><strong>exui</strong></span> <span class='ocrx_word' id='word_1_112' title='bbox 1522 2007 1660 2082; x_wconf 83' lang='lat' dir='ltr'><strong>vestes,</strong></span> <span class='ocrx_word' id='word_1_113' title='bbox 1685 2006 1723 2066; x_wconf 88' lang='lat' dir='ltr'><strong>et</strong></span> <span class='ocrx_word' id='word_1_114' title='bbox 1742 2017 1846 2065; x_wconf 87' lang='lat' dir='ltr'><strong>oscu-</strong></span> 
     </span>
     <span class='ocr_line' id='line_1_13' title="bbox 424 2116 1848 2224; baseline 0.001 -29"><span class='ocrx_word' id='word_1_115' title='bbox 424 2119 520 2196; x_wconf 91' lang='lat' dir='ltr'><strong>latus</strong></span> <span class='ocrx_word' id='word_1_116' title='bbox 545 2116 617 2196; x_wconf 84' lang='lat' dir='ltr'><strong>fuit</strong></span> <span class='ocrx_word' id='word_1_117' title='bbox 639 2117 818 2196; x_wconf 89' lang='lat' dir='ltr'><strong>eumdem</strong></span> <span class='ocrx_word' id='word_1_118' title='bbox 843 2135 1038 2224; x_wconf 88' lang='lat' dir='ltr'><strong>receptum</strong></span> <span class='ocrx_word' id='word_1_119' title='bbox 1060 2120 1098 2194; x_wconf 94' lang='lat' dir='ltr'><strong>in</strong></span> <span class='ocrx_word' id='word_1_120' title='bbox 1124 2118 1199 2196; x_wconf 86' lang='lat' dir='ltr'><strong>fine</strong></span> <span class='ocrx_word' id='word_1_121' title='bbox 1222 2120 1329 2224; x_wconf 90' lang='lat' dir='ltr'><strong>spine</strong></span> <span class='ocrx_word' id='word_1_122' title='bbox 1355 2119 1456 2198; x_wconf 87' lang='lat' dir='ltr'><strong>dorsi</strong></span> <span class='ocrx_word' id='word_1_123' title='bbox 1484 2121 1584 2196; x_wconf 89' lang='lat' dir='ltr'><strong>etin</strong></span> <span class='ocrx_word' id='word_1_124' title='bbox 1608 2119 1789 2198; x_wconf 87' lang='lat' dir='ltr'><strong>umbilico</strong></span> <span class='ocrx_word' id='word_1_125' title='bbox 1812 2136 1848 2196; x_wconf 85' lang='lat' dir='ltr'><strong>et</strong></span> 
     </span>
     <span class='ocr_line' id='line_1_14' title="bbox 423 2249 561 2326; baseline -0.014 0"><span class='ocrx_word' id='word_1_126' title='bbox 423 2249 462 2326; x_wconf 93' lang='lat' dir='ltr'><strong>in</strong></span> <span class='ocrx_word' id='word_1_127' title='bbox 483 2276 561 2326; x_wconf 89' lang='lat' dir='ltr'><strong>ore.</strong></span> 
     </span>
    </p>

    <p class='ocr_par' dir='ltr' id='par_1_4' title="bbox 423 2377 1848 2616">
     <span class='ocr_line' id='line_1_15' title="bbox 478 2377 1848 2486; baseline 0.001 -31"><span class='ocrx_word' id='word_1_128' title='bbox 478 2379 571 2456; x_wconf 86' lang='lat' dir='ltr'><strong>Item</strong></span> <span class='ocrx_word' id='word_1_129' title='bbox 592 2378 686 2456; x_wconf 84' lang='lat' dir='ltr'><strong>dixit</strong></span> <span class='ocrx_word' id='word_1_130' title='bbox 703 2378 809 2486; x_wconf 92' lang='lat' dir='ltr'><strong>quod</strong></span> <span class='ocrx_word' id='word_1_131' title='bbox 828 2378 948 2456; x_wconf 89' lang='lat' dir='ltr'><strong>eredit</strong></span> <span class='ocrx_word' id='word_1_132' title='bbox 972 2377 1077 2485; x_wconf 92' lang='lat' dir='ltr'><strong>quod</strong></span> <span class='ocrx_word' id='word_1_133' title='bbox 1096 2379 1158 2456; x_wconf 85' lang='lat' dir='ltr'><strong>alii</strong></span> <span class='ocrx_word' id='word_1_134' title='bbox 1189 2381 1321 2457; x_wconf 82' lang='lat' dir='ltr'><strong>fratres</strong></span> <span class='ocrx_word' id='word_1_135' title='bbox 1343 2380 1432 2458; x_wconf 91' lang='lat' dir='ltr'><strong>dicti</strong></span> <span class='ocrx_word' id='word_1_136' title='bbox 1458 2381 1603 2458; x_wconf 89' lang='lat' dir='ltr'><strong>ordinis</strong></span> <span class='ocrx_word' id='word_1_137' title='bbox 1617 2381 1848 2486; x_wconf 89' lang='lat' dir='ltr'><strong>recipiuntur</strong></span> 
     </span>
     <span class='ocr_line' id='line_1_16' title="bbox 423 2510 889 2616; baseline -0.006 -28"><span class='ocrx_word' id='word_1_138' title='bbox 423 2539 491 2616; x_wconf 90' lang='lat' dir='ltr'><strong>per</strong></span> <span class='ocrx_word' id='word_1_139' title='bbox 511 2510 691 2588; x_wconf 89' lang='lat' dir='ltr'><strong>eumdem</strong></span> <span class='ocrx_word' id='word_1_140' title='bbox 715 2510 889 2588; x_wconf 91' lang='lat' dir='ltr'><strong>modum.</strong></span> 
     </span>
    </p>

    <p class='ocr_par' dir='ltr' id='par_1_5' title="bbox 423 2639 1851 2878">
     <span class='ocr_line' id='line_1_17' title="bbox 479 2639 1846 2748; baseline 0.001 -31"><span class='ocrx_word' id='word_1_141' title='bbox 479 2642 571 2718; x_wconf 83' lang='lat' dir='ltr'><strong>Item</strong></span> <span class='ocrx_word' id='word_1_142' title='bbox 592 2639 683 2717; x_wconf 83' lang='lat' dir='ltr'><strong>dixit</strong></span> <span class='ocrx_word' id='word_1_143' title='bbox 697 2669 765 2748; x_wconf 88' lang='lat' dir='ltr'><strong>per</strong></span> <span class='ocrx_word' id='word_1_144' title='bbox 778 2640 1037 2748; x_wconf 88' lang='lat' dir='ltr'><strong>juramentum</strong></span> <span class='ocrx_word' id='word_1_145' title='bbox 1059 2668 1168 2716; x_wconf 90' lang='lat' dir='ltr'><strong>suum</strong></span> <span class='ocrx_word' id='word_1_146' title='bbox 1184 2641 1290 2747; x_wconf 92' lang='lat' dir='ltr'><strong>quod</strong></span> <span class='ocrx_word' id='word_1_147' title='bbox 1305 2641 1356 2728; x_wconf 82' lang='lat' dir='ltr'><strong>vi,</strong></span> <span class='ocrx_word' id='word_1_148' title='bbox 1372 2640 1430 2717; x_wconf 88' lang='lat' dir='ltr'><strong>vel</strong></span> <span class='ocrx_word' id='word_1_149' title='bbox 1448 2657 1552 2718; x_wconf 87' lang='lat' dir='ltr'><strong>metu</strong></span> <span class='ocrx_word' id='word_1_150' title='bbox 1573 2658 1846 2720; x_wconf 86' lang='lat' dir='ltr'><strong>tormentorum</strong></span> 
     </span>
     <span class='ocr_line' id='line_1_18' title="bbox 423 2770 1851 2878; baseline 0 -30"><span class='ocrx_word' id='word_1_151' title='bbox 423 2771 482 2849; x_wconf 87' lang='lat' dir='ltr'><strong>vel</strong></span> <span class='ocrx_word' id='word_1_152' title='bbox 501 2771 590 2850; x_wconf 87' lang='lat' dir='ltr'><strong>alias</strong></span> <span class='ocrx_word' id='word_1_153' title='bbox 604 2799 682 2848; x_wconf 91' lang='lat' dir='ltr'><strong>non</strong></span> <span class='ocrx_word' id='word_1_154' title='bbox 703 2770 794 2848; x_wconf 90' lang='lat' dir='ltr'><strong>dixit</strong></span> <span class='ocrx_word' id='word_1_155' title='bbox 809 2770 914 2847; x_wconf 91' lang='lat' dir='ltr'><strong>aliud</strong></span> <span class='ocrx_word' id='word_1_156' title='bbox 931 2799 1043 2876; x_wconf 91' lang='lat' dir='ltr'><strong>quam</strong></span> <span class='ocrx_word' id='word_1_157' title='bbox 1061 2771 1274 2860; x_wconf 86' lang='lat' dir='ltr'><strong>veritatem,</strong></span> <span class='ocrx_word' id='word_1_158' title='bbox 1295 2771 1420 2848; x_wconf 86' lang='lat' dir='ltr'><strong>necin</strong></span> <span class='ocrx_word' id='word_1_159' title='bbox 1439 2771 1631 2878; x_wconf 87' lang='lat' dir='ltr'><strong>premissis</strong></span> <span class='ocrx_word' id='word_1_160' title='bbox 1650 2772 1851 2851; x_wconf 85' lang='lat' dir='ltr'><strong>immiscuit</strong></span> 
     </span>
    </p>
   </div>
   <div class='ocr_carea' id='block_1_3' title="bbox 423 2888 1848 3111">
    <p class='ocr_par' dir='ltr' id='par_1_6' title="bbox 423 2888 1848 3111">
     <span class='ocr_line' id='line_1_19' title="bbox 424 2888 1848 3009; baseline -0.001 -29"><span class='ocrx_word' id='word_1_161' title='bbox 424 2902 587 3008; x_wconf 88' lang='lat' dir='ltr'><strong>aliquam</strong></span> <span class='ocrx_word' id='word_1_162' title='bbox 605 2901 819 2992; x_wconf 81' lang='lat' dir='ltr'><strong>salsitatem,</strong></span> <span class='ocrx_word' id='word_1_163' title='bbox 845 2920 882 2978; x_wconf 89' lang='lat' dir='ltr'><strong>et</strong></span> <span class='ocrx_word' id='word_1_164' title='bbox 898 2900 1003 3009; x_wconf 90' lang='lat' dir='ltr'><strong>quod</strong></span> <span class='ocrx_word' id='word_1_165' title='bbox 1019 2929 1154 3008; x_wconf 90' lang='lat' dir='ltr'><strong>puram</strong></span> <span class='ocrx_word' id='word_1_166' title='bbox 1176 2888 1367 2980; x_wconf 85' lang='lat' dir='ltr'><strong>veritatem</strong></span> <span class='ocrx_word' id='word_1_167' title='bbox 1386 2900 1477 2979; x_wconf 84' lang='lat' dir='ltr'><strong>dixit</strong></span> <span class='ocrx_word' id='word_1_168' title='bbox 1499 2929 1568 3007; x_wconf 88' lang='lat' dir='ltr'><strong>pro</strong></span> <span class='ocrx_word' id='word_1_169' title='bbox 1589 2902 1706 2980; x_wconf 89' lang='lat' dir='ltr'><strong>salute</strong></span> <span class='ocrx_word' id='word_1_170' title='bbox 1728 2903 1848 2980; x_wconf 88' lang='lat' dir='ltr'><strong>anime</strong></span> 
     </span>
     <span class='ocr_line' id='line_1_20' title="bbox 423 3061 502 3111; baseline -0.038 0"><span class='ocrx_word' id='word_1_171' title='bbox 423 3061 502 3111; x_wconf 87' lang='lat' dir='ltr'><strong>sue.</strong></span> 
     </span>
    </p>
   </div>
   <div class='ocr_carea' id='block_1_4' title="bbox 399 3295 1847 4973">
    <p class='ocr_par' dir='ltr' id='par_1_7' title="bbox 399 3295 1847 4973">
     <span class='ocr_line' id='line_1_21' title="bbox 479 3295 1844 3404; baseline -0.001 -30"><span class='ocrx_word' id='word_1_172' title='bbox 479 3299 573 3376; x_wconf 88' lang='lat' dir='ltr'><strong>Item</strong></span> <span class='ocrx_word' id='word_1_173' title='bbox 597 3295 711 3375; x_wconf 81' lang='lat' dir='ltr'><strong>frater</strong></span> <span class='ocrx_word' id='word_1_174' title='bbox 735 3297 909 3376; x_wconf 85' lang='lat' dir='ltr'><strong>Ansellus</strong></span> <span class='ocrx_word' id='word_1_175' title='bbox 935 3297 982 3374; x_wconf 94' lang='lat' dir='ltr'><strong>de</strong></span> <span class='ocrx_word' id='word_1_176' title='bbox 1008 3298 1191 3404; x_wconf 85' lang='lat' dir='ltr'><strong>Rocheria</strong></span> <span class='ocrx_word' id='word_1_177' title='bbox 1215 3296 1342 3386; x_wconf 85' lang='lat' dir='ltr'><strong>miles,</strong></span> <span class='ocrx_word' id='word_1_178' title='bbox 1365 3297 1648 3375; x_wconf 86' lang='lat' dir='ltr'><strong>Cathalanensis</strong></span> <span class='ocrx_word' id='word_1_179' title='bbox 1675 3297 1844 3385; x_wconf 86' lang='lat' dir='ltr'><strong>diocesis,</strong></span> 
     </span>
     <span class='ocr_line' id='line_1_22' title="bbox 425 3428 1847 3534; baseline -0.001 -29"><span class='ocrx_word' id='word_1_180' title='bbox 425 3429 531 3506; x_wconf 88' lang='lat' dir='ltr'><strong>etatis</strong></span> <span class='ocrx_word' id='word_1_181' title='bbox 542 3455 611 3508; x_wconf 83' lang='lat' dir='ltr'><strong>xxv</strong></span> <span class='ocrx_word' id='word_1_182' title='bbox 626 3457 812 3506; x_wconf 90' lang='lat' dir='ltr'><strong>annorum</strong></span> <span class='ocrx_word' id='word_1_183' title='bbox 827 3429 887 3506; x_wconf 85' lang='lat' dir='ltr'><strong>vel</strong></span> <span class='ocrx_word' id='word_1_184' title='bbox 898 3429 1009 3515; x_wconf 89' lang='lat' dir='ltr'><strong>circa,</strong></span> <span class='ocrx_word' id='word_1_185' title='bbox 1028 3429 1272 3518; x_wconf 83' lang='lat' dir='ltr'><strong>constitutus,</strong></span> <span class='ocrx_word' id='word_1_186' title='bbox 1285 3428 1434 3534; x_wconf 87' lang='lat' dir='ltr'><strong>juratus</strong></span> <span class='ocrx_word' id='word_1_187' title='bbox 1451 3446 1489 3506; x_wconf 86' lang='lat' dir='ltr'><strong>et</strong></span> <span class='ocrx_word' id='word_1_188' title='bbox 1502 3429 1703 3534; x_wconf 85' lang='lat' dir='ltr'><strong>requisitus</strong></span> <span class='ocrx_word' id='word_1_189' title='bbox 1718 3428 1847 3506; x_wconf 84' lang='lat' dir='ltr'><strong>eodem</strong></span> 
     </span>
     <span class='ocr_line' id='line_1_23' title="bbox 403 3556 1845 3668; baseline -0.003 -32"><span class='ocrx_word' id='word_1_190' title='bbox 403 3655 404 3660; x_wconf 6' lang='grc' dir='ltr'><strong>Ἰ</strong></span> <span class='ocrx_word' id='word_1_191' title='bbox 423 3559 554 3649; x_wconf 82' lang='lat' dir='ltr'><strong>modo,</strong></span> <span class='ocrx_word' id='word_1_192' title='bbox 568 3559 661 3636; x_wconf 88' lang='lat' dir='ltr'><strong>dixit</strong></span> <span class='ocrx_word' id='word_1_193' title='bbox 672 3589 740 3666; x_wconf 86' lang='lat' dir='ltr'><strong>per</strong></span> <span class='ocrx_word' id='word_1_194' title='bbox 747 3560 1008 3668; x_wconf 89' lang='lat' dir='ltr'><strong>juramentum</strong></span> <span class='ocrx_word' id='word_1_195' title='bbox 1017 3588 1131 3638; x_wconf 87' lang='lat' dir='ltr'><strong>suum</strong></span> <span class='ocrx_word' id='word_1_196' title='bbox 1150 3560 1256 3666; x_wconf 90' lang='lat' dir='ltr'><strong>quod</strong></span> <span class='ocrx_word' id='word_1_197' title='bbox 1272 3559 1312 3635; x_wconf 89' lang='lat' dir='ltr'><strong>in</strong></span> <span class='ocrx_word' id='word_1_198' title='bbox 1325 3558 1477 3638; x_wconf 87' lang='lat' dir='ltr'><strong>instanti</strong></span> <span class='ocrx_word' id='word_1_199' title='bbox 1493 3559 1686 3636; x_wconf 87' lang='lat' dir='ltr'><strong>Nativitate</strong></span> <span class='ocrx_word' id='word_1_200' title='bbox 1698 3556 1845 3636; x_wconf 90' lang='lat' dir='ltr'><strong>Domini</strong></span> 
     </span>
     <span class='ocr_line' id='line_1_24' title="bbox 424 3688 1847 3797; baseline -0.004 -29"><span class='ocrx_word' id='word_1_201' title='bbox 424 3708 535 3768; x_wconf 87' lang='lat' dir='ltr'><strong>erunt</strong></span> <span class='ocrx_word' id='word_1_202' title='bbox 558 3692 734 3784; x_wconf 79' lang='lat' dir='ltr'><strong>truanni,</strong></span> <span class='ocrx_word' id='word_1_203' title='bbox 755 3694 861 3797; x_wconf 93' lang='lat' dir='ltr'><strong>quod</strong></span> <span class='ocrx_word' id='word_1_204' title='bbox 886 3690 956 3768; x_wconf 90' lang='lat' dir='ltr'><strong>fuit</strong></span> <span class='ocrx_word' id='word_1_205' title='bbox 977 3710 1150 3796; x_wconf 88' lang='lat' dir='ltr'><strong>receptus</strong></span> <span class='ocrx_word' id='word_1_206' title='bbox 1169 3719 1238 3796; x_wconf 90' lang='lat' dir='ltr'><strong>per</strong></span> <span class='ocrx_word' id='word_1_207' title='bbox 1261 3689 1414 3768; x_wconf 81' lang='lat' dir='ltr'><strong>fratrem</strong></span> <span class='ocrx_word' id='word_1_208' title='bbox 1433 3689 1581 3768; x_wconf 90' lang='lat' dir='ltr'><strong>Bellum</strong></span> <span class='ocrx_word' id='word_1_209' title='bbox 1604 3689 1652 3768; x_wconf 90' lang='lat' dir='ltr'><strong>de</strong></span> <span class='ocrx_word' id='word_1_210' title='bbox 1677 3693 1730 3796; x_wconf 91' lang='lat' dir='ltr'><strong>Ly</strong></span> <span class='ocrx_word' id='word_1_211' title='bbox 1754 3688 1847 3765; x_wconf 90' lang='lat' dir='ltr'><strong>mili·</strong></span> 
     </span>
     <span class='ocr_line' id='line_1_25' title="bbox 421 3819 1846 3930; baseline -0.003 -32"><span class='ocrx_word' id='word_1_212' title='bbox 421 3838 516 3911; x_wconf 86' lang='lat' dir='ltr'><strong>tem,</strong></span> <span class='ocrx_word' id='word_1_213' title='bbox 528 3839 788 3930; x_wconf 89' lang='lat' dir='ltr'><strong>preceptorem</strong></span> <span class='ocrx_word' id='word_1_214' title='bbox 802 3821 953 3899; x_wconf 88' lang='lat' dir='ltr'><strong>ballivie</strong></span> <span class='ocrx_word' id='word_1_215' title='bbox 964 3820 1261 3910; x_wconf 76' lang='lat' dir='ltr'><strong>cathalanensis,</strong></span> <span class='ocrx_word' id='word_1_216' title='bbox 1273 3821 1511 3926; x_wconf 89' lang='lat' dir='ltr'><strong>presentibus</strong></span> <span class='ocrx_word' id='word_1_217' title='bbox 1521 3819 1633 3898; x_wconf 84' lang='lat' dir='ltr'><strong>fratre</strong></span> <span class='ocrx_word' id='word_1_218' title='bbox 1646 3819 1846 3927; x_wconf 87' lang='lat' dir='ltr'><strong>Hymberto</strong></span> 
     </span>
     <span class='ocr_line' id='line_1_26' title="bbox 425 3949 1847 4058; baseline -0.003 -30"><span class='ocrx_word' id='word_1_219' title='bbox 425 3951 472 4030; x_wconf 90' lang='lat' dir='ltr'><strong>de</strong></span> <span class='ocrx_word' id='word_1_220' title='bbox 497 3949 620 4030; x_wconf 87' lang='lat' dir='ltr'><strong>Cremi</strong></span> <span class='ocrx_word' id='word_1_221' title='bbox 651 3969 687 4030; x_wconf 88' lang='lat' dir='ltr'><strong>et</strong></span> <span class='ocrx_word' id='word_1_222' title='bbox 713 3951 825 4030; x_wconf 83' lang='lat' dir='ltr'><strong>fratre</strong></span> <span class='ocrx_word' id='word_1_223' title='bbox 851 3954 1010 4058; x_wconf 90' lang='lat' dir='ltr'><strong>Hugone</strong></span> <span class='ocrx_word' id='word_1_224' title='bbox 1035 3951 1189 4028; x_wconf 87' lang='lat' dir='ltr'><strong>Cocbet.</strong></span> <span class='ocrx_word' id='word_1_225' title='bbox 1213 3951 1351 4040; x_wconf 85' lang='lat' dir='ltr'><strong>milite,</strong></span> <span class='ocrx_word' id='word_1_226' title='bbox 1379 3954 1445 4058; x_wconf 91' lang='lat' dir='ltr'><strong>qui</strong></span> <span class='ocrx_word' id='word_1_227' title='bbox 1470 3951 1543 4028; x_wconf 83' lang='lat' dir='ltr'><strong>fuit</strong></span> <span class='ocrx_word' id='word_1_228' title='bbox 1568 3968 1738 4057; x_wconf 84' lang='lat' dir='ltr'><strong>receptus</strong></span> <span class='ocrx_word' id='word_1_229' title='bbox 1767 3977 1847 4026; x_wconf 90' lang='lat' dir='ltr'><strong>cum</strong></span> 
     </span>
     <span class='ocr_line' id='line_1_27' title="bbox 425 4080 1381 4188; baseline 0 -31"><span class='ocrx_word' id='word_1_230' title='bbox 425 4109 487 4172; x_wconf 82' lang='lat' dir='ltr'><strong>eo,</strong></span> <span class='ocrx_word' id='word_1_231' title='bbox 510 4098 547 4157; x_wconf 87' lang='lat' dir='ltr'><strong>et</strong></span> <span class='ocrx_word' id='word_1_232' title='bbox 562 4080 644 4158; x_wconf 85' lang='lat' dir='ltr'><strong>aliis</strong></span> <span class='ocrx_word' id='word_1_233' title='bbox 663 4081 710 4158; x_wconf 87' lang='lat' dir='ltr'><strong>de</strong></span> <span class='ocrx_word' id='word_1_234' title='bbox 725 4110 891 4188; x_wconf 87' lang='lat' dir='ltr'><strong>quorum</strong></span> <span class='ocrx_word' id='word_1_235' title='bbox 906 4081 1125 4159; x_wconf 90' lang='lat' dir='ltr'><strong>nominibus</strong></span> <span class='ocrx_word' id='word_1_236' title='bbox 1144 4109 1222 4158; x_wconf 91' lang='lat' dir='ltr'><strong>non</strong></span> <span class='ocrx_word' id='word_1_237' title='bbox 1237 4080 1381 4159; x_wconf 87' lang='lat' dir='ltr'><strong>recolit.</strong></span> 
     </span>
     <span class='ocr_line' id='line_1_28' title="bbox 399 4211 1846 4319; baseline -0.001 -31"><span class='ocrx_word' id='word_1_238' title='bbox 399 4227 408 4233; x_wconf 88' lang='lat'>&#39;</span> <span class='ocrx_word' id='word_1_239' title='bbox 480 4212 575 4288; x_wconf 89' lang='lat' dir='ltr'><strong>Item</strong></span> <span class='ocrx_word' id='word_1_240' title='bbox 602 4211 695 4289; x_wconf 88' lang='lat' dir='ltr'><strong>dixit</strong></span> <span class='ocrx_word' id='word_1_241' title='bbox 724 4240 792 4319; x_wconf 90' lang='lat' dir='ltr'><strong>per</strong></span> <span class='ocrx_word' id='word_1_242' title='bbox 816 4212 1075 4319; x_wconf 89' lang='lat' dir='ltr'><strong>juramentum</strong></span> <span class='ocrx_word' id='word_1_243' title='bbox 1099 4241 1211 4288; x_wconf 88' lang='lat' dir='ltr'><strong>suum</strong></span> <span class='ocrx_word' id='word_1_244' title='bbox 1236 4212 1353 4319; x_wconf 86' lang='lat' dir='ltr'><strong>quod,</strong></span> <span class='ocrx_word' id='word_1_245' title='bbox 1379 4240 1424 4289; x_wconf 89' lang='lat' dir='ltr'><strong>eo</strong></span> <span class='ocrx_word' id='word_1_246' title='bbox 1448 4230 1614 4318; x_wconf 82' lang='lat' dir='ltr'><strong>recepto,</strong></span> <span class='ocrx_word' id='word_1_247' title='bbox 1635 4213 1846 4318; x_wconf 87' lang='lat' dir='ltr'><strong>juramento</strong></span> 
     </span>
     <span class='ocr_line' id='line_1_29' title="bbox 423 4334 1846 4449; baseline 0 -31"><span class='ocrx_word' id='word_1_248' title='bbox 423 4334 580 4449; x_wconf 85' lang='lat' dir='ltr'><strong>prestito</strong></span> <span class='ocrx_word' id='word_1_249' title='bbox 598 4340 794 4420; x_wconf 85' lang='lat' dir='ltr'><strong>abeodem</strong></span> <span class='ocrx_word' id='word_1_250' title='bbox 811 4340 858 4418; x_wconf 89' lang='lat' dir='ltr'><strong>de</strong></span> <span class='ocrx_word' id='word_1_251' title='bbox 873 4344 1018 4420; x_wconf 89' lang='lat' dir='ltr'><strong>statutis</strong></span> <span class='ocrx_word' id='word_1_252' title='bbox 1036 4359 1074 4420; x_wconf 86' lang='lat' dir='ltr'><strong>et</strong></span> <span class='ocrx_word' id='word_1_253' title='bbox 1094 4342 1246 4421; x_wconf 88' lang='lat' dir='ltr'><strong>secretis</strong></span> <span class='ocrx_word' id='word_1_254' title='bbox 1260 4342 1405 4420; x_wconf 90' lang='lat' dir='ltr'><strong>ordinis</strong></span> <span class='ocrx_word' id='word_1_255' title='bbox 1425 4340 1679 4430; x_wconf 86' lang='lat' dir='ltr'><strong>observandis,</strong></span> <span class='ocrx_word' id='word_1_256' title='bbox 1698 4360 1737 4419; x_wconf 91' lang='lat' dir='ltr'><strong>et</strong></span> <span class='ocrx_word' id='word_1_257' title='bbox 1752 4371 1846 4418; x_wconf 87' lang='lat' dir='ltr'><strong>man·</strong></span> 
     </span>
     <span class='ocr_line' id='line_1_30' title="bbox 423 4471 1845 4580; baseline -0.002 -31"><span class='ocrx_word' id='word_1_258' title='bbox 423 4471 513 4551; x_wconf 84' lang='lat' dir='ltr'><strong>teilo</strong></span> <span class='ocrx_word' id='word_1_259' title='bbox 534 4472 604 4552; x_wconf 86' lang='lat' dir='ltr'><strong>sibi</strong></span> <span class='ocrx_word' id='word_1_260' title='bbox 625 4472 672 4549; x_wconf 92' lang='lat' dir='ltr'><strong>ad</strong></span> <span class='ocrx_word' id='word_1_261' title='bbox 692 4471 833 4550; x_wconf 91' lang='lat' dir='ltr'><strong>collum</strong></span> <span class='ocrx_word' id='word_1_262' title='bbox 849 4473 990 4580; x_wconf 82' lang='lat' dir='ltr'><strong>posito,</strong></span> <span class='ocrx_word' id='word_1_263' title='bbox 1014 4473 1197 4579; x_wconf 88' lang='lat' dir='ltr'><strong>recipiens</strong></span> <span class='ocrx_word' id='word_1_264' title='bbox 1214 4490 1360 4550; x_wconf 88' lang='lat' dir='ltr'><strong>ostensa</strong></span> <span class='ocrx_word' id='word_1_265' title='bbox 1385 4473 1456 4550; x_wconf 90' lang='lat' dir='ltr'><strong>sibi</strong></span> <span class='ocrx_word' id='word_1_266' title='bbox 1481 4501 1591 4549; x_wconf 86' lang='lat' dir='ltr'><strong>cruce</strong></span> <span class='ocrx_word' id='word_1_267' title='bbox 1618 4501 1704 4549; x_wconf 89' lang='lat' dir='ltr'><strong>cum</strong></span> <span class='ocrx_word' id='word_1_268' title='bbox 1730 4471 1845 4580; x_wconf 86' lang='lat' dir='ltr'><strong>effigie</strong></span> 
     </span>
     <span class='ocr_line' id='line_1_31' title="bbox 423 4603 1845 4712; baseline -0.002 -31"><span class='ocrx_word' id='word_1_269' title='bbox 423 4603 605 4694; x_wconf 88' lang='lat' dir='ltr'><strong>crucifixi,</strong></span> <span class='ocrx_word' id='word_1_270' title='bbox 622 4605 790 4712; x_wconf 86' lang='lat' dir='ltr'><strong>precepit</strong></span> <span class='ocrx_word' id='word_1_271' title='bbox 810 4604 881 4682; x_wconf 90' lang='lat' dir='ltr'><strong>sibi</strong></span> <span class='ocrx_word' id='word_1_272' title='bbox 899 4604 1005 4710; x_wconf 88' lang='lat' dir='ltr'><strong>quod</strong></span> <span class='ocrx_word' id='word_1_273' title='bbox 1024 4603 1226 4711; x_wconf 85' lang='lat' dir='ltr'><strong>abnegaret</strong></span> <span class='ocrx_word' id='word_1_274' title='bbox 1240 4631 1328 4680; x_wconf 92' lang='lat' dir='ltr'><strong>eum</strong></span> <span class='ocrx_word' id='word_1_275' title='bbox 1349 4621 1417 4693; x_wconf 86' lang='lat' dir='ltr'><strong>ter,</strong></span> <span class='ocrx_word' id='word_1_276' title='bbox 1437 4620 1474 4680; x_wconf 87' lang='lat' dir='ltr'><strong>et</strong></span> <span class='ocrx_word' id='word_1_277' title='bbox 1492 4621 1550 4680; x_wconf 90' lang='lat' dir='ltr'><strong>ter</strong></span> <span class='ocrx_word' id='word_1_278' title='bbox 1569 4620 1720 4710; x_wconf 86' lang='lat' dir='ltr'><strong>spueret</strong></span> <span class='ocrx_word' id='word_1_279' title='bbox 1739 4629 1845 4709; x_wconf 84' lang='lat' dir='ltr'><strong>supra</strong></span> 
     </span>
     <span class='ocr_line' id='line_1_32' title="bbox 425 4732 1845 4844; baseline -0.004 -32"><span class='ocrx_word' id='word_1_280' title='bbox 425 4763 572 4814; x_wconf 87' lang='lat' dir='ltr'><strong>crucem</strong></span> <span class='ocrx_word' id='word_1_281' title='bbox 601 4751 638 4812; x_wconf 84' lang='lat' dir='ltr'><strong>et</strong></span> <span class='ocrx_word' id='word_1_282' title='bbox 660 4735 873 4844; x_wconf 84' lang='lat' dir='ltr'><strong>ymaginem</strong></span> <span class='ocrx_word' id='word_1_283' title='bbox 900 4735 1107 4841; x_wconf 84' lang='lat' dir='ltr'><strong>predictas;</strong></span> <span class='ocrx_word' id='word_1_284' title='bbox 1127 4762 1221 4841; x_wconf 87' lang='lat' dir='ltr'><strong>quas</strong></span> <span class='ocrx_word' id='word_1_285' title='bbox 1249 4732 1541 4842; x_wconf 86' lang='lat' dir='ltr'><strong>abnegacionem</strong></span> <span class='ocrx_word' id='word_1_286' title='bbox 1561 4751 1599 4811; x_wconf 90' lang='lat' dir='ltr'><strong>et</strong></span> <span class='ocrx_word' id='word_1_287' title='bbox 1619 4733 1845 4840; x_wconf 84' lang='lat' dir='ltr'><strong>spuicionem</strong></span> 
     </span>
     <span class='ocr_line' id='line_1_33' title="bbox 424 4864 1455 4973; baseline 0 -31"><span class='ocrx_word' id='word_1_288' title='bbox 424 4867 502 4973; x_wconf 89' lang='lat' dir='ltr'><strong>ipse</strong></span> <span class='ocrx_word' id='word_1_289' title='bbox 522 4864 612 4945; x_wconf 87' lang='lat' dir='ltr'><strong>fecit</strong></span> <span class='ocrx_word' id='word_1_290' title='bbox 631 4865 766 4957; x_wconf 80' lang='lat' dir='ltr'><strong>semel,</strong></span> <span class='ocrx_word' id='word_1_291' title='bbox 791 4894 835 4943; x_wconf 83' lang='lat' dir='ltr'><strong>ox</strong></span> <span class='ocrx_word' id='word_1_292' title='bbox 854 4893 938 4955; x_wconf 85' lang='lat' dir='ltr'><strong>ore,</strong></span> <span class='ocrx_word' id='word_1_293' title='bbox 961 4866 1121 4942; x_wconf 90' lang='lat' dir='ltr'><strong>sednon</strong></span> <span class='ocrx_word' id='word_1_294' title='bbox 1140 4864 1270 4955; x_wconf 80' lang='lat' dir='ltr'><strong>cordo,</strong></span> <span class='ocrx_word' id='word_1_295' title='bbox 1292 4883 1336 4943; x_wconf 88' lang='lat' dir='ltr'><strong>ut</strong></span> <span class='ocrx_word' id='word_1_296' title='bbox 1353 4865 1455 4942; x_wconf 88' lang='lat' dir='ltr'><strong>dicit.</strong></span> 
     </span>
    </p>
   </div>
   <div class='ocr_carea' id='block_1_5' title="bbox 0 0 2126 5890">
    <p class='ocr_par' dir='ltr' id='par_1_8' title="bbox 0 0 2126 5890">
     <span class='ocr_line' id='line_1_34' title="bbox 0 0 2126 5890; baseline 0 1"><span class='ocrx_word' id='word_1_297' title='bbox 0 0 2126 5890; x_wconf 95' lang='lat' dir='ltr'><strong> </strong></span> 
     </span>
    </p>
   </div>
  </div>
 </body>
</html>
