4210 5882
404 546 478 619 sss
796 522 992 616 moces
1018 541 1113 614 ons
1138 539 1437 613 rsurxrxus.

458 687 551 763 Item
565 683 680 762 frater
695 685 925 774 Laurencius
940 685 986 761 de
1002 684 1162 788 Trenay‚
1184 681 1292 759 etatis
1309 679 1552 788 quadraginta
1569 706 1772 766 annorum,
1789 696 1831 754 ut

402 815 567 904 dicebat,
585 815 720 892 eodem
741 814 856 892 modo
878 815 1118 900 constitutus,
1130 811 1278 920 juratus
1295 827 1333 888 et
1346 810 1564 918 requisitus,
1588 809 1679 887 dixit
1690 837 1758 918 per
1768 808 1831 915 ju-

401 962 614 1024 ramentum
635 973 747 1023 suum
762 945 867 1052 quod
885 943 957 1022 suit
976 949 1149 1049 receptus
1167 942 1206 1019 in
1223 944 1337 1020 domo
1354 943 1494 1021 Cursus
1511 941 1679 1020 Gibouin
1694 940 1830 1047 Lingo-

401 1077 530 1153 nensis
539 1075 715 1168 diocesis,
727 1076 880 1154 seranni
894 1092 980 1153 sunt
993 1074 1123 1181 elapsi,
1136 1072 1364 1180 persratrem
1378 1073 1609 1179 Stephanum
1620 1069 1828 1178 d’Espciliy‚

400 1207 638 1312 presentibus
665 1206 776 1284 fratre
796 1206 1007 1284 Laurencio
1032 1206 1080 1282 de
1109 1203 1241 1296 belna,
1270 1203 1381 1282 fratre
1401 1204 1615 1283 Christiano
1638 1201 1830 1310 quondam

401 1337 662 1416 barbitonsore
679 1338 875 1416 visitatoris
891 1337 1062 1426 Francis,
1086 1353 1124 1414 et
1139 1335 1366 1442 quibusdam
1382 1335 1463 1413 aliis
1476 1337 1526 1413 de
1540 1363 1702 1443 quorum
1716 1334 1831 1410 nomi·

402 1467 515 1546 nibus
534 1497 612 1546 non
631 1468 860 1546 recordatur.
881 1469 983 1546 Dixit
997 1467 1116 1544 eciam
1135 1467 1466 1573 perjuramentum
1486 1494 1598 1544 suum
1615 1465 1831 1572 quod,post

402 1598 539 1676 multas
556 1599 822 1705 promissiones
843 1599 890 1676 de
907 1599 1148 1676 observandis
1167 1597 1330 1686 statutis,
1351 1597 1511 1675 decretis
1532 1615 1570 1674 et
1583 1595 1830 1704 observanciis

404 1727 493 1805 dicti
518 1729 662 1808 ordinis
682 1730 727 1806 ab
749 1757 794 1806 eo
814 1728 943 1830 factas,
967 1731 1090 1807 dietus
1113 1729 1299 1834 recipiens
1327 1729 1509 1833 aportavit
1530 1729 1602 1806 sibi
1630 1727 1828 1836 quemdam

319 1845 320 1850 ¹
404 1887 554 1936 crucem
565 1887 713 1966 parvam
723 1860 880 1937 viridem
892 1859 939 1938 de
950 1859 1316 1967 ligno‚necvidetur
1326 1858 1397 1936 sibi
1409 1858 1515 1965 quod
1524 1859 1576 1936 ibi
1591 1876 1688 1936 esset
1698 1883 1829 1966 ymago

404 1988 586 2080 crucifixi3
600 2007 651 2066 ¹et
673 1991 842 2096 precepit
865 1989 935 2067 sibi
956 1988 1062 2096 quod
1083 2005 1236 2095 spueret
1255 2015 1366 2092 supra
1391 2017 1541 2066 crucem
1564 2007 1635 2077 ter,
1659 1988 1747 2094 quia
1771 1987 1831 2064 hic

405 2137 484 2196 erat
499 2119 637 2197 modus
653 2136 690 2197 et
707 2149 797 2198 usus
817 2119 961 2197 ordinis
981 2117 1146 2226 Templi3
1166 2120 1295 2226 etipse
1315 2119 1381 2226 qui
1400 2119 1571 2226 loquitur
1583 2137 1677 2197 tnnc
1689 2119 1830 2226 fingens

404 2268 463 2327 ter
476 2277 611 2356 spuere
622 2279 736 2357 supra
747 2279 915 2340 crucem,
932 2251 1033 2357 spuit
1050 2251 1099 2328 ad
1118 2268 1268 2328 terram.

460 2382 711 2488 Interrogatus
732 2383 778 2458 de
804 2381 950 2471 osculo,
978 2381 1070 2458 dixit
1088 2410 1156 2488 per
1169 2381 1427 2489 juramentum
1455 2409 1566 2459 suurn
1588 2380 1694 2486 quod
1712 2381 1830 2457 dictus

404 2511 589 2618 recipiens
605 2511 693 2590 fecit
706 2540 745 2590 se
765 2511 925 2618 osculari
939 2513 985 2590 ab
1006 2512 1107 2589 eoin
1124 2512 1323 2602 umbilico,
1345 2511 1545 2590 sublevatis
1563 2511 1728 2590 vestibus
1742 2511 1828 2588 suis.

404 2642 505 2720 Dixit
529 2641 646 2719 eciam
665 2672 733 2750 per
750 2644 1006 2751 juramentum
1025 2672 1137 2720 suurn
1156 2643 1357 2750 requisitus
1379 2643 1484 2750 quod
1505 2643 1628 2720 dictus
1647 2641 1830 2748 recipiens

406 2771 499 2848 dixit
510 2772 582 2850 sibi
602 2773 706 2878 quod
726 2775 756 2850 si
776 2773 879 2850 calor
894 2773 1073 2850 naturalis
1086 2791 1252 2852 moveret
1266 2802 1372 2861 eum,
1389 2773 1495 2878 quod
1510 2789 1658 2880 poterat
1676 2800 1716 2849 se
1729 2799 1829 2850 corn·

406 2903 561 2978 miscere
583 2902 778 2981 cameliter
796 2933 882 2980 cum
903 2902 1076 2980 fratribus
1097 2903 1183 2981 dicti
1201 2904 1355 2982 ordinis.
1446 2939 1447 2947 ¹

462 3033 712 3140 interrogatus
732 3050 858 3110 utrum
877 3036 930 3122 vi,
956 3053 1019 3111 aut
1043 3051 1146 3111 metu
1172 3051 1449 3112 tormentorum
1474 3034 1533 3112 vel
1560 3033 1735 3123 carceris,
1768 3061 1830 3112 seu

408 3162 532 3270 aliqua
553 3163 623 3240 alia
640 3164 689 3242 de
709 3191 833 3253 causo,
855 3165 1015 3272 aliquam
1035 3163 1232 3243 falsitatem
1252 3165 1498 3244 immiscuerit
1523 3166 1562 3242 in
1592 3163 1829 3270 deposicione

407 3321 491 3384 sua,
514 3310 578 3372 aut
594 3295 785 3373 veritatem
804 3295 976 3385 tacuerit,
1000 3295 1093 3374 dixit
1118 3324 1185 3401 per
1199 3296 1457 3401 juramentum
1474 3325 1585 3374 suurn
1605 3295 1711 3402 quod
1735 3323 1828 3383 non;

406 3423 523 3502 immo
542 3453 675 3530 puram
699 3425 841 3503 dixerat
860 3427 1064 3504 veritatem.

462 3687 553 3763 Item
574 3685 694 3766 frater
709 3687 897 3766 iohannes
920 3688 968 3766 de
990 3689 1163 3768 Poissons
1185 3690 1398 3796 bergerius,
1421 3691 1528 3768 etatis
1547 3717 1630 3768 xxxx
1651 3715 1828 3766 annorum
1859 3675 1864 3684 ⁸

283 3917 288 3924 .
404 3815 464 3916 vel
479 3815 590 3907 circa,
612 3834 654 3894 ut
674 3818 835 3907 dicebat,
861 3820 996 3897 eodem
1016 3820 1132 3897 modo
1148 3821 1387 3911 constitutus,
1403 3823 1552 3929 juratus
1573 3837 1611 3898 et
1629 3821 1830 3926 interroga-

397 3964 485 4038 tus,
515 3945 607 4023 dixit
634 3976 703 4053 per
721 3949 977 4054 juramentum
1011 3980 1122 4029 suum
1148 3953 1253 4058 quod
1282 3950 1354 4028 suit
1378 3967 1551 4058 receptus
1574 3951 1614 4028 in
1642 3952 1757 4029 domo
1784 3949 1829 4026 de

406 4076 565 4154 Buxiere
588 4079 837 4183 Lingonensis
868 4081 1042 4168 diocesis,
1068 4111 1136 4189 per
1160 4082 1312 4159 fratrem
1340 4083 1562 4160 Ymbertum
1592 4080 1640 4159 de
1659 4081 1829 4162 Vianesio

303 4221 306 4226 '
406 4223 665 4312 preceptorem
685 4209 845 4286 baillivie
865 4209 1097 4301 d'Aveleure‚
1120 4214 1356 4319 presentibus
1377 4213 1555 4291 fratribus
1575 4211 1766 4320 Stephano
1785 4211 1829 4288 de

407 4335 596 4428 Vianesio‚
622 4337 825 4417 Guillelmo
848 4338 895 4417 de
919 4341 1013 4420 Gres
1032 4359 1071 4420 et
1093 4342 1298 4421 Guilleimo
1318 4343 1366 4421 de
1385 4345 1521 4432 Bures,
1544 4358 1582 4420 et
1606 4343 1830 4450 quibusdam

407 4464 488 4544 aliis
506 4467 555 4544 de
575 4496 739 4576 quorum
756 4471 974 4550 nominibus
992 4499 1068 4550 non
1089 4474 1231 4552 recolit.

464 4597 565 4676 Dixit
574 4601 692 4676 eciam
705 4630 774 4708 per
782 4602 1039 4708 juramentum
1056 4632 1165 4682 suurn
1180 4605 1304 4711 (prod,
1321 4578 1405 4711 post
1417 4605 1552 4683 multas
1566 4604 1830 4712 promissiones

409 4726 455 4805 ab
467 4756 512 4805 eo
523 4727 635 4806 iactas
647 4731 693 4808 de
708 4732 855 4809 statutis
870 4749 907 4810 et
922 4733 1169 4812 observanciis
1183 4734 1273 4812 dicti
1289 4736 1431 4814 ordinis
1443 4734 1697 4825 observandis,
1712 4734 1831 4812 dictus

408 4859 592 4966 recipiens
613 4861 780 4940 ostendit
799 4863 868 4942 sibi
890 4863 1090 4970 quamdam
1110 4895 1258 4945 crucem
1273 4866 1546 4974 discoopertam
1560 4865 1749 4945 coloribus
1768 4890 1831 4970 pre
