4210 5882
423 577 495 652 toa
600 589 603 596 ¹
814 553 1459 648 rsoossorsrnurtrrus

421 720 527 796 finxit
541 723 580 794 s'e
594 689 717 824 ipsum
733 714 911 801 osculari,
926 714 994 792 sed
1007 741 1084 790 non
1097 711 1219 818 tetigit
1234 740 1382 790 carnem
1398 737 1517 790 suam.
1534 711 1637 789 Dixit
1653 712 1769 790 eciam
1782 741 1849 819 per

416 853 674 957 juramentum
690 875 800 924 snum
820 845 926 954 quod
942 845 1062 922 dictus
1076 841 1266 948 recipiens·
1277 843 1442 921 ostendit
1460 841 1531 918 sibi
1549 840 1753 948 quamdam
1769 873 1849 920 cru-

421 1008 503 1056 cem
523 980 701 1085 ligneam,
713 996 750 1054 et
763 975 933 1081 precepit
947 973 1018 1053 sibi
1035 970 1141 1079 quod
1160 972 1363 1079 abnegaret
1380 973 1488 1052 illum
1503 972 1568 1078 qui
1579 970 1710 1050 luerat
1723 1001 1848 1078 passus

421 1113 460 1187 in
479 1139 539 1198 ea,
562 1126 599 1186 et
619 1107 723 1215 quod
743 1125 893 1212 spueret
912 1134 1025 1211 supra
1040 1131 1206 1199 erucem,
1229 1121 1267 1182 et
1286 1105 1366 1211 ipse
1386 1105 1453 1211 qui
1471 1103 1643 1211 loquitur
1657 1103 1850 1211 abnegavit

422 1241 554 1330 semel,
574 1257 611 1318 et
626 1241 731 1316 linxit
743 1267 782 1314 se
794 1265 929 1344 spuere
949 1265 1061 1343 supra
1074 1263 1240 1325 crucem,
1258 1235 1326 1314 sed
1341 1234 1499 1342 spuebat
1513 1234 1562 1312 ad
1575 1253 1728 1324 terram,
1745 1252 1788 1312 ut
1798 1235 1848 1311 di-

422 1375 473 1447 xit
487 1399 554 1478 per
564 1371 823 1478 juramentum
844 1396 968 1445 suurn.
990 1367 1091 1444 Dixit
1112 1367 1229 1442 eciam
1249 1395 1318 1472 per
1332 1366 1592 1474 juramentum
1612 1395 1723 1442 suum
1746 1364 1847 1472 quod

423 1503 630 1608 injunctum
650 1497 802 1577 luitsibi
823 1499 927 1606 quod
947 1498 977 1575 si
994 1497 1095 1574 calor
1114 1496 1294 1575 naturalis
1314 1514 1482 1575 moveret
1501 1523 1606 1586 eum,
1624 1497 1730 1603 quod
1749 1525 1847 1574 com-

422 1633 594 1709 misceret
609 1659 648 1708 se
661 1659 748 1707 cum
758 1630 887 1736 aliquo
900 1630 948 1706 de
964 1628 1139 1706 fratribus
1152 1627 1241 1705 dicti
1257 1629 1413 1716 ordinis,
1431 1645 1468 1704 et
1477 1629 1551 1706 boc
1568 1627 1671 1704 idem
1684 1626 1756 1704 sibi
1766 1627 1846 1704 lieri

421 1765 467 1839 ab
488 1761 568 1840 aliis
588 1762 764 1838 fratribus
773 1777 980 1866 pateretur,
998 1777 1034 1836 et
1054 1758 1174 1836 credit
1185 1786 1253 1864 per
1268 1760 1524 1866 juramentum
1541 1786 1652 1836 suum
1670 1757 1775 1862 quod
1787 1757 1846 1834 alii

421 1895 551 1972 fratres
574 1892 665 1970 dicti
680 1891 823 1969 ordinis
847 1890 1079 1997 recipiuntur
1102 1917 1170 1994 per
1195 1891 1374 1967 eumdem
1403 1889 1573 1968 modum.
1598 1891 1847 1994 Interrogatus

421 2053 489 2129 per
498 2025 755 2130 juramentum
774 2051 886 2099 suum
905 2039 1032 2099 utrum
1052 2023 1130 2128 ipse
1151 2023 1203 2109 vi,
1226 2020 1283 2098 vel
1302 2038 1407 2098 metu
1428 2020 1585 2098 carceris
1599 2048 1669 2096 seu
1685 2036 1847 2096 tormen-

421 2173 563 2242 torum,
584 2171 648 2231 aut
659 2153 791 2241 alias,'
780 2182 822 2229 m
838 2153 1028 2259 premissis
1043 2153 1290 2232 immiscuerit
1303 2169 1368 2229 aut
1385 2152 1520 2230 dixerit
1532 2149 1697 2258 aliquam
1712 2149 1847 2226 falsita-

421 2303 515 2372 tem,
543 2303 606 2361 aut
635 2284 860 2363 subticuerit
884 2284 1094 2371 veritatem,
1125 2283 1217 2362 dixit
1238 2311 1307 2388 per
1327 2284 1587 2389 juramentum
1610 2309 1721 2358 snum
1745 2281 1846 2386 quod

421 2445 512 2505 non,
530 2432 567 2492 et
585 2414 688 2520 quod
713 2443 873 2523 puram
865 2415 1058 2490 veritatem
1080 2413 1173 2489 dixit
1191 2430 1229 2489 et
1248 2441 1402 2490 meram.

478 2543 611 2621 Actum
622 2543 811 2621 Parisios
801 2571 842 2620 rn
863 2542 1040 2620 domibus
1057 2542 1224 2648 Templi,
1246 2543 1485 2648 presentibus
1509 2541 1696 2650 religiosis
1719 2558 1758 2618 et
1781 2543 1846 2618 bo-

423 2673 538 2774 nestis
558 2673 645 2750 viris
668 2671 843 2751 fratribus
867 2672 1019 2750 Nicolao
1041 2672 1088 2750 de
1111 2669 1326 2760 busseiaco,
1349 2673 1556 2750 Laurentio
1581 2670 1628 2748 de
1652 2670 1843 2758 Nannetis,

420 2801 602 2880 Duraodo
622 2803 669 2879 de
690 2803 826 2881 Sancto
845 2803 1042 2890 Porciano,
1065 2800 1271 2907 Reginaldo
1293 2801 1342 2878 de
1362 2801 1560 2890 Credrdio,
1592 2800 1779 2879 Gossoino
1799 2801 1845 2878 de

420 2931 640 3023 Brabancia,
663 2931 833 3010 Jobaune
850 2932 901 3008 de
921 2931 1057 3010 Sancto
1072 2931 1292 3019 Vincentio,
1318 2931 1462 3009 ordinis
1489 2949 1527 3008 et
1552 2947 1756 3008 conventus
1780 2929 1846 3007 lra-

419 3079 522 3138 trum
537 3061 819 3138 Predicatorum
835 3061 1113 3149 Parisiensium,
1134 3077 1171 3138 et
1187 3061 1347 3138 discreto
1362 3061 1441 3138 viro
1457 3060 1621 3167 Syrnone
1643 3062 1692 3139 de
1711 3061 1846 3140 Monti-

419 3193 550 3296 gniaco
567 3189 717 3267 baillivo
737 3189 1010 3280 Aurelianend,
1032 3189 1192 3268 testibus
1209 3191 1257 3267 ad
1274 3190 1347 3266 hoo
1365 3190 1504 3268 voeatis
1524 3207 1561 3267 et
1578 3191 1728 3297 rogatis.

478 3454 571 3528 Item
591 3478 707 3539 anno,
731 3451 920 3528 indicione
935 3469 974 3528 et
986 3449 1205 3558 pontificatu
1224 3450 1418 3557 predictis,
1442 3450 1504 3526 die
1522 3477 1583 3527 xix
1605 3451 1694 3528 dicti
1709 3453 1845 3528 mensis

419 3583 649 3669 novembris,
671 3583 711 3658 in
730 3580 893 3690 religiosi
915 3599 952 3660 et
973 3581 1122 3660 bonesti
1138 3583 1206 3658 viri
1227 3581 1316 3658 dicti
1335 3579 1456 3658 fratris
1477 3583 1674 3660 Lamenoii
1691 3583 1740 3658 de
1754 3583 1846 3658 Nan·

420 3712 517 3791 netis
537 3711 782 3790 commissarii
803 3712 891 3790 dicti
913 3712 1058 3789 domini
1076 3712 1325 3819 inquisitoris,
1344 3729 1514 3789 nostrum
1533 3711 1767 3790 notariorum
1779 3741 1845 3817 pu-

419 3841 1841 3948 blicorumettestiuminfrascriptorumpresenciapersonaliterconstitutus,

418 3971 532 4048 frater
549 3973 689 4052 Boinus
711 3971 869 4077 predicti
889 3972 1034 4050 ordinis
1048 3971 1216 4077 Templi,
1235 3971 1342 4049 etatis
1360 3995 1470 4051 xxvur
1486 3999 1687 4062 annorum,
1699 3971 1843 4078 juratus

420 4101 557 4179 eodem
576 4103 742 4180 modoet
762 4102 965 4208 requisitus
977 4102 1102 4182 dicere
1120 4103 1166 4178 de
1187 4131 1226 4180 se
1248 4103 1353 4182 etde
1372 4103 1453 4180 aliis
1473 4102 1560 4180 dicti
1577 4102 1720 4184 ordinis
1734 4103 1844 4178 Tem-

419 4230 488 4336 pli,
508 4248 546 4308 et
566 4232 613 4309 de
628 4233 744 4310 modo
765 4233 994 4338 reoepcionis
1016 4261 1105 4320 sue,
1126 4234 1165 4310 in
1192 4261 1302 4310 eausa
1322 4232 1413 4310 fidei
1433 4234 1642 4321 veritatem,
1665 4232 1760 4310 dixit
1776 4259 1844 4337 per

414 4362 671 4468 juramentur'n
686 4390 797 4440 suum
817 4364 924 4469 qnod
938 4381 1108 4469 receptus
1128 4363 1199 4442 fuit
1218 4364 1258 4442 in
1280 4363 1395 4442 domo
1411 4365 1457 4442 de
1473 4363 1635 4442 Rodolio
1654 4363 1844 4442 Catbalau-

419 4491 545 4568 nensis
571 4492 746 4583 diocesis,
767 4511 930 4599 quatuor
949 4495 1035 4570 anni
1062 4513 1174 4572 erunt
1196 4493 1350 4572 infesto
1370 4494 1519 4572 instanti
1544 4493 1749 4573 Natiuitatis
1767 4491 1844 4586 Do-

418 4621 529 4712 mini,
549 4650 617 4728 per
635 4623 788 4702 fratrem
806 4624 1013 4703 iohannem
1033 4628 1173 4704 Demar
1192 4643 1451 4732 preceptorem
1471 4625 1567 4702 dicte
1586 4626 1739 4714 domus,
1766 4651 1843 4729 pre·

418 4752 587 4832 sentibus
600 4751 777 4832 fratribus
796 4755 965 4832 Iohanne
979 4754 1027 4832 de
1039 4755 1243 4834 Vaudrueil
1258 4773 1296 4834 et
1309 4757 1475 4863 quodam
1490 4755 1566 4835 alio
1585 4771 1716 4834 vocato
1729 4743 1840 4832 fratre

417 4884 640 4975 Guillelmo‚
671 4903 708 4964 et
732 4885 959 4994 quibusdam
989 4885 1068 4964 aliis
1096 4887 1144 4964 de
1169 4915 1333 4994 quorum
1352 4888 1569 4968 nominibus
1593 4915 1669 4966 non
1692 4883 1836 4965 recolit.
