4320 5898
415 476 464 554 sc
803 453 1002 550 rnocns
1029 473 1122 546 ons
1149 471 1450 546 cananeas.

414 617 541 728 quoad
571 616 688 730 licita,
721 615 788 696 sed
821 617 948 726 primo
985 616 1139 696 dixerat.
1164 614 1204 692 in
1240 611 1415 723 generale
1450 609 1603 688 fratrem
1641 607 1846 716 quemdam

413 749 574 830 militem
594 747 858 856 Lotoringum,
884 749 994 858 eujus
1014 776 1155 864 nornen
1181 745 1242 826 vel
1271 771 1483 854 cognomen
1502 743 1665 851 ignorat,
1692 740 1732 818 in
1755 769 1848 848 qua·

413 883 502 961 dam
531 909 677 960 camera
702 881 840 960 domus
862 880 1014 988 Templi
1047 881 1094 958 de
1124 879 1329 959 Moncourt
1356 873 1639 957 Cathnlanensis
1666 872 1845 963 diocesis,

412 1043 482 1122 per
500 1014 645 1092 dictum
668 1011 825 1092 fratrem
852 1014 1006 1092 Petrum
1031 1013 1079 1090 de
1105 1011 1415 1100 Torbona,'snnt
1438 1034 1522 1088 xxvt
1543 1005 1632 1104 anni
1651 1003 1711 1085 vel
1733 1005 1844 1096 circa,

412 1144 651 1253 presentibus
674 1146 776 1225 dicto
795 1144 909 1224 fratre
931 1144 1136 1252 Raynaudo
1162 1160 1201 1221 et
1224 1143 1306 1250 ipso
1325 1158 1434 1220 teste.
1463 1140 1569 1222 Vidit
1588 1138 1706 1217 eciam
1731 1136 1846 1246 recipi

412 1276 566 1356 fratrem
576 1275 777 1356 Terrioum
791 1275 827 1354 le
842 1275 942 1354 Petit
954 1273 1218 1353 Laudunensis
1231 1273 1409 1376 diocesis,
1424 1285 1462 1350 et
1476 1271 1630 1350 fratrem
1642 1271 1798 1348 Petrum
1811 1267 1846 1346 le

413 1411 568 1518 Bergier
584 1409 631 1486 de
645 1407 890 1488 Viromandia
905 1387 1109 1520 servientes
1122 1405 1339 1514 quondam,
1357 1402 1472 1482 simul
1492 1403 1532 1480 in
1553 1401 1695 1509 capella
1710 1401 1847 1478 domus

413 1529 565 1647 Templi
583 1539 630 1616 de
644 1539 733 1618 Bois
746 1536 945 1615 Remensis
958 1536 1138 1626 diocesis,
1155 1563 1224 1642 per
1237 1533 1393 1614 fratrem
1408 1533 1634 1612 Therricum
1650 1531 1847 1640 quondam

413 1686 676 1778 preceptorem
690 1687 785 1748 tunc
797 1667 963 1747 baillivie
979 1669 1027 1746 de
1043 1666 1226 1757 Merlans,
1243 1665 1483 1774 presentibus
1501 1663 1682 1743 fratribus
1695 1661 1847 1742 Albrico

414 1802 638 1912 agricultore
660 1818 699 1882 et
718 1802 886 1910 quodam
906 1800 981 1879 alio
1001 1799 1175 1910 bergerio
1197 1797 1296 1876 dicte
1324 1799 1462 1877 domus
1480 1796 1547 1905 qui
1567 1795 1769 1875 vocabatur
1787 1796 1849 1873 Pe-

412 1953 512 2028 trus,
537 1951 625 2014 sunt
651 1961 754 2013 xxmt
779 1933 868 2012 anni
888 1933 948 2012 vel
977 1933 1085 2011 circa.
1107 1931 1281 2010 Plurinm
1295 1928 1593 2038 recepcionibus
1619 1953 1698 2007 non
1714 1927 1848 2007 recolit

413 2095 452 2144 se
479 2063 718 2159 interfuisse,
747 2083 791 2145 ut
812 2065 916 2144 dixit.
942 2065 1159 2174 Requisitus
1190 2063 1324 2142 iterato
1342 2064 1373 2141 si
1402 2061 1523 2140 credit
1538 2060 1645 2169 quod
1667 2060 1707 2138 in
1726 2087 1848 2168 recep

288 2205 291 2212 “
413 2197 586 2276 sionibus
619 2198 782 2277 aliorum
815 2197 875 2276 vel
906 2199 1177 2306 predictorum·
1195 2196 1255 2276 vel
1289 2213 1375 2306 post
1405 2196 1691 2275 intervenerunt
1722 2193 1847 2302 aliqua

412 2327 558 2419 illicita,
586 2331 784 2438 respondit
801 2359 843 2409 se
861 2332 996 2440 pocius
1028 2330 1181 2409 credere
1206 2329 1312 2439 quod
1330 2356 1409 2409 non
1428 2329 1714 2410 intervenerunt
1734 2355 1846 2436 quam

413 2461 655 2540 contrarium.
686 2463 805 2555 Item,
842 2461 937 2540 dixit
964 2462 1072 2572 quod
1101 2462 1200 2540 bene
1230 2461 1409 2540 credebat
1439 2459 1697 2539 ecelesiasticis
1728 2488 1847 2538 sacra·

415 2591 573 2684 mentis,
604 2609 643 2671 et
666 2593 787 2674 credit
810 2594 915 2704 quod
930 2593 993 2672 alii
1014 2592 1146 2672 fratres
1169 2593 1316 2672 ordinis
1338 2592 1475 2672 eodem
1494 2594 1611 2672 modo
1631 2592 1844 2678 crederent,

414 2738 453 2801 et
466 2724 572 2830 quod
597 2752 731 2804 eorum
755 2725 967 2804 sacerdotes
988 2725 1116 2804 debite
1141 2723 1386 2802 celebrarent.
1416 2725 1550 2804 Statim
1576 2753 1647 2832 pro
1671 2721 1847 2831 professis
1888 2701 1892 2706 ⁵

413 2853 662 2934 habebantur.
688 2854 870 2935 durabant
898 2857 1074 2934 ordinem
1099 2883 1177 2934 non
1203 2856 1314 2932 exire.
1341 2855 1584 2934 Clandestine
1613 2854 1848 2963 recipieban-

412 3003 486 3077 tnr,
514 2987 629 3068 nullis
648 2987 887 3097 presentibus
906 2989 979 3066 nisi
998 2986 1175 3064 iratribus
1206 2986 1362 3065 ordinis.
1389 2986 1568 3066 Cordulis
1600 2985 1848 3096 cingebantur

413 3120 631 3228 assumptis·
647 3119 751 3197 unde
780 3116 958 3198 volebant
977 3145 1090 3224 supra
1112 3117 1281 3194 camisias
1308 3147 1395 3195 cum
1419 3119 1560 3226 quibus
1579 3118 1766 3228 jacebant.
1788 3120 1845 3230 ln-

408 3248 641 3355 jungebatur
661 3249 715 3328 eis
731 3249 770 3326 in
786 3247 962 3355 gencrale
978 3249 1086 3356 quod
1099 3276 1180 3326 non
1197 3247 1407 3328 revelarent
1421 3267 1563 3329 secreta
1578 3249 1843 3358 capitulorum,

413 3409 491 3463 non
515 3380 688 3458 faciendo
712 3377 914 3486 specialem
942 3378 1182 3458 mencionem
1206 3379 1254 3458 de
1279 3380 1396 3458 modo
1416 3379 1664 3488 recepcionis‚
1690 3398 1728 3458 et
1753 3382 1846 3460 dice·

411 3510 525 3589 batur
544 3513 598 3590 eis
609 3512 712 3619 quod
729 3508 760 3588 si
776 3510 1005 3616 revelarent,
1027 3510 1233 3619 perderent
1247 3509 1434 3590 habitum.
1451 3512 1710 3593 Eleemosinas
1725 3531 1763 3592 et
1777 3515 1846 3593 ho·

411 3644 653 3752 spitalitatem
666 3642 760 3722 vidit
778 3642 1046 3722 convenienter
1063 3642 1148 3720 lieri
1168 3659 1206 3722 et
1223 3643 1358 3720 servari
1379 3644 1418 3721 in
1440 3644 1619 3722 domibus
1639 3645 1783 3724 ordinis
1805 3647 1844 3726 in

411 3775 550 3884 quibus
566 3773 706 3852 exstitit
719 3789 992 3872 commoratus,
1010 3790 1049 3850 et
1063 3772 1302 3852 reservabant
1316 3773 1463 3853 bonum
1483 3777 1613 3856 vinum
1632 3807 1702 3885 pro
1718 3778 1844 3858 soren-

348 3985 354 3992 ,
411 3907 529 3986 sibus.
553 3904 836 4012 Precipiebatur
861 3905 915 3982 eis
935 3905 1040 4012 quod
1060 3904 1198 3982 debitis
1215 3905 1353 3998 modis,
1377 3910 1445 3987 sed
1466 3937 1545 3988 non
1565 3909 1763 4002 indebitis,
1786 3941 1843 3990 ac·

411 4039 607 4148 quirerent
642 4036 779 4116 ordini.
813 4036 1001 4144 Capitolia
1024 4036 1227 4146 singularia
1252 4039 1394 4147 quibus
1418 4040 1590 4119 interluit
1610 4042 1705 4121 vidit
1722 4045 1841 4124 teneri

412 4173 460 4250 de
480 4172 560 4260 die,
577 4170 706 4281 januis
725 4169 878 4262 clausis,
899 4169 1016 4250 nullis
1030 4171 1269 4278 presentibus
1290 4171 1362 4251 nisi
1387 4173 1565 4254 fratribus
1588 4175 1754 4265 ordinis,
1777 4177 1841 4285 qui

410 4319 590 4382 servasset
624 4303 740 4410 quod,
754 4311 921 4412 'magnus
951 4303 1126 4410 Magister
1165 4332 1253 4382 eum
1289 4321 1475 4385 conventu
1500 4305 1701 4385 statuisset.
1735 4307 1843 4384 Nunc

410 4435 566 4542 grandia
590 4433 780 4525 scandala,
805 4433 967 4542 suspicio
993 4452 1031 4514 et
1051 4434 1203 4514 infamia
1231 4454 1320 4515 sunt
1341 4452 1467 4516 exorta
1495 4457 1624 4517 contra
1645 4438 1839 4526 ordinem,

408 4567 458 4644 ad
478 4568 584 4676 cujus
604 4566 878 4646 deffensionem
900 4594 938 4645 se
964 4566 1155 4647 obtulerat
1174 4597 1250 4646 una
1270 4598 1357 4647 curn
1373 4569 1472 4661 aliis,
1494 4587 1625 4649 contra
1642 4601 1759 4680 quem
1776 4598 1841 4648 au·

409 4697 502 4778 divit
521 4698 595 4776 dici
616 4727 796 4808 magnum
816 4699 1037 4809 Magistrum
1055 4719 1094 4780 et
1108 4700 1202 4780 alios
1222 4701 1347 4810 aliqua
1363 4703 1552 4784 confessos
1566 4703 1699 4795 fuisse3
1719 4721 1757 4782 et
1770 4700 1842 4781 luit

407 4829 445 4910 in
481 4830 722 4940 deposicione
755 4860 824 4910 sua
856 4849 1083 4939 protestatus
1108 4833 1212 4942 quod
1239 4860 1317 4912 non
1354 4834 1577 4914 intendebat
1606 4834 1785 4914 recedere
1821 4859 1842 4910 a
