4242 5890
704 541 909 634 raocts
936 560 1032 634 ons
1058 560 1362 636 rsurtrnns.
1670 567 1745 638 ara

318 697 560 780 observandis
577 715 614 778 et
629 700 790 780 clamide
810 701 883 782 sibi
901 703 1022 808 posita
1039 702 1089 782 sd
1102 702 1260 793 collum,
1282 705 1381 809 ipse,
1398 703 1447 780 de
1465 722 1644 812 precepto
1656 708 1747 784 reci-
1818 751 1821 761 ·

315 829 470 936 picride,
496 830 684 912 osculatos
703 831 777 911 suit
791 831 934 912 dictum
948 832 1193 941 recipientem
1207 835 1334 942 primo
1353 835 1393 913 in
1408 831 1485 914 line
1498 835 1606 940 spine
1625 836 1744 927 dorsi,

316 959 484 1044 secundo
502 961 541 1040 in
555 962 738 1042 umbilico
752 979 790 1042 et
801 963 915 1042 tertio
931 963 971 1042 in
985 991 1065 1061 oro.
1077 965 1125 1044 Et
1138 983 1268 1072 postea
1282 964 1448 1072 prefatus
1462 965 1648 1072 recipiens
1659 965 1748 1046 fecit

317 1119 404 1172 eum
423 1091 610 1204 abnegare
635 1093 756 1172 semel
780 1121 930 1188 crucem
951 1093 1024 1174 sibi
1048 1111 1254 1186 ostensam,
1280 1113 1317 1174 ct
1340 1095 1568 1204 propositam
1593 1095 1746 1203 abipso

314 1223 520 1329 recipiente
536 1222 691 1302 nominc
706 1251 774 1302 seu
790 1224 942 1303 radone
958 1224 1038 1333 ojus
1053 1225 1119 1331 qui
1138 1225 1211 1304 luit
1230 1225 1269 1304 in
1285 1253 1329 1304 ee
1343 1225 1560 1316 crucifixus,
1573 1225 1747 1306 videlicet

316 1353 496 1432 dominam
511 1353 647 1432 lbesus
660 1353 851 1445 Christus,
868 1367 978 1434 atter
993 1383 1129 1462 spuere
1147 1381 1259 1463 supra
1274 1385 1369 1436 eam.
1391 1359 1438 1470 Et
1457 1357 1747 1436 decantaverunt

314 1482 499 1590 recipiens
518 1484 636 1562 etalii
656 1483 789 1564 fratres
805 1485 897 1564 dicti
917 1486 1061 1566 ordinis
1082 1487 1149 1593 qui
1166 1486 1216 1566 sd
1233 1486 1308 1567 boc
1327 1504 1433 1566 erant
1446 1505 1637 1594 presentes
1650 1488 1746 1594 qual-

276 1705 284 1722 ·
313 1641 421 1694 mum
448 1616 814 1718 sesquatorum
842 1631 877 1694 et
903 1643 1006 1720 quom
1027 1617 1215 1724 jocundus
1236 1618 1393 1704 latitare
1406 1619 1543 1723 fratrer
1563 1624 1599 1694 in
1626 1623 1746 1696 crtum!

313 1742 361 1820 Et
379 1741 473 1822 dixit
488 1743 554 1822 ille
572 1744 639 1851 qui
663 1744 844 1852 loquitur,
871 1774 941 1854 per
960 1747 1217 1854 juramentum
1236 1776 1367 1838 suum,
1388 1749 1495 1854 quod
1520 1748 1747 1828 intensionis

313 1901 381 1952 sue
396 1890 476 1952 eret
490 1874 594 1981 quod
613 1861 809 1957 tentabant
830 1874 942 1956 illurn
961 1875 1165 1984 psalmum
1189 1894 1228 1958 et
1247 1878 1320 1958 boc
1335 1895 1584 1985 preceperunt
1597 1877 1668 1959 cibi
1685 1877 1747 1958 ills

313 2003 528 2084 intencione
544 2005 651 2112 quod
669 2033 769 2086 unus
788 2004 946 2084 haberet
965 2035 1047 2086 rem
1067 2007 1264 2090 carnaliter
1282 2037 1370 2089 curn
1387 2007 1474 2090 clio.
1495 2009 1747 2118 interrogatus

312 2151 442 2212 utrum
457 2133 594 2214 viderit
611 2134 807 2244 quoddam
821 2137 943 2244 capud
961 2137 1069 2246 quod
1089 2137 1277 2228 adoratur,
1300 2155 1344 2220 ut
1364 2138 1514 2227 dicitur,
1534 2167 1554 2218 a
1569 2138 1747 2222 fratribus

314 2264 403 2344 dicti
422 2267 568 2348 ordinis
585 2267 830 2348 existentibus
844 2268 884 2350 in
896 2267 1067 2376 capitulis
1084 2269 1341 2378 generalibus,
1361 2269 1454 2352 dixit
1474 2297 1543 2376 per
1554 2270 1747 2378 juramen-

313 2412 394 2472 tum
413 2423 525 2474 suum
540 2397 646 2505 quod
657 2399 727 2490 sic,
743 2398 944 2481 duodecim
964 2399 1110 2478 vicibus
1126 2400 1166 2478 iu
1186 2400 1388 2482 duodecim
1410 2399 1598 2508 capitulis,
1614 2416 1654 2478 et
1668 2401 1766 2507 spes

247 2609 249 2614 ,
313 2523 454 2604 cialiter
468 2525 507 2603 in
528 2527 691 2633 capitulo
705 2530 810 2636 quod
826 2529 899 2608 fuit
911 2531 1090 2620 Parisios,
1105 2531 1169 2612 die
1186 2531 1317 2612 Martis
1334 2548 1420 2638 post
1439 2530 1577 2614 testum
1599 2549 1747 2639 aposto·

312 2654 438 2734 lorum
454 2657 566 2734 ·Petri
592 2675 630 2736 et
655 2657 760 2738 Pauli
789 2658 927 2744 ultimo
959 2661 1195 2766 preteritum.
1235 2663 1489 2770 Interrogatus
1515 2662 1628 2770 quale
1649 2681 1743 2754 orat,

314 2783 407 2868 dixit
423 2786 528 2892 quod
548 2803 607 2866 est
624 2787 820 2894 quoddam
840 2789 961 2897 capud
976 2819 1065 2870 cum
1084 2791 1201 2872 barbo
1220 2793 1327 2900 quod
1341 2793 1514 2882 adorant,
1531 2791 1747 2876 osculantur
1884 2871 1886 2876 .

314 2933 351 2991 et
368 2931 502 2993 vocent
521 2916 740 2994 salvatorem
759 2946 885 2998 suum.
911 2919 1166 3028 Interrogatus
1186 2921 1253 3001 ubi
1275 2940 1392 3012 esset,
1421 2921 1617 3030 respondit
1639 2924 1746 3030 quod

312 3047 430 3124 nescit
446 3044 513 3128 ubi
528 3046 592 3139 sit,
606 3047 666 3128 rel
680 3045 747 3127 ubi
763 3049 984 3134 custoditur.
994 3051 1127 3134 suadit
1141 3068 1268 3136 tamen
1286 3053 1393 3159 quod
1407 3053 1746 3161 magnusMagister

313 3175 472 3266 ordinis,
487 3176 547 3256 vel
567 3175 632 3258 ille
649 3176 717 3284 qui
732 3195 837 3260 tenet
856 3179 1077 3286 capitulum,
1100 3183 1264 3266 custodit
1277 3181 1386 3264 illud.
1399 3184 1486 3278 Quo
1495 3182 1610 3273 facto,
1623 3184 1746 3264 dictus
1840 3289 1845 3294 ,

313 3306 492 3388 dominus
506 3307 707 3414 inquisitor
719 3309 836 3415 peciit
854 3309 901 3393 ab
921 3337 985 3400 co,
1009 3339 1078 3419 per
1088 3310 1347 3419 juramentum
1368 3341 1480 3400 suum
1501 3315 1607 3395 tactis
1625 3343 1746 3394 sacro

312 3436 448 3516 sanctis
466 3435 674 3544 Evangeliis
692 3437 831 3522 iterum
855 3437 1014 3530 factum,
1034 3416 1162 3524 utrum
1182 3442 1222 3520 in
1244 3442 1486 3549 deposiciooe
1506 3441 1572 3528 'sus
1591 3463 1746 3552 propter

312 3583 515 3656 tormenta,
543 3565 602 3648 rel
622 3583 769 3650 metum
792 3586 1088 3662 torrnestorum,
1110 3570 1169 3652 rel
1194 3570 1319 3680 aliqua
1339 3571 1409 3656 alia
1428 3599 1553 3664 muts,
1577 3574 1744 3682 aliquam

230 3787 233 3794 Ι
312 3695 506 3778 veritatem
529 3697 724 3791 nannet,
744 3697 803 3782 vel
822 3698 1022 3812 falsitatem
1042 3702 1309 3790 immiscuisset
1331 3703 1390 3789 vcl
1404 3703 1574 3796 dixissen
1596 3705 1663 3812 qui
1688 3733 1743 3784 rc·

312 3826 486 3932 spondit,
505 3855 575 3934 por
592 3857 706 3930 suum
720 3830 933 3936 predictum
942 3832 1223 3941 juramentum,
1244 3834 1593 3943 quadraminum
1611 3864 1743 3942 puram

311 3955 506 4041 raritatem
526 3957 670 4042 oxma
688 3975 727 4038 et
746 3987 902 4044 merom.

367 4084 504 4168 baum
517 4088 756 4195 presentibus
771 4090 872 4174 dicto
885 4090 996 4176 fratrc
1014 4094 1058 4178 a.
1076 4094 1203 4202 priore
1224 4093 1271 4179 de
1288 4095 1466 4186 rodaco,
1485 4113 1523 4182 ot
1536 4093 1744 4184 Guillclruo

314 4214 362 4294 de
381 4217 588 4328 Hsngesto,
608 4237 647 4298 et
662 4218 747 4308 aliis
760 4222 920 4304 testibus
937 4222 987 4306 sd
1005 4223 1080 4306 hoc
1098 4226 1249 4309 vocaus.

367 4479 463 4558 Item
484 4478 599 4560 buter
625 4481 852 4590 Regineldus
870 4483 919 4566 de
938 4483 1166 4596 Trsmblayo
1196 4487 1394 4594 presbiter,
1421 4489 1527 4597 prior
1551 4487 1652 4574 dicte
1677 4488 1745 4570 do-

312 4635 397 4686 mus
415 4609 568 4719 Templi
588 4613 766 4707 Parisios,
783 4614 824 4694 in
845 4613 935 4694 dicti
954 4615 1101 4698 domini
1115 4616 1365 4726 inquisitoris,
1390 4633 1563 4712 nostrum
1584 4619 1745 4703 notario

309 4765 397 4840 rum
417 4740 659 4848 publiconsm
684 4761 724 4822 et
740 4744 904 4826 ⁴testium
932 4745 1255 4858 infrascriptarum
1283 4750 1475 4858 potencia
1495 4747 1744 4858 personaliter

314 4870 555 4964 constitutus,
567 4873 1142 4985 anno,indicione,pnntilicstu,
1154 4896 1299 4962 auocet
1311 4879 1622 4987 dispredictis,in
1634 4879 1743 4960 dictis
