4486 5890
579 406 626 482 st
963 386 1160 482 rsocss
1188 405 1283 480 nus
1309 406 1613 482 rsuvmsrs.
1648 379 1652 392 ’

576 570 710 630 testem
732 576 843 657 supra
863 549 1136 638 examinatum,
1158 549 1198 624 in
1218 547 1360 654 capella
1382 549 1520 627 domus
1538 548 1689 657 Templi
1717 550 1765 628 de
1784 549 1911 632 Insula
1929 553 2002 631 Bo-

575 682 724 770 chardi,
741 709 809 788 per
828 680 972 759 dictum
991 678 1145 758 fratrem
1164 680 1377 756 lohannem
1398 680 1445 758 de
1462 681 1598 760 Sancto
1618 682 1841 773 benedicto,
1855 711 2001 791 presen-

491 819 495 828 “
573 813 679 890 tibus
705 810 884 889 iratribus
903 812 1014 890 Petro
1042 809 1090 888 de
1110 811 1245 888 Sancto
1272 811 1498 900 Benedicto,
1521 829 1559 889 et
1586 811 1737 890 Andrea
1769 817 2000 920 carpentario

577 943 677 1022 dicte
698 941 851 1030 domus,
875 941 1079 1020 deffuneto.
1102 940 1275 1018 Plurium
1295 943 1584 1047 reccpciouibus
1610 970 1688 1020 uon
1713 944 1847 1021 recolit
1870 973 1909 1022 se
1935 945 2000 1022 ad-

574 1073 708 1160 fuisse,
737 1102 808 1150 nec
826 1073 910 1164 scit,
933 1101 1003 1151 nec
1023 1071 1158 1163 credit,
1180 1099 1252 1150 nec
1272 1073 1415 1151 audivit
1434 1074 1509 1152 dici
1537 1073 1643 1183 quod
1667 1073 1706 1150 in
1735 1075 1846 1153 dictis
1873 1103 2000 1180 recep-

572 1204 747 1282 sionibus
764 1203 822 1281 vel
837 1219 922 1310 post
942 1203 1087 1310 aliquid
1100 1203 1344 1280 intervenerit
1359 1203 1617 1284 inhonestum.
1632 1206 1848 1312 Requisitus
1863 1205 1894 1284 si
1908 1205 2002 1284 vidit

575 1334 740 1442 aliquem
761 1362 805 1412 er
825 1333 935 1412 dictis
954 1332 1116 1440 receptis
1132 1333 1219 1410 duci
1241 1334 1291 1410 ad
1309 1352 1456 1440 partem
1471 1353 1558 1442 post
1575 1335 1800 1414 mantellum
1822 1336 1878 1414 eis
1890 1336 2001 1413 tradi-

574 1484 655 1543 tum
670 1466 728 1544 vel
744 1482 846 1555 ante,
864 1464 1061 1570 respondit
1074 1465 1181 1571 quod
1197 1492 1286 1542 non.

630 1596 845 1702 Requisitus
861 1596 891 1672 si
907 1596 960 1672 sic
975 1595 1201 1701 deposuerat
1215 1623 1342 1702 prece,
1360 1599 1720 1703 precepto,timore,
1733 1626 1878 1690 amore,
1891 1598 1998 1686 odio,

574 1727 633 1804 vel
648 1726 846 1833 temporali
862 1726 1024 1803 comodo
1044 1724 1174 1803 habito
1188 1724 1249 1802 vel
1265 1725 1460 1819 habendo,
1482 1728 1680 1834 respondit
1698 1729 1803 1836 quod
1822 1755 1916 1817 non,
1934 1728 2000 1806 sed

575 1885 644 1962 pro
669 1856 822 1932 veritate
849 1855 1030 1941 dicenda:
1056 1855 1117 1932 cui
1147 1853 1220 1931 fuit
1243 1856 1455 1962 injunctum
1481 1859 1586 1964 quod
1605 1888 1682 1937 non
1703 1859 1884 1937 revelaret
1903 1861 1999 1937 hanc

577 2014 682 2061 suam
705 1984 1001 2088 depositionem,
1023 1999 1223 2090 'quousque
1246 1987 1506 2066 attestaciones
1528 1987 1669 2067 luerint
1688 1989 1889 2097 publicato.

630 2251 758 2326 Frater
776 2245 965 2331 lohannes
995 2256 1043 2333 de
1068 2255 1230 2335 lluivans
1259 2274 1457 2366 preceptor
1476 2260 1613 2338 domus
1633 2260 1782 2367 Templi
1804 2259 1852 2336 de
1872 2255 1999 2336 Lauda

574 2385 753 2476 mancha,
779 2385 1004 2464 pictavensis
1025 2387 1382 2484 discernentem,
1402 2393 1510 2470 testis
1526 2419 1638 2497 supra
1652 2390 1817 2498 juratus,
1839 2385 1998 2466 mantel-

573 2532 654 2608 lum
672 2527 816 2606 ordinis
833 2544 871 2603 et
884 2524 1041 2603 barbam
1058 2525 1261 2613 defferens,
1282 2521 1600 2631 quadragenarius
1613 2519 1672 2597 vel
1692 2519 1803 2606 circa,
1820 2547 1907 2597 cum
1923 2545 1998 2626 quo

574 2659 800 2767 inquisitum
823 2655 960 2746 brerat,
986 2655 1181 2734 absolutus
1206 2671 1245 2733 et
1269 2652 1532 2731 reconciliatus
1558 2679 1626 2758 per
1655 2648 1856 2728 officialem
1880 2648 1998 2725 Picta·

577 2816 746 2879 vensem,
773 2788 878 2866 lectis
898 2804 936 2864 et
962 2787 1164 2892 diligenter
1183 2783 1254 2864 sibi
1276 2781 1450 2890 expositis
1475 2781 1655 2860 omnibus
1676 2796 1713 2859 et
1732 2778 1889 2886 singulis
1911 2777 1997 2854 arti-

575 2918 685 3009 culis,
707 2916 902 3024 respondit
921 2916 1025 3023 quod
1046 2942 1240 3022 nunquam
1259 2915 1403 2993 viderat
1421 2911 1536 3020 recipi
1561 2912 1601 2989 in
1620 2910 1754 2988 ordine
1777 2909 1850 2988 nisi
1867 2907 1998 2985 fratres

574 3049 808 3128 Gausredum
826 3045 1038 3126 Gemmerii
1059 3044 1238 3135 militem,
1260 3045 1325 3150 qui
1351 3044 1417 3120 ivit
1441 3042 1539 3120 ultra
1563 3067 1665 3118 mare
1692 3057 1731 3116 et
1752 3037 1997 3146 postmodum

520 3161 525 3168 ⁸
576 3208 653 3257 non
676 3179 806 3266 rediit,
828 3194 867 3256 et
884 3174 1079 3283 quondam
1100 3175 1217 3253 alium
1237 3173 1418 3260 militem,
1439 3173 1545 3280 cujus
1565 3197 1706 3250 nomen
1730 3187 1769 3247 et
1788 3193 1996 3275 cognomen

504 3387 511 3408 ,
573 3311 738 3416 ignorat,
760 3306 828 3385 sed
848 3306 967 3385 credit
987 3305 1092 3412 quod
1118 3322 1214 3384 esset
1235 3306 1282 3382 de
1304 3302 1559 3383 Lemovicensi
1581 3301 1742 3389 diocesi;
1769 3316 1806 3378 et
1829 3297 1999 3404 Baudoy·

574 3469 668 3517 num
692 3455 870 3546 nepotem
904 3437 1027 3515 fratris
1047 3437 1197 3518 Martini
1223 3435 1454 3542 preceptoris
1475 3433 1522 3512 dc
1543 3432 1771 3520 Maloleone,
1805 3429 1911 3508 testis
1931 3427 1998 3504 ho-

574 3571 636 3647 die
658 3568 875 3661 examinati,
897 3567 963 3676 qui
987 3567 1160 3646 similiter
1183 3567 1324 3673 recepti
1345 3565 1498 3646 ficerunt
1520 3591 1702 3642 unacum
1724 3562 1806 3669 ipso
1824 3575 1940 3648 teste,
1957 3559 1995 3633 in

573 3699 711 3806 capella
738 3699 876 3776 domus
900 3698 1051 3805 Templi
1080 3697 1127 3774 de
1155 3697 1255 3775 Cuso
1280 3695 1506 3772 Pictavensis
1532 3693 1709 3786 diocesis,
1736 3691 1832 3768 circu
1856 3689 1997 3768 instans

572 3829 710 3906 festum
724 3829 826 3906 beati
845 3825 1015 3904 Barnabe
1036 3842 1187 3904 eruntx
1207 3825 1294 3902 anni
1314 3824 1373 3902 vel
1393 3825 1505 3912 circa,
1526 3851 1595 3930 per
1609 3821 1764 3902 fratrem
1778 3823 1931 3902 Petrum
1948 3817 1995 3894 de

571 3956 775 4034 Villaribus
797 3955 960 4034 militem
983 3955 1195 4063 quondam,
1217 3973 1476 4062 preceptorem
1501 3971 1594 4032 tunc
1615 3951 1792 4039 Pictavie,
1815 3948 1999 4058 presenti-

572 4087 645 4164 bus
663 4085 839 4164 fratribus
858 4085 1020 4164 Mutina
1040 4104 1079 4164 et
1094 4087 1264 4164 lohanne
1284 4085 1470 4177 Durandi‚
1492 4085 1653 4162 testibus
1672 4082 1843 4191 proximo
1862 4081 1998 4160 exami-

572 4217 685 4306 natis,
708 4233 747 4295 et
765 4216 971 4325 Baudoyno
992 4217 1039 4294 de
1059 4216 1169 4298 Cheli
1183 4217 1331 4304 milite,
1353 4217 1419 4323 qui
1440 4213 1704 4306 transfretavit,
1732 4213 1780 4290 de
1801 4211 1907 4320 cujus
1926 4211 1996 4289 vita

574 4347 630 4425 vel
659 4364 782 4425 morte
812 4374 890 4424 non
916 4345 1031 4424 habet
1055 4348 1342 4438 certitudinem
1382 4363 1419 4424 et
1446 4344 1666 4424 Audeberto
1695 4361 1916 4451 preceptore
1948 4340 1993 4418 de

572 4477 690 4568 Cuso,
711 4476 777 4585 qui
804 4476 1007 4565 detinetur,
1036 4494 1080 4555 ut
1103 4477 1240 4570 credit,
1272 4477 1368 4584 apud
1396 4476 1613 4567 Niorcium;
1642 4491 1681 4553 et
1709 4473 1920 4554 Guillelmo
1949 4470 1995 4548 de

571 4609 700 4704 Blere,
720 4607 789 4716 qui
804 4607 996 4684 detinetur
1008 4607 1108 4715 apud
1122 4608 1357 4717 Caynonem,
1373 4606 1543 4685 Iohanne
1558 4606 1605 4683 de
1620 4605 1756 4682 Sancto
1769 4601 1990 4688 Benedicto,

570 4757 666 4819 teste
686 4765 797 4847 supra
814 4737 1040 4830 examinato,
1070 4755 1108 4816 et
1125 4739 1295 4817 lohanne
1317 4737 1365 4816 de
1383 4739 1508 4815 liunus
1532 4732 1717 4813 avunculo
1737 4733 1854 4840 ipsius
1873 4729 1992 4820 testis,
