4210 5882
406 563 479 633 sse
793 543 987 636 raocts
1014 559 1109 634 uas
1135 559 1432 632 ruurusns

405 718 572 779 mentum
598 701 701 808 quod
726 699 799 778 suit
823 720 995 810 receptus
1019 701 1121 808 apud
1149 703 1266 780 Bures
1292 699 1538 808 lingonensis
1565 699 1740 790 diocesis,
1764 702 1829 779 de-

404 859 485 908 cem
508 831 564 908 vel
589 831 793 910 duodecim
816 833 903 909 anni
932 849 1019 911 sunt
1039 830 1171 937 elapsi,
1197 859 1267 937 per
1291 831 1444 910 fratrem
1472 831 1625 906 Petrum
1651 829 1700 908 de
1724 829 1830 910 Sivre'

402 979 660 1070 preceptorem
676 962 825 1040 ballivie
842 963 888 1040 de
901 963 1029 1051 Barea,
1043 991 1120 1040 uon
1138 962 1356 1040 recordatur
1374 962 1421 1038 de
1441 961 1663 1038 nominibus
1681 989 1830 1069 presen-

403 1093 516 1168 cium.
534 1093 636 1169 Dixit
651 1093 761 1170 etiam
775 1120 844 1199 per
850 1093 1110 1199 jurameutum
1126 1121 1239 1169 suum
1255 1091 1361 1199 quod
1376 1090 1500 1168 dictus
1516 1109 1726 1198 preceptor,
1743 1111 1829 1201 post

268 1291 275 1300 .
402 1221 826 1327 multas'promissiones
845 1221 891 1299 ab
913 1248 958 1298 eo
978 1220 1090 1299 lactas
1118 1223 1165 1298 de
1186 1221 1427 1300 observandis
1449 1222 1595 1300 statutis
1614 1239 1651 1298 et
1676 1225 1826 1301 secretis

402 1351 489 1427 dicti
510 1353 672 1440 ordinis,
695 1369 733 1429 et
747 1351 925 1430 mantello
937 1352 1008 1431 sibi
1024 1353 1073 1428 ad
1093 1353 1232 1431 collum
1252 1350 1394 1458 posito,
1416 1350 1538 1429 dicon
1553 1371 1751 1460 preceptor
1765 1383 1827 1462 ap-

401 1483 560 1587 portavit
579 1482 650 1562 sibi
671 1483 865 1589 quoddam
895 1481 1045 1559 missale
1066 1483 1105 1560 iu
1130 1510 1206 1589 quo
1237 1497 1316 1559 orat
1335 1509 1425 1558 crux
1445 1509 1531 1558 oum
1557 1482 1680 1589 effigie
1711 1485 1825 1564 lbesu

400 1611 557 1703 Christi,
581 1631 619 1692 et
640 1614 772 1720 petivit
790 1612 837 1690 ab
859 1639 905 1692 eo
924 1629 1053 1690 utrum
1080 1613 1252 1690 crederet
1270 1614 1310 1688 in
1331 1639 1419 1690 eum
1446 1613 1553 1720 cujus
1582 1613 1724 1722 effigies
1749 1634 1827 1693 erat

399 1741 475 1832 ibi;
504 1762 543 1821 et
567 1744 646 1851 ipse
667 1743 863 1852 respondit
882 1743 986 1851 quod
1006 1743 1076 1835 sic;
1098 1761 1136 1821 et
1158 1761 1250 1821 tunc
1267 1744 1436 1850 precepit
1455 1743 1527 1820 sibi
1547 1743 1653 1850 quod
1673 1763 1827 1852 negaret

400 1902 503 1963 eum,
528 1891 566 1952 et
585 1876 689 1981 quod
710 1890 862 1980 spueret
880 1901 994 1981 super
1013 1902 1164 1952 crucem
1179 1892 1217 1952 et
1234 1874 1397 1981 effigiem
1412 1874 1636 1981 predictam,
1653 1876 1718 1981 qui
1739 1875 1825 1954 licet

399 2022 569 2112 negasset
583 2021 767 2111 quantum
783 2003 925 2116 potuit,
947 2021 1074 2082 tamen
1091 2003 1180 2082 lecit
1202 2004 1249 2082 de
1263 2022 1440 2113 precepto
1458 2022 1496 2081 et
1511 2005 1689 2083 mandato
1709 2007 1825 2112 ipsius
1950 2069 1953 2073 .

301 2211 306 2226 ,
398 2135 463 2238 qui
480 2135 514 2210 ei
529 2136 752 2213 minabatur.
770 2135 986 2242 Requisitus
1006 2133 1054 2212 de
1071 2136 1217 2226 osculo,
1237 2135 1330 2213 dixit
1347 2164 1416 2241 per
1429 2136 1690 2243 jurameutum
1712 2167 1821 2215 suum

398 2265 501 2368 quod
524 2266 714 2344 osculatus
738 2265 809 2344 fuit
833 2266 977 2344 dictum
997 2265 1243 2371 recipientem
1265 2267 1304 2342 in
1328 2264 1512 2364 umbilico
1537 2283 1576 2342 et
1600 2267 1639 2343 in
1659 2294 1724 2344 ore
1744 2286 1824 2344 tan-

396 2411 490 2470 tum.

453 2525 667 2632 llequisitus
686 2541 816 2634 uuum
830 2526 880 2614 vi,
902 2524 961 2601 vel
981 2541 1087 2601 motu
1107 2526 1263 2602 carceris
1276 2553 1344 2602 seu
1358 2541 1655 2613 tormentorum,
1671 2544 1736 2602 aut
1753 2527 1822 2602 alia

397 2656 446 2733 de
466 2685 591 2747 causa,
619 2656 781 2763 aliquam
802 2655 936 2732 dixerit
954 2654 1154 2733 falsitatem
1173 2673 1238 2733 aut
1254 2655 1503 2734 immiscuerit
1522 2655 1561 2730 in
1583 2655 1821 2762 deposicione

395 2813 476 2874 sua,
493 2804 558 2864 aut
575 2787 734 2864 tacuerit
755 2786 965 2874 veritatem,
988 2785 1084 2862 dixit
1102 2812 1172 2892 par
1187 2785 1447 2892 juramentum
1470 2813 1585 2863 suum
1604 2786 1710 2893 quod
1730 2815 1819 2876 nou;

397 2943 466 2992 nec
484 2916 607 3022 aliqua
621 2916 801 2994 violencia
816 2915 890 2994 luit
907 2915 1017 3006 facta,
1041 2915 1108 2992 sed
1122 2943 1257 3023 puram
1277 2917 1471 2995 veritatem
1491 2916 1646 2993 dixerat.

451 3178 545 3252 ltem
561 3175 675 3256 frater
696 3177 885 3254 lohannes
905 3176 953 3253 de
972 3175 1077 3255 Valle
1096 3175 1289 3267 Bellaudi,
1312 3175 1419 3252 etatis
1440 3175 1685 3282 quadraginta
1707 3205 1820 3252 anno-

394 3335 498 3394 rum.
519 3310 668 3415 juratus
688 3308 824 3384 eodem
848 3306 964 3384 modo
987 3305 1035 3382 de
1060 3333 1099 3382 se
1128 3323 1167 3382 et
1188 3305 1269 3382 aliis
1296 3305 1336 3381 in
1357 3333 1466 3382 causa
1496 3305 1586 3382 lidei
1608 3306 1734 3384 dicere
1760 3335 1819 3383 ve-

393 3439 561 3528 ritatem,
584 3455 622 3514 et
640 3439 888 3545 iuterrogatus
910 3436 956 3514 de
979 3454 1150 3543 tempore
1172 3453 1210 3513 et
1232 3435 1348 3513 modo
1368 3463 1435 3512 sue
1459 3436 1707 3542 recepcionis‚
1733 3435 1821 3512 dixit

392 3597 460 3674 per
470 3572 731 3678 juramentum
742 3595 856 3646 suum
870 3567 975 3676 quod
994 3565 1068 3644 fuit
1076 3583 1248 3673 receptus
1263 3567 1365 3672 apud
1384 3566 1554 3644 Montem
1575 3567 1820 3645 Suessionen-

392 3685 490 3792 sein,
504 3699 790 3807 quatuordecim
803 3697 893 3774 anni
904 3697 1065 3776 eruntiu
1080 3696 1231 3774 instanti
1248 3694 1342 3774 festo
1357 3697 1561 3799 Nativitatis
1569 3697 1742 3787 Domini,
1755 3725 1819 3804 per

393 3831 545 3908 fratrem
571 3829 763 3909 Nicolaum
776 3830 834 3908 -de
861 3829 996 3906 Sancto
1016 3826 1164 3905 Albano
1187 3843 1448 3933 preceptorem
1465 3826 1614 3906 ballivis
1641 3827 1738 3905 dicte
1755 3827 1819 3904 do-

393 3989 494 4050 mus,
516 3959 755 4067 presentibus
773 3958 885 4036 fratrc
901 3959 1071 4036 Jobanne
1091 3956 1139 4034 de
1158 3956 1362 4037 villaribus
1377 3974 1415 4036 et
1436 3956 1548 4036 fratre
1569 3955 1753 4036 Michaele
1772 3957 1817 4033 de

393 4090 611 4167 Balainviler
626 4089 745 4167 milite
767 4089 858 4166 dicti
878 4087 1037 4176 ordinis,
1062 4104 1099 4163 et
1112 4086 1437 4194 quibusdamaliis
1457 4088 1505 4164 de
1519 4115 1687 4196 quorum
1704 4087 1819 4165 nomi·

393 4219 506 4299 nibus
530 4246 607 4298 non
627 4219 768 4298 recolit.
791 4218 896 4297 Dixit
919 4217 1035 4296 θείω
1056 4245 1124 4324 per
1146 4217 1405 4325 juramentum
1431 4218 1554 4326 quod,
1576 4235 1661 4326 post
1683 4217 1819 4316 multas

393 4510 458 4574 eo,
474 4481 595 4560 dictus
608 4499 778 4589 receptor
793 4481 900 4560 duxit
919 4509 1006 4559 eum
1022 4496 1122 4558 retro
1140 4479 1275 4570 altare,
1291 4497 1328 4558 et
1341 4479 1508 4558 ostendit
1528 4478 1599 4557 sibi
1619 4477 1817 4585 quamdam

392 4641 542 4691 crucem
571 4614 609 4690 in
629 4641 704 4721 qua
730 4629 808 4691 erat
834 4613 979 4720 depicta
1002 4637 1136 4719 ymago
1161 4610 1278 4688 lbesu
1299 4611 1462 4699 Christi,
1492 4627 1530 4687 et
1547 4607 1677 4716 petivit
1701 4608 1748 4686 ab
1773 4633 1817 4685 eo

391 4761 520 4823 utrum
540 4744 709 4822 crederet
728 4744 767 4819 in
790 4771 880 4821 eum
900 4742 1008 4852 cujus
1024 4767 1157 4851 ymago
1181 4757 1259 4834 erat
1279 4740 1351 4830 ibi;
1375 4757 1415 4818 et
1431 4741 1511 4846 ipse
1530 4737 1727 4845 respondit
1749 4735 1815 4814 sibi

390 4875 494 4982 quod
513 4875 583 4966 βίος
606 4893 645 4954 et
659 4893 751 4954 tunc
770 4873 862 4952 dixit
881 4873 951 4952 sibi
974 4872 1081 4979 quod
1099 4872 1197 4949 male
1218 4870 1409 4962 credebat,
1427 4870 1584 4978 etquod
1597 4868 1720 4948 luerat
1732 4867 1816 4976 qui-
