4364 5886
394 449 464 534 192
776 424 970 518 reeens
1001 439 1097 514 ons
1127 440 1431 556 reuertens.

388 586 614 695 inquisitum
633 585 771 673 luerat,
798 584 994 663 absolutus
1014 599 1054 660 et
1076 584 1341 661 reconciliatus
1359 611 1428 690 per
1445 581 1645 682 dominum
1670 585 1811 691 episco-

389 747 482 824 pum
501 716 766 804 Parisiensem,
792 717 860 822 qui
881 715 1177 820 aposthataverat
1207 713 1255 792 de
1277 714 1378 792 dicto
1399 712 1532 791 ordine
1551 732 1706 821 propter
1724 715 1814 794 levi·

388 866 482 927 tates
502 874 587 925 suas
607 845 738 924 decem
760 848 867 924 annis
881 845 940 922 vel
959 846 1070 934 circa,
1093 863 1132 923 et
1150 846 1199 923 ad
1214 847 1341 953 ipsum
1356 843 1531 923 ordinem
1548 845 1712 924 redierat
1729 863 1813 924 ante

390 980 608 1086 capcionem
632 1007 740 1055 suam
763 995 801 1054 et
822 977 984 1054 aliorum
1012 1003 1081 1081 per
1106 1002 1170 1054 vur
1197 1003 1316 1054 annos
1338 974 1396 1052 val
1420 975 1530 1062 eirea,
1553 974 1661 1054 lectis
1676 994 1714 1054 et
1729 977 1815 1054 dili·
1870 1029 1873 1038 ,

389 1128 522 1220 genter
537 1110 716 1216 expositis
732 1107 804 1187 sibi
821 1107 1001 1186 omnibus
1015 1123 1053 1183 et
1061 1105 1220 1216 singulis
1235 1105 1417 1196 articulis,
1434 1105 1630 1211 respondit
1644 1135 1684 1185 sc
1699 1107 1816 1186 nichil

293 1265 297 1274 ·
390 1242 501 1329 scire,
525 1268 595 1316 nec
614 1240 787 1326 credere,
811 1266 881 1322 nec
903 1235 1089 1316 audivisse
1110 1237 1186 1314 dici
1206 1236 1254 1313 de
1273 1236 1461 1316 contentis
1484 1236 1525 1312 in
1545 1236 1599 1314 eis
1618 1237 1688 1314 nisi
1711 1239 1816 1344 quod

391 1372 583 1478 sequitur:
606 1371 782 1447 videlicet
806 1369 912 1475 quod
936 1369 1014 1474 ipse
1036 1385 1212 1475 receptus
1235 1366 1357 1446 fuerat
1375 1367 1415 1442 in
1436 1395 1569 1474 magna
1590 1368 1731 1474 capella
1749 1369 1817 1446 do·

390 1532 476 1581 mus
497 1501 649 1608 Templi
672 1499 904 1587 Parisiensis,
935 1497 997 1574 die
1022 1498 1199 1576 Mercurii
1224 1514 1309 1604 pest
1332 1497 1471 1574 Pascha
1495 1498 1667 1604 proximo
1693 1519 1814 1606 prete·

390 1637 508 1714 ritum
528 1609 683 1712 suerunt
705 1658 764 1709 χιι
785 1630 888 1717 anni,
910 1658 977 1734 per
994 1627 1147 1706 fratrem
1170 1627 1401 1706 Amalricum
1426 1627 1475 1704 de
1505 1630 1631 1708 lloeba
1654 1631 1815 1708 militem

392 1766 603 1874 quondam,
623 1777 883 1870 preceptorem
906 1777 998 1836 tune
1018 1759 1188 1847 Francis,
1210 1757 1450 1864 presentibus
1468 1757 1647 1838 fratribus
1663 1759 1816 1840 Galtero

394 1897 442 1974 de
465 1899 568 1985 Esta,
589 1892 741 1972 Galtero
767 1890 815 1967 de
836 1889 872 1966 la
894 1889 1090 1978 Sonciera,
1113 1906 1153 1966 et
1173 1887 1312 1966 lacebo
1340 1889 1388 1966 de
1408 1887 1586 1996 Rupelhi‚
1617 1891 1815 1984 militibus,

394 2045 432 2105 et
461 2024 674 2102 Humberto
703 2021 936 2100 thesaurario
956 2037 1047 2097 tune
1075 2018 1226 2138 'l'empli
1254 2019 1486 2107 Parisiensis,
1514 2036 1552 2096 et
1577 2019 1748 2099 Jobanne
1770 2023 1816 2100 de

393 2152 861 2238 Turno'subthesaurario,
876 2149 1123 2268 servientibus
1138 2147 1351 2242 deffunctis,
1364 2149 1403 2228 in
1419 2150 1522 2229 bunc
1534 2149 1716 2229 medum:
1732 2180 1817 2230 nam

394 2317 481 2366 cum
509 2286 727 2393 frequenter
753 2298 791 2359 et
818 2281 998 2358 instanter
1025 2279 1279 2386 requisivisset
1305 2307 1441 2386 panem
1467 2297 1506 2358 et
1529 2309 1681 2388 aquam,
1702 2283 1821 2360 socie·

393 2437 509 2498 tatem
540 2433 578 2493 et
605 2439 810 2521 pauperem
835 2410 1011 2488 restitum
1039 2409 1204 2498 ordinis,
1229 2427 1266 2487 et
1291 2410 1462 2516 predicte
1491 2411 1562 2490 sihi
1589 2413 1694 2519 quod
1719 2412 1818 2491 bene

395 2549 641 2636 deliberaret,
675 2542 763 2649 quia
793 2541 887 2618 dura
912 2554 990 2616 erat
1020 2536 1154 2646 religio
1184 2540 1427 2630 eorumdem,
1466 2557 1505 2617 et
1535 2541 1641 2647 quod
1672 2559 1820 2649 rogaret

393 2680 519 2756 Deum
542 2693 580 2751 et
595 2673 743 2749 beatam
767 2669 923 2748 Mariam
944 2682 987 2745 ut
1008 2666 1214 2775 dirigerent
1238 2695 1343 2758 aum,
1372 2669 1539 2776 predicta
1559 2670 1631 2778 sibi
1648 2700 1819 2752 concessa

394 2805 568 2894 luissent,
586 2801 674 2881 lecit
696 2828 785 2878 eum
800 2825 933 2877 vovere
954 2815 993 2876 et
1005 2799 1134 2907 jurare
1152 2798 1274 2876 dietus
1296 2818 1466 2907 receptor
1486 2801 1709 2892 castitatem,
1732 2802 1822 2881 obe-

395 2936 598 3026 dicaciam,
624 2932 746 3012 vivere
770 2931 851 3010 sine
872 2929 1043 3037 proprio,
1066 2947 1104 3008 et
1125 2957 1269 3008 servare
1286 2930 1409 3012 bonos
1429 2961 1521 3012 usus
1538 2951 1576 3011 et
1594 2933 1711 3012 bonas
1724 2962 1820 3012 con-

395 3065 616 3144 suetudines
636 3063 700 3170 qui
720 3079 809 3140 tunc
829 3077 936 3138 erant
953 3061 993 3136 in
1012 3058 1163 3150 ordine,
1180 3077 1219 3138 et
1231 3060 1297 3169 qui
1316 3061 1355 3138 in
1371 3079 1566 3168 posterum
1581 3063 1822 3169 imponeren-

397 3215 458 3274 tur
473 3223 560 3273 eum
581 3191 740 3272 consilio
761 3191 970 3299 proborum
991 3191 1153 3281 ordinis;
1173 3208 1211 3270 et
1230 3191 1409 3300 imposito
1432 3190 1502 3270 sibi
1523 3190 1719 3282 mantello,
1742 3195 1820 3302 ipse

396 3344 569 3434 receptor
589 3342 627 3403 et
644 3339 806 3402 astantes
828 3322 983 3401 luerunt
1010 3349 1098 3401 eum
1126 3321 1282 3402 osculati
1309 3322 1349 3400 in
1370 3349 1448 3402 ore.
1474 3324 1623 3404 Deinde
1649 3325 1822 3403 instruxit

397 3487 485 3536 eum
506 3455 610 3566 quod
626 3455 769 3563 jaceret
792 3483 878 3532 eum
904 3432 1037 3559 pannis
1057 3453 1184 3540 lineis,
1209 3479 1285 3530 una
1311 3453 1426 3532 corda
1449 3454 1552 3532 unde
1574 3455 1749 3532 volebant
1768 3485 1824 3533 as-

397 3605 546 3698 sumpta
570 3587 729 3676 cinctus,
760 3601 796 3662 et
819 3583 982 3691 qualiter
1003 3600 1151 3691 regeret
1166 3611 1206 3661 se
1229 3583 1269 3659 in
1284 3583 1431 3662 ordine.
1455 3584 1586 3664 Postea
1606 3585 1712 3662 duxit
1734 3613 1823 3662 eum

397 3721 523 3800 solum
542 3719 590 3796 ad
608 3743 757 3825 parvam
775 3713 955 3820 capellam
976 3712 1145 3820 Templi,
1163 3730 1207 3790 ut
1222 3712 1400 3792 indueret
1414 3712 1468 3792 ibi
1482 3733 1602 3794 vestes
1615 3714 1822 3821 religionis;

397 3849 536 3960 quibus
556 3846 717 3934 indutis,
747 3843 840 3920 dixit
859 3844 894 3920 ei
917 3841 1024 3949 quod
1043 3843 1247 3951 abnegaret
1264 3843 1423 3922 lhesum
1442 3844 1656 3933 Christum
1678 3861 1714 3923 et
1735 3873 1820 3924 cum

398 3981 520 4058 dietus
540 3977 646 4056 testis
667 3973 913 4080 responderet
927 3973 1032 4080 quod
1051 3973 1218 4052 beenon
1235 3972 1356 4054 faeere
1376 3992 1504 4082 posset
1520 3992 1559 4053 et
1575 3974 1820 4081 stupefactus,

398 4109 490 4189 dixit
510 4108 543 4188 ei
567 4107 688 4185 dictus
710 4121 883 4211 receptor
904 4102 1010 4211 quod
1034 4104 1168 4184 saltem
1188 4104 1389 4214 abnegaret
1407 4133 1473 4183 ore
1494 4131 1571 4183 non
1584 4106 1712 4198 eorde,
1734 4107 1822 4214 quia

399 4241 448 4320 ita
464 4238 649 4318 faciebant
665 4234 728 4314 alii
748 4235 879 4314 fratres
896 4234 1057 4326 ordinis,
1080 4251 1117 4313 et
1132 4252 1224 4312 tunc
1238 4235 1317 4340 ipsa
1332 4234 1438 4314 testis
1453 4234 1648 4344 abnegavit
1667 4235 1824 4317 lhesum

398 4371 591 4450 Christum
607 4395 673 4446 ore
691 4394 769 4446 non
784 4367 914 4456 corde,
941 4381 985 4443 ut
1002 4365 1107 4443 dixit.
1131 4365 1220 4442 Post
1233 4393 1308 4472 que
1323 4366 1493 4472 precepit
1504 4368 1540 4445 ei
1553 4367 1659 4473 quod
1674 4385 1826 4473 spueret
1910 4399 1916 4408 ·

398 4529 512 4610 super
531 4497 734 4608 quamdam
749 4523 898 4574 crucem
916 4492 1096 4603 ligneam,
1116 4495 1156 4571 in
1167 4493 1335 4600 quodam
1357 4495 1467 4573 sedili
1486 4497 1608 4576 nescit
1626 4524 1695 4604 per
1709 4523 1823 4602 quem

397 4631 574 4742 positam,
600 4628 731 4735 inqua
754 4624 858 4704 nulla
878 4641 957 4702 erat
975 4651 1110 4733 ymago
1134 4621 1326 4711 Crueilixi,
1348 4639 1386 4702 et
1406 4625 1486 4732 ipse
1501 4626 1608 4704 testis
1629 4624 1731 4732 spuit
1746 4651 1821 4701 non

399 4793 511 4874 surpra
531 4762 597 4844 sed
613 4760 720 4868 juxta
738 4785 832 4836 eam.
854 4757 1102 4876 Postmodum
1125 4753 1291 4833 ostendit
1307 4754 1433 4834 eidem
1449 4759 1535 4838 testi
1551 4754 1745 4864 quoddam
1765 4779 1823 4830 ea-
1845 4739 1849 4748 ’
