4210 5882
412 538 485 611 no
802 518 1000 611 rnocns
1026 537 1122 610 ons
1148 535 1451 610 rnnrmnns

409 680 544 758 multas
559 679 827 787 promissiones
841 680 953 758 lactas
967 681 1014 758 de
1030 679 1175 758 statutis
1189 697 1228 758 et
1241 681 1394 758 secretis
1415 680 1560 758 ordinis
1579 681 1837 770 observandis,

408 814 598 919 predictus
617 830 789 919 receptor
808 811 936 918 posuit
956 811 1027 890 sibi
1047 810 1272 890 mantellum
1291 812 1340 889 ad
1359 811 1521 903 collum,
1547 830 1587 889 et
1603 812 1709 919 quod
1725 811 1841 890 nichil

409 944 515 1022 aliud
533 943 604 1022 fuit
624 943 696 1022 eibi
709 941 848 1020 facturn
866 942 926 1022 vel
947 943 1090 1021 dictum
1110 943 1216 1050 quod
1238 962 1336 1022 esset
1354 963 1483 1024 contra
1501 945 1625 1024 Deum
1638 961 1705 1022 aut
1718 943 1841 1022 bonos

409 1103 547 1154 mores.
565 1074 668 1154 Dixit
681 1092 806 1152 tamen
825 1104 893 1182 per
904 1073 1162 1182 juramentum
1182 1103 1293 1153 suum
1314 1076 1419 1183 quod
1438 1073 1532 1153 vidit
1550 1076 1665 1183 recipi
1686 1075 1839 1152 fratrem

409 1205 633 1284 Michaelem
648 1205 695 1282 de
714 1205 820 1284 Flers
840 1206 880 1282 in
898 1206 1015 1283 domo
1035 1206 1083 1283 de
1098 1207 1278 1284 Fontanis
1296 1206 1430 1286 subtus
1450 1207 1618 1286 Mentem
1635 1184 1838 1294 Desidiam,
1861 1267 1863 1272 .

409 1365 478 1443 per
494 1336 647 1415 fratrem
662 1336 892 1415 Amalricum
908 1337 955 1414 de
971 1335 1123 1426 Rochis,
1147 1356 1185 1416 et
1194 1355 1271 1416 tres
1283 1367 1351 1418 seu
1368 1357 1534 1446 quatuor
1546 1339 1657 1430 alios,
1680 1337 1840 1416 sednon

411 1468 542 1547 recolit
566 1467 612 1545 de
636 1467 852 1566 nominibus
876 1469 1061 1574 ipsomm‚
1090 1497 1160 1544 nec
1187 1469 1473 1576 recipiencium,
1498 1497 1568 1548 nec
1599 1468 1771 1546 locorum
1799 1469 1839 1545 in

409 1597 546 1704 quibus
565 1599 706 1706 recepti
724 1616 828 1690 sunt,
845 1616 883 1676 et
902 1598 1043 1676 audivit
1060 1599 1165 1705 quod
1179 1598 1235 1677 illi
1250 1601 1316 1708 qui
1331 1601 1562 1707 recipiebant
1581 1628 1646 1679 eos
1661 1599 1841 1706 precipie-

408 1727 500 1805 baut
514 1746 552 1806 et
564 1727 748 1807 faciebant
763 1729 899 1808 deferri
922 1757 1090 1823 crucem,
1113 1749 1150 1808 et
1163 1731 1421 1839 precipiebant
1434 1732 1594 1839 receptis
1605 1731 1712 1838 quod
1727 1733 1841 1810 abne-

408 1877 540 1964 garent
559 1859 779 1938 crucifixum
799 1878 869 1952 ter,
892 1879 930 1938 ct
948 1879 1006 1939 ter
1024 1881 1202 1968 spuerent
1220 1891 1333 1969 supra
1351 1891 1518 1952 crucem,
1537 1880 1575 1940 et
1596 1862 1716 1940 credit
1735 1865 1839 1969 quod

411 1989 481 2095 ipsi
497 1991 637 2096 recepti
653 1990 726 2069 hoc
744 1990 929 2070 faciebant
948 1977 1005 2070 vel
1026 1992 1159 2070 saltem
1180 1992 1339 2071 alterum
1361 1995 1408 2071 de
1427 1993 1636 2100 premissis,
1661 2011 1701 2072 et
1721 1994 1839 2072 credit

411 2119 515 2228 quod
535 2118 656 2198 dictus
675 2121 837 2200 Michael
853 2121 942 2200 lecit
962 2151 1080 2200 unum
1094 2122 1142 2199 de
1157 2123 1248 2230 ipsis
1268 2126 1454 2232 preceptis
1473 2125 1545 2202 sibi
1563 2124 1669 2202 factis
1693 2155 1714 2202 a
1740 2125 1838 2204 dicto

410 2250 612 2340 Amalrico,
635 2252 702 2330 sed
727 2253 807 2359 ipse
827 2253 947 2331 nescit
966 2253 1065 2331 bene
1090 2253 1136 2330 de
1157 2283 1249 2360 quo,
1267 2256 1355 2360 quia
1374 2255 1453 2362 ipse
1478 2255 1544 2362 qui
1569 2255 1739 2362 loquitur
1763 2256 1841 2334 ibat

411 2399 449 2458 et
462 2380 609 2460 redibat
623 2381 671 2458 ad
685 2381 974 2460 ministrandum
994 2383 1033 2460 in
1054 2382 1148 2461 locis
1168 2383 1362 2489 predictis,
1386 2403 1424 2464 at
1448 2386 1569 2464 credit
1591 2385 1698 2492 quod
1717 2385 1839 2465 dictus

313 2507 319 2519 ’
410 2511 543 2590 Daniel
562 2512 730 2618 pepercit
744 2511 816 2591 sibi
839 2512 878 2590 in
893 2513 1087 2620 premissis
1108 2542 1183 2620 que
1201 2515 1345 2592 audivit
1358 2515 1440 2594 aliis
1457 2515 1557 2606 ficri,
1576 2543 1646 2622 pro
1667 2545 1715 2592 eo
1735 2520 1839 2624 quod

411 2642 533 2720 dictus
550 2642 686 2722 Daniel
699 2644 903 2722 nutriverat
918 2672 1023 2732 eum,
1047 2663 1084 2721 et
1100 2663 1178 2722 erat
1191 2644 1353 2724 mtdtum
1370 2647 1520 2754 juvenis
1540 2648 1619 2754 ipse
1632 2647 1699 2752 qui
1715 2646 1839 2754 loqui'-

411 2791 485 2862 tur,
505 2790 543 2850 et
561 2772 669 2881 plura
693 2803 770 2852 non
790 2775 884 2853 vidit
904 2775 962 2852 vel
977 2775 1120 2854 audivit
1139 2776 1245 2884 quod
1264 2777 1414 2856 recolat.

468 2906 562 2980 Item
581 2904 785 3011 requisitus
805 2923 933 2984 utrum
955 2905 1007 2995 vi,
1029 2904 1088 2983 vel
1109 2924 1214 2984 metu
1234 2908 1391 2986 carceris
1406 2925 1781 2999 auttormentorum,
1801 2909 1838 2984 in

412 3033 600 3138 premissis
615 3034 865 3114 immiscuerit
878 3036 935 3115 vel
952 3035 1088 3114 dixerit
1100 3036 1266 3143 aliquam
1277 3036 1493 3127 falsitatem,
1507 3038 1566 3116 vel
1581 3039 1740 3118 tacuerit
1752 3039 1840 3114 veri·

412 3180 545 3254 tatem,
564 3163 657 3241 dixit
681 3193 749 3272 per
761 3165 1018 3273 juramentum
1040 3195 1151 3244 suurn
1173 3167 1277 3274 quod
1304 3195 1397 3258 non,
1422 3187 1457 3246 et
1477 3170 1583 3276 quod
1607 3171 1686 3276 ipse
1706 3199 1836 3277 puram

411 3293 604 3373 veritatem
617 3295 708 3373 dixit
718 3325 787 3402 pro
803 3297 923 3376 salute
940 3297 1065 3374 anime
1080 3327 1159 3376 sue.

468 3561 562 3636 ltem
575 3587 693 3650 anno,
716 3559 1156 3667 indicione‚pontificatu
1170 3577 1209 3638 et
1222 3561 1284 3638 die
1297 3562 1546 3669 predictis,in
1562 3563 1651 3642 dicti
1664 3566 1837 3642 commis-
1877 3589 1878 3592 ’

412 3689 516 3780 sarii,
533 3707 706 3769 nostrum
720 3692 954 3770 notariorum
972 3710 1010 3771 et
1029 3693 1184 3769 testium
1202 3691 1525 3800 infrascriptorum
1544 3697 1737 3799 presencia
1755 3723 1837 3774 oon-

412 3821 578 3922 stitutus,
591 3821 738 3930 juratus
758 3841 796 3901 et
815 3823 1019 3931 requisitus
1034 3823 1168 3902 eodem
1185 3825 1317 3914 modo,
1338 3824 1452 3903 frater
1468 3827 1681 3934 Stephanus
1697 3828 1744 3904 de
1767 3830 1837 3904 no-

412 3951 534 4027 mania
551 3953 744 4030 Remensis
759 3953 934 4042 diocesis,
954 3955 1298 4062 quinquagenarius
1317 3955 1376 4034 vel
1397 3955 1509 4046 circa,
1527 3955 1686 4064 claviger
1702 3958 1837 4036 doinus

413 4080 462 4156 de
481 4082 627 4190 Prunay
648 4083 736 4161 dicti
758 4083 902 4162 ordinis
920 4086 1087 4192 Templi,
1110 4085 1202 4164 dixit
1225 4115 1293 4193 per
1313 4087 1572 4194 juramentum
1597 4117 1708 4166 suum
1734 4087 1836 4196 quod

412 4209 509 4288 bene
520 4230 607 4290 sunt
624 4241 684 4292 xix
694 4214 780 4291 anni
800 4215 859 4292 vel
873 4217 969 4293 circa
989 4217 1102 4324 elapsi
1117 4219 1223 4326 quod
1237 4218 1317 4325 ipse
1332 4217 1404 4296 luit
1415 4237 1588 4327 receptus
1599 4219 1639 4297 in
1659 4219 1774 4298 domo
1790 4219 1837 4296 de

412 4339 646 4450 Vifortjuxta
659 4346 830 4423 Castrum
845 4347 1016 4438 Tierrici,
1027 4348 1174 4428 ballivie
1187 4349 1234 4426 de
1244 4350 1346 4440 Bria,
1363 4380 1432 4457 per
1447 4348 1667 4429 defunctum
1689 4351 1839 4430 fratrem

413 4473 606 4552 Nicolaum
621 4477 668 4554 dc
683 4478 819 4555 Sancto
837 4477 981 4558 Albano
989 4499 1259 4587 preceptorem
1271 4499 1364 4560 tunc
1376 4483 1514 4561 domus
1528 4483 1574 4560 de
1586 4483 1717 4562 Monte
1733 4483 1840 4560 Sues·

414 4605 595 4697 sionensi,
614 4607 849 4688 demandato
869 4609 991 4688 fratris
1007 4611 1190 4719 Arnulphi
1211 4611 1259 4690 de
1275 4613 1500 4704 Wisemale,
1522 4631 1560 4692 et
1576 4611 1731 4698 fuerunt
1755 4642 1839 4720 pre-

413 4753 536 4814 sentes
560 4737 599 4814 in
624 4738 843 4844 recepcione
873 4769 940 4818 sua
967 4740 1080 4820 frater
1110 4744 1301 4822 lohannes
1329 4743 1379 4824 de
1403 4745 1540 4852 Crotay
1563 4762 1762 4852 preceptor
1792 4735 1865 4820 de¹

413 4866 516 4956 Paci,
539 4865 653 4947 freter
667 4866 858 4948 Gerardus
877 4872 1048 4980 Agricola
1069 4892 1107 4953 et
1125 4874 1240 4953 freter
1253 4875 1443 4954 Tierricus
1456 4877 1504 4954 de
1519 4874 1741 4985 Albigniaco
1756 4903 1841 4984 pre·
