4320 5898
404 513 452 584 aa
796 482 993 579 Procas
1020 503 1116 576 nus
1143 501 1442 577 cruentans.

458 651 589 726 Frater
622 645 852 728 Guillelmus
878 645 1046 726 Boncelli
1080 644 1245 725 serviens
1272 645 1511 726 Ebroicensis
1531 644 1708 736 diocesis,
1729 645 1835 724 testis

402 811 515 889 supra
538 781 706 890 juratus,
737 793 889 858 tttttt1111⁰r
918 805 1106 858 annorum
1137 776 1197 855 vel
1219 777 1330 868 circa,
1357 777 1463 886 quod
1489 775 1698 859 voluntarie
1730 805 1837 856 man·

402 913 537 992 tellum
558 911 768 1004 dimiserat,
787 928 830 990 ct
847 909 928 989 radi
953 910 1093 989 fecerat
1117 908 1188 988 sibi
1209 908 1365 989 barbam
1385 925 1472 1018 post
1494 908 1696 987 concilium
1717 907 1837 988 Seno-

402 1072 534 1138 nense,
554 1072 642 1122 cum
661 1070 740 1152 quo
768 1043 989 1151 inquisitum
1019 1040 1157 1135 fuerat,
1184 1040 1381 1122 absolutus
1411 1059 1451 1120 et
1476 1039 1740 1124 reconciliatus
1767 1069 1836 1150 per

402 1177 602 1255 dominum
623 1175 843 1284 episcopum
860 1175 1126 1266 Parisiensem,
1148 1173 1255 1254 lectis
1275 1192 1313 1254 et
1339 1173 1543 1285 diligenter
1566 1173 1742 1282 expositis
1761 1173 1832 1254 sibi

402 1308 581 1400 omnihus
602 1325 640 1386 et
658 1307 816 1416 singulis
831 1305 1018 1397 articulis,
1039 1305 1236 1414 respondit
1250 1334 1289 1385 se
1306 1306 1471 1402 nescire,
1486 1333 1557 1385 nec
1572 1305 1744 1394 credere,
1763 1335 1833 1384 nec

401 1439 587 1530 audivisse
602 1439 675 1517 dici
697 1440 745 1518 de
770 1439 958 1518 contentis
972 1439 1013 1516 in
1028 1438 1138 1516 dictis
1153 1437 1320 1518 articulis
1333 1438 1404 1516 nisi
1416 1439 1522 1547 quod
1533 1439 1718 1546 sequitur.
1731 1437 1833 1516 Dixit

400 1571 502 1650 enim
514 1601 554 1650 se
565 1571 680 1650 fuisse
688 1589 898 1681 receptum,
911 1571 1007 1649 circa
1020 1553 1161 1650 instans
1171 1569 1311 1650 testum
1321 1570 1527 1652 Natiuitatis
1538 1571 1639 1650 beati
1651 1570 1832 1650 lobannis

399 1705 563 1812 Baptista
580 1721 692 1782 erunt
706 1729 757 1782 xu
772 1705 861 1782 anni
876 1703 938 1782 vel
955 1704 1068 1794 circa,
1084 1732 1152 1811 per
1169 1701 1322 1782 fratrem
1336 1701 1556 1811 Philippum
1564 1701 1695 1812 Agate,
1709 1695 1834 1810 prece·

400 1852 549 1942 ptorem
558 1837 922 1926 Normanie‚testem
932 1864 1045 1943 supra
1054 1835 1375 1926 examinatum,in
1383 1833 1525 1943 capella
1533 1833 1832 1942 domusTempli

400 1967 516 2044 sancti
527 1967 709 2076 Stephani
722 1966 769 2044 de
778 1965 968 2046 Bcnavilla
976 1966 1216 2046 Ebroicensis
1225 1967 1396 2059 diocesis,
1405 1965 1644 2074 presentibus
1654 1965 1832 2044 fratribus

400 2097 608 2178 Guillelmo
626 2099 842 2206 Durgenses
861 2097 1088 2204 presbitero,
1110 2115 1240 2176 curato
1261 2097 1359 2175 dicte
1381 2098 1519 2175 domus
1536 2096 1746 2203 quondam,
1768 2095 1832 2174 Al-

397 2231 489 2308 bino
513 2245 733 2337 preceptore
757 2229 806 2308 de
830 2229 947 2339 Bangi
967 2228 1181 2336 Bajocensis
1205 2228 1383 2320 diocesis,
1412 2228 1550 2310 Enrico
1575 2226 1720 2336 Anglici
1746 2256 1832 2337 pre-

398 2379 550 2469 ceptore
582 2361 631 2439 de
654 2357 762 2440 Valle
793 2360 841 2441 de
874 2358 1057 2440 Canivilla
1095 2359 1360 2451 servientibus,
1399 2359 1615 2452 deffunctis,
1654 2360 1694 2437 in
1728 2360 1830 2438 hunc

398 2493 560 2572 modum
581 2522 590 2567 ε
613 2520 701 2568 nam
720 2519 808 2569 cum
826 2491 989 2570 stetisset
1001 2518 1069 2598 per
1085 2489 1288 2608 dimidium
1304 2519 1446 2569 annum
1463 2490 1503 2566 in
1520 2490 1618 2569 dicta
1633 2492 1766 2578 domo,
1787 2511 1832 2570 ut

398 2625 538 2704 fratres¹
549 2622 756 2732 probarent
775 2649 901 2700 mores
920 2650 1010 2700 suos
1026 2639 1064 2700 et
1078 2623 1158 2730 ipse
1174 2650 1327 2713 eorum,
1343 2639 1381 2702 et
1396 2622 1689 2703 concordassent
1705 2624 1830 2732 ipsum

398 2756 584 2862 recipere,
606 2755 646 2832 in
676 2753 774 2832 dicta
800 2754 862 2833 die
883 2754 1132 2861 recepcionis,
1160 2783 1246 2832 cum
1268 2753 1437 2862 petiisset
1452 2783 1491 2832 se
1511 2754 1647 2860 recipi,
1669 2755 1830 2862 predicti

399 2887 531 2966 fratres
563 2885 722 2966 Auricus
754 2903 792 2965 et
821 2886 983 2967 Albinus
1016 2903 1192 2994 exparte
1226 2887 1430 2995 receptoria
1464 2886 1639 2996 dixerunt
1665 2888 1698 2965 ei
1724 2889 1830 2995 quod

398 3019 498 3098 bene
520 3019 762 3112 deliberaret,
781 3020 871 3128 quia
888 3019 919 3098 si
936 3020 1110 3112 intraret,
1134 3035 1325 3126 oporteret
1346 3049 1435 3100 eum
1451 3019 1626 3098 abdicare
1647 3048 1667 3096 a
1684 3047 1723 3098 se
1743 3049 1831 3128 pro-

399 3151 519 3259 priam
533 3151 766 3231 voluntatem
787 3169 825 3230 et
844 3151 980 3261 subjici
997 3151 1138 3243 aliene,
1157 3151 1298 3230 esurire
1312 3151 1467 3258 quando
1481 3151 1596 3232 vellet
1610 3153 1826 3244 comedere,

397 3283 564 3392 vigillare
585 3283 739 3391 quando
752 3280 867 3361 vellet
887 3283 1073 3377 dormire,
1095 3281 1215 3361 multa
1236 3283 1331 3362 dura
1346 3300 1385 3362 ct
1401 3313 1530 3391 aspera
1545 3283 1742 3373 sustinere,
1759 3313 1829 3362 nec

399 3413 539 3497 habere
555 3413 711 3492 forsitan
724 3441 860 3524 equos,
873 3432 996 3512 uestes
1009 3432 1047 3493 et
1062 3415 1133 3492 alia
1149 3442 1224 3523 que
1239 3415 1390 3498 videbat
1405 3444 1470 3494 eos
1490 3415 1653 3494 exterius
1668 3415 1827 3506 habere;

399 3561 437 3622 ct
451 3575 537 3624 cum
552 3546 809 3655 respondisset
822 3546 929 3654 quod
949 3527 1076 3626 omnia
1090 3548 1315 3641 sustineret,
1333 3547 1510 3626 instruxit
1530 3574 1619 3626 eum
1636 3548 1760 3654 quod,
1778 3548 1830 3624 in-

397 3694 499 3756 trans
514 3677 562 3755 ad
583 3679 728 3757 dictum
747 3695 1000 3787 receptorem,
1017 3695 1163 3787 peteret
1181 3679 1227 3758 ab
1243 3708 1289 3758 eo
1303 3707 1441 3788 panem
1459 3696 1497 3757 et
1512 3709 1647 3787 aquam
1662 3697 1699 3757 et
1710 3680 1824 3759 socie-

397 3827 514 3891 tatem
533 3810 692 3900 ordinis,
715 3827 753 3889 et
771 3810 927 3890 offerret
946 3839 986 3890 se
1004 3808 1101 3888 velle
1121 3810 1205 3888 fieri
1227 3839 1375 3889 servum
1393 3810 1580 3890 esclavum
1601 3811 1768 3904 ordinis;
1790 3830 1827 3890 et

399 3969 486 4020 cum
510 3942 585 4020 hoc
606 3940 773 4035 fecisset,
801 3942 959 4050 prestito
990 3940 1110 4022 ab'eo
1132 3971 1200 4050 per
1220 3943 1480 4053 juramentum
1506 3943 1611 4051 quod
1641 3972 1718 4021 non
1749 3960 1827 4023 erat

399 4072 541 4150 servilis
555 4072 807 4166 condicionis,
825 4101 895 4152 nec
908 4074 1267 4165 excommunicatus,
1284 4105 1354 4154 nee
1370 4074 1628 4165 matrimonio,
1646 4075 1754 4154 alteri
1768 4105 1828 4154 re·

398 4204 530 4312 ligioni
545 4204 604 4282 vel
625 4204 763 4286 debitis
782 4206 1020 4314 quesolvere
1038 4236 1116 4287 non
1131 4224 1259 4317 posset
1278 4207 1481 4317 obligatus,
1503 4236 1575 4286 nec
1594 4206 1752 4286 haberet
1769 4208 1827 4287 in·
1949 4195 1955 4204 ’

399 4335 618 4419 firmimem
636 4335 838 4430 latentem,
861 4335 950 4416 lecit
971 4367 1060 4417 eum
1078 4367 1212 4418 vovere
1226 4357 1265 4420 et
1278 4340 1405 4450 jurare
1426 4367 1538 4446 supra
1557 4340 1765 4447 quemdam
1782 4340 1828 4416 li·
1923 4401 1934 4412 .

396 4465 510 4544 hrum
538 4467 763 4559 castitatem,
788 4467 1070 4565 obedienciam,
1092 4471 1214 4566 vivere
1239 4471 1320 4550 sine
1343 4471 1516 4580 proprio,
1538 4499 1683 4549 servare
1703 4471 1826 4550 bonos

397 4626 488 4676 usus
514 4615 553 4676 ct
573 4599 693 4681 bonas
718 4600 1108 4712 consuetudinesque
1132 4622 1225 4683 tunc
1245 4619 1349 4685 erant
1368 4603 1408 4680 in
1432 4602 1567 4683 ordine
1596 4620 1634 4683 et
1659 4604 1764 4712 quod
1786 4604 1824 4681 in

394 4747 590 4837 posterum
615 4733 917 4841 imponerentur,
940 4763 1017 4814 non
1036 4736 1202 4814 revelare
1226 4752 1365 4814 secreta
1387 4735 1656 4845 capitulorum,
1677 4763 1748 4816 nec
1767 4737 1825 4813 in-

393 4877 533 4941 teresse
555 4863 639 4943 loco
659 4864 698 4941 in
721 4893 800 4972 quo
818 4863 929 4944 fieret
947 4864 1081 4944 falsum
1096 4866 1287 4975 judicium
1308 4885 1350 4946 ut
1370 4866 1506 4975 aliquis
1532 4867 1825 4947 exheredaretur
