<?xml version="1.0" encoding="UTF-8"?>
<!DOCTYPE html PUBLIC "-//W3C//DTD XHTML 1.0 Transitional//EN"
    "http://www.w3.org/TR/xhtml1/DTD/xhtml1-transitional.dtd">
<html xmlns="http://www.w3.org/1999/xhtml" xml:lang="en" lang="en">
 <head>
  <title>
</title>
<meta http-equiv="Content-Type" content="text/html;charset=utf-8" />
  <meta name='ocr-system' content='tesseract 3.04.00' />
  <meta name='ocr-capabilities' content='ocr_page ocr_carea ocr_par ocr_line ocrx_word'/>
</head>
<body>
  <div class='ocr_page' id='page_1' title='image "./procsdestemplie03defegoog_0449.png"; bbox 0 0 4210 5882; ppageno 0'>
   <div class='ocr_carea' id='block_1_1' title="bbox 729 543 1763 642">
    <p class='ocr_par' dir='ltr' id='par_1_1' title="bbox 729 543 1763 642">
     <span class='ocr_line' id='line_1_1' title="bbox 729 543 1763 642; baseline 0.007 -8"><span class='ocrx_word' id='word_1_1' title='bbox 729 543 926 636; x_wconf 74' lang='lat' dir='ltr'><strong>enecas</strong></span> <span class='ocrx_word' id='word_1_2' title='bbox 952 562 1049 635; x_wconf 83' lang='lat' dir='ltr'><strong>uns</strong></span> <span class='ocrx_word' id='word_1_3' title='bbox 1074 562 1375 637; x_wconf 80' lang='lat' dir='ltr'><strong>unuettnxs.</strong></span> <span class='ocrx_word' id='word_1_4' title='bbox 1692 565 1763 642; x_wconf 82' lang='lat' dir='ltr'><strong>aar</strong></span> 
     </span>
    </p>
   </div>
   <div class='ocr_carea' id='block_1_2' title="bbox 215 700 1888 4979">
    <p class='ocr_par' dir='ltr' id='par_1_2' title="bbox 339 700 1766 906">
     <span class='ocr_line' id='line_1_2' title="bbox 339 700 1766 810; baseline 0.006 -35"><span class='ocrx_word' id='word_1_5' title='bbox 339 727 416 778; x_wconf 89' lang='lat' dir='ltr'><strong>non</strong></span> <span class='ocrx_word' id='word_1_6' title='bbox 436 726 506 805; x_wconf 92' lang='lat' dir='ltr'><strong>pro</strong></span> <span class='ocrx_word' id='word_1_7' title='bbox 527 700 801 806; x_wconf 77' lang='lat' dir='ltr'><strong>suispeccatis,</strong></span> <span class='ocrx_word' id='word_1_8' title='bbox 831 703 898 780; x_wconf 89' lang='lat' dir='ltr'><strong>sed</strong></span> <span class='ocrx_word' id='word_1_9' title='bbox 920 730 989 810; x_wconf 86' lang='lat' dir='ltr'><strong>pro</strong></span> <span class='ocrx_word' id='word_1_10' title='bbox 1011 704 1164 792; x_wconf 88' lang='lat' dir='ltr'><strong>nostris,</strong></span> <span class='ocrx_word' id='word_1_11' title='bbox 1189 721 1227 782; x_wconf 88' lang='lat' dir='ltr'><strong>et</strong></span> <span class='ocrx_word' id='word_1_12' title='bbox 1252 734 1272 780; x_wconf 95' lang='lat' dir='ltr'><strong>a</strong></span> <span class='ocrx_word' id='word_1_13' title='bbox 1293 705 1451 782; x_wconf 78' lang='lat' dir='ltr'><strong>mortuis</strong></span> <span class='ocrx_word' id='word_1_14' title='bbox 1470 703 1531 782; x_wconf 91' lang='lat' dir='ltr'><strong>die</strong></span> <span class='ocrx_word' id='word_1_15' title='bbox 1550 707 1663 784; x_wconf 89' lang='lat' dir='ltr'><strong>tercia</strong></span> <span class='ocrx_word' id='word_1_16' title='bbox 1683 714 1766 787; x_wconf 80' lang='lat' dir='ltr'><strong>s&#39;ur-</strong></span> 
     </span>
     <span class='ocr_line' id='line_1_3' title="bbox 339 857 488 906; baseline 0 0"><span class='ocrx_word' id='word_1_17' title='bbox 339 857 488 906; x_wconf 80' lang='lat' dir='ltr'><strong>rensse.</strong></span> 
     </span>
    </p>

    <p class='ocr_par' dir='ltr' id='par_1_3' title="bbox 393 958 1022 1068">
     <span class='ocr_line' id='line_1_4' title="bbox 393 958 1022 1068; baseline 0.003 -32"><span class='ocrx_word' id='word_1_18' title='bbox 393 958 454 1036; x_wconf 84' lang='lat' dir='ltr'><strong>Ad</strong></span> <span class='ocrx_word' id='word_1_19' title='bbox 471 985 654 1039; x_wconf 76' lang='lat' dir='ltr'><strong>viu—xix</strong></span> <span class='ocrx_word' id='word_1_20' title='bbox 670 959 846 1038; x_wconf 80' lang='lat' dir='ltr'><strong>articulos</strong></span> <span class='ocrx_word' id='word_1_21' title='bbox 865 963 1022 1068; x_wconf 83' lang='lat' dir='ltr'><strong>negavit.</strong></span> 
     </span>
    </p>

    <p class='ocr_par' dir='ltr' id='par_1_4' title="bbox 287 1071 1768 1204">
     <span class='ocr_line' id='line_1_5' title="bbox 287 1071 1768 1204; baseline 0.006 -39"><span class='ocrx_word' id='word_1_22' title='bbox 287 1117 300 1130; x_wconf 87' lang='lat'><strong>·</strong></span> <span class='ocrx_word' id='word_1_23' title='bbox 393 1088 453 1167; x_wconf 82' lang='lat' dir='ltr'><strong>Ad</strong></span> <span class='ocrx_word' id='word_1_24' title='bbox 468 1116 515 1166; x_wconf 89' lang='lat' dir='ltr'><strong>xx</strong></span> <span class='ocrx_word' id='word_1_25' title='bbox 530 1089 729 1168; x_wconf 86' lang='lat' dir='ltr'><strong>articulum</strong></span> <span class='ocrx_word' id='word_1_26' title='bbox 744 1092 991 1197; x_wconf 87' lang='lat' dir='ltr'><strong>respondens,</strong></span> <span class='ocrx_word' id='word_1_27' title='bbox 1009 1092 1157 1198; x_wconf 83' lang='lat' dir='ltr'><strong>negavit</strong></span> <span class='ocrx_word' id='word_1_28' title='bbox 1171 1121 1258 1170; x_wconf 87' lang='lat' dir='ltr'><strong>eum</strong></span> <span class='ocrx_word' id='word_1_29' title='bbox 1274 1112 1312 1172; x_wconf 88' lang='lat' dir='ltr'><strong>et</strong></span> <span class='ocrx_word' id='word_1_30' title='bbox 1325 1094 1450 1172; x_wconf 91' lang='lat' dir='ltr'><strong>omnia</strong></span> <span class='ocrx_word' id='word_1_31' title='bbox 1464 1112 1502 1172; x_wconf 90' lang='lat' dir='ltr'><strong>et</strong></span> <span class='ocrx_word' id='word_1_32' title='bbox 1519 1071 1663 1204; x_wconf 82' lang='lat' dir='ltr'><strong>singula</strong></span> <span class='ocrx_word' id='word_1_33' title='bbox 1679 1127 1768 1176; x_wconf 88' lang='lat' dir='ltr'><strong>con·</strong></span> 
     </span>
    </p>

    <p class='ocr_par' dir='ltr' id='par_1_5' title="bbox 303 1221 1765 1561">
     <span class='ocr_line' id='line_1_6' title="bbox 303 1221 1764 1334; baseline 0.005 -38"><span class='ocrx_word' id='word_1_34' title='bbox 303 1249 313 1272; x_wconf 85' lang='lat'><strong>·</strong></span> <span class='ocrx_word' id='word_1_35' title='bbox 336 1237 439 1298; x_wconf 88' lang='lat' dir='ltr'><strong>tenta</strong></span> <span class='ocrx_word' id='word_1_36' title='bbox 455 1221 566 1312; x_wconf 92' lang='lat' dir='ltr'><strong>ineo,</strong></span> <span class='ocrx_word' id='word_1_37' title='bbox 579 1221 744 1298; x_wconf 83' lang='lat' dir='ltr'><strong>adiciens</strong></span> <span class='ocrx_word' id='word_1_38' title='bbox 757 1221 861 1328; x_wconf 91' lang='lat' dir='ltr'><strong>quod</strong></span> <span class='ocrx_word' id='word_1_39' title='bbox 871 1222 1304 1330; x_wconf 85' lang='lat' dir='ltr'><strong>quocienscumqueipse</strong></span> <span class='ocrx_word' id='word_1_40' title='bbox 1317 1225 1446 1302; x_wconf 88' lang='lat' dir='ltr'><strong>missas</strong></span> <span class='ocrx_word' id='word_1_41' title='bbox 1459 1224 1674 1316; x_wconf 88' lang='lat' dir='ltr'><strong>celebravit,</strong></span> <span class='ocrx_word' id='word_1_42' title='bbox 1687 1227 1764 1334; x_wconf 91' lang='lat' dir='ltr'><strong>ipse</strong></span> 
     </span>
     <span class='ocr_line' id='line_1_7' title="bbox 339 1348 1765 1464; baseline 0.004 -36"><span class='ocrx_word' id='word_1_43' title='bbox 339 1351 431 1428; x_wconf 81' lang='lat' dir='ltr'>dixit</span> <span class='ocrx_word' id='word_1_44' title='bbox 447 1351 509 1430; x_wconf 87' lang='lat' dir='ltr'><strong>illa</strong></span> <span class='ocrx_word' id='word_1_45' title='bbox 523 1350 634 1429; x_wconf 85' lang='lat' dir='ltr'><strong>verba</strong></span> <span class='ocrx_word' id='word_1_46' title='bbox 655 1348 737 1456; x_wconf 82' lang='lat' dir='ltr'><strong>[per</strong></span> <span class='ocrx_word' id='word_1_47' title='bbox 755 1379 820 1455; x_wconf 80' lang='lat' dir='ltr'><strong>que</strong></span> <span class='ocrx_word' id='word_1_48' title='bbox 838 1350 1023 1458; x_wconf 85' lang='lat' dir='ltr'><strong>es]licitur</strong></span> <span class='ocrx_word' id='word_1_49' title='bbox 1041 1381 1179 1459; x_wconf 86' lang='lat' dir='ltr'><strong>corpus</strong></span> <span class='ocrx_word' id='word_1_50' title='bbox 1198 1353 1337 1432; x_wconf 86' lang='lat' dir='ltr'><strong>Christi</strong></span> <span class='ocrx_word' id='word_1_51' title='bbox 1358 1371 1396 1432; x_wconf 90' lang='lat' dir='ltr'><strong>et</strong></span> <span class='ocrx_word' id='word_1_52' title='bbox 1416 1355 1496 1464; x_wconf 89' lang='lat' dir='ltr'><strong>ejus</strong></span> <span class='ocrx_word' id='word_1_53' title='bbox 1513 1359 1660 1464; x_wconf 85' lang='lat' dir='ltr'><strong>sanguis</strong></span> <span class='ocrx_word' id='word_1_54' title='bbox 1680 1388 1765 1463; x_wconf 89' lang='lat' dir='ltr'><strong>pre-</strong></span> 
     </span>
     <span class='ocr_line' id='line_1_8' title="bbox 335 1509 470 1561; baseline 0.015 -3"><span class='ocrx_word' id='word_1_55' title='bbox 335 1509 470 1561; x_wconf 83' lang='lat' dir='ltr'><strong>exosus.</strong></span> 
     </span>
    </p>

    <p class='ocr_par' dir='ltr' id='par_1_6' title="bbox 391 1583 1057 1722">
     <span class='ocr_line' id='line_1_9' title="bbox 391 1583 1057 1722; baseline 0.002 -32"><span class='ocrx_word' id='word_1_56' title='bbox 391 1583 458 1691; x_wconf 79' lang='lat' dir='ltr'><strong>Ad&#39;</strong></span> <span class='ocrx_word' id='word_1_57' title='bbox 469 1640 685 1691; x_wconf 81' lang='lat' dir='ltr'><strong>xxt-xxuu</strong></span> <span class='ocrx_word' id='word_1_58' title='bbox 705 1613 882 1692; x_wconf 77' lang='lat' dir='ltr'><strong>articulos</strong></span> <span class='ocrx_word' id='word_1_59' title='bbox 900 1616 1057 1722; x_wconf 88' lang='lat' dir='ltr'><strong>negavit.</strong></span> 
     </span>
    </p>

    <p class='ocr_par' dir='ltr' id='par_1_7' title="bbox 331 1741 1761 2240">
     <span class='ocr_line' id='line_1_10' title="bbox 391 1741 1760 1854; baseline 0.004 -35"><span class='ocrx_word' id='word_1_60' title='bbox 391 1742 450 1819; x_wconf 85' lang='lat' dir='ltr'><strong>Ad</strong></span> <span class='ocrx_word' id='word_1_61' title='bbox 466 1767 534 1821; x_wconf 79' lang='lat' dir='ltr'><strong>xxv</strong></span> <span class='ocrx_word' id='word_1_62' title='bbox 551 1741 750 1820; x_wconf 90' lang='lat' dir='ltr'><strong>articulum</strong></span> <span class='ocrx_word' id='word_1_63' title='bbox 768 1744 1014 1850; x_wconf 88' lang='lat' dir='ltr'><strong>respondens,</strong></span> <span class='ocrx_word' id='word_1_64' title='bbox 1032 1742 1179 1852; x_wconf 82' lang='lat' dir='ltr'><strong>negavit</strong></span> <span class='ocrx_word' id='word_1_65' title='bbox 1191 1743 1437 1854; x_wconf 81' lang='lat' dir='ltr'><strong>[cnmlo]ycus</strong></span> <span class='ocrx_word' id='word_1_66' title='bbox 1456 1743 1570 1824; x_wconf 89' lang='lat' dir='ltr'><strong>suerit</strong></span> <span class='ocrx_word' id='word_1_67' title='bbox 1585 1747 1760 1826; x_wconf 85' lang='lat' dir='ltr'><strong>visitator.</strong></span> 
     </span>
     <span class='ocr_line' id='line_1_11' title="bbox 335 1871 1761 1986; baseline 0.004 -38"><span class='ocrx_word' id='word_1_68' title='bbox 335 1871 410 1948; x_wconf 86' lang='lat' dir='ltr'><strong>Sed</strong></span> <span class='ocrx_word' id='word_1_69' title='bbox 429 1873 459 1948; x_wconf 88' lang='lat' dir='ltr'><strong>si</strong></span> <span class='ocrx_word' id='word_1_70' title='bbox 480 1871 667 1977; x_wconf 78' lang='lat' dir='ltr'><strong>presbiter</strong></span> <span class='ocrx_word' id='word_1_71' title='bbox 681 1871 812 1962; x_wconf 86' lang='lat' dir='ltr'><strong>fuerit,</strong></span> <span class='ocrx_word' id='word_1_72' title='bbox 834 1875 1002 1980; x_wconf 83' lang='lat' dir='ltr'><strong>qtramvis</strong></span> <span class='ocrx_word' id='word_1_73' title='bbox 1020 1901 1097 1952; x_wconf 86' lang='lat' dir='ltr'><strong>non</strong></span> <span class='ocrx_word' id='word_1_74' title='bbox 1117 1873 1253 1951; x_wconf 89' lang='lat' dir='ltr'><strong>viderit</strong></span> <span class='ocrx_word' id='word_1_75' title='bbox 1271 1873 1433 1982; x_wconf 77' lang='lat' dir='ltr'><strong>aliquem</strong></span> <span class='ocrx_word' id='word_1_76' title='bbox 1456 1874 1674 1982; x_wconf 77' lang='lat' dir='ltr'><strong>[visitatorem</strong></span> <span class='ocrx_word' id='word_1_77' title='bbox 1689 1877 1761 1986; x_wconf 83' lang='lat' dir='ltr'><strong>qui]</strong></span> 
     </span>
     <span class='ocr_line' id='line_1_12' title="bbox 333 2001 1759 2110; baseline 0.003 -30"><span class='ocrx_word' id='word_1_78' title='bbox 333 2020 430 2080; x_wconf 85' lang='lat' dir='ltr'><strong>esset</strong></span> <span class='ocrx_word' id='word_1_79' title='bbox 448 2002 642 2109; x_wconf 82' lang='lat' dir='ltr'><strong>presbiter,</strong></span> <span class='ocrx_word' id='word_1_80' title='bbox 665 2001 784 2080; x_wconf 89' lang='lat' dir='ltr'><strong>credit</strong></span> <span class='ocrx_word' id='word_1_81' title='bbox 802 2003 906 2110; x_wconf 88' lang='lat' dir='ltr'><strong>quod</strong></span> <span class='ocrx_word' id='word_1_82' title='bbox 927 2021 1052 2110; x_wconf 88' lang='lat' dir='ltr'><strong>posset</strong></span> <span class='ocrx_word' id='word_1_83' title='bbox 1076 2003 1266 2082; x_wconf 83' lang='lat' dir='ltr'><strong>absolvere</strong></span> <span class='ocrx_word' id='word_1_84' title='bbox 1289 2033 1309 2079; x_wconf 88' lang='lat' dir='ltr'><strong>a</strong></span> <span class='ocrx_word' id='word_1_85' title='bbox 1332 2005 1507 2110; x_wconf 88' lang='lat' dir='ltr'><strong>peccatis,</strong></span> <span class='ocrx_word' id='word_1_86' title='bbox 1534 2007 1581 2083; x_wconf 91' lang='lat' dir='ltr'><strong>de</strong></span> <span class='ocrx_word' id='word_1_87' title='bbox 1606 2005 1759 2086; x_wconf 78' lang='lat' dir='ltr'><strong>licencia</strong></span> 
     </span>
     <span class='ocr_line' id='line_1_13' title="bbox 331 2132 916 2240; baseline 0.003 -32"><span class='ocrx_word' id='word_1_88' title='bbox 331 2150 456 2208; x_wconf 90' lang='lat' dir='ltr'><strong>tamen</strong></span> <span class='ocrx_word' id='word_1_89' title='bbox 475 2133 534 2210; x_wconf 89' lang='lat' dir='ltr'><strong>sui</strong></span> <span class='ocrx_word' id='word_1_90' title='bbox 550 2132 752 2239; x_wconf 88' lang='lat' dir='ltr'><strong>superioris</strong></span> <span class='ocrx_word' id='word_1_91' title='bbox 772 2133 916 2240; x_wconf 89' lang='lat' dir='ltr'><strong>prelati.</strong></span> 
     </span>
    </p>

    <p class='ocr_par' dir='ltr' id='par_1_8' title="bbox 387 2261 1079 2369">
     <span class='ocr_line' id='line_1_14' title="bbox 387 2261 1079 2369; baseline 0.007 -32"><span class='ocrx_word' id='word_1_92' title='bbox 387 2261 445 2338; x_wconf 88' lang='lat' dir='ltr'><strong>Ad</strong></span> <span class='ocrx_word' id='word_1_93' title='bbox 464 2288 713 2341; x_wconf 79' lang='lat' dir='ltr'><strong>xxvi-xxxin</strong></span> <span class='ocrx_word' id='word_1_94' title='bbox 730 2261 907 2339; x_wconf 81' lang='lat' dir='ltr'><strong>articulos</strong></span> <span class='ocrx_word' id='word_1_95' title='bbox 921 2262 1079 2369; x_wconf 85' lang='lat' dir='ltr'><strong>negavit.</strong></span> 
     </span>
    </p>

    <p class='ocr_par' dir='ltr' id='par_1_9' title="bbox 327 2391 1757 3019">
     <span class='ocr_line' id='line_1_15' title="bbox 387 2391 1757 2502; baseline 0.001 -32"><span class='ocrx_word' id='word_1_96' title='bbox 387 2393 445 2470; x_wconf 88' lang='lat' dir='ltr'><strong>Ad</strong></span> <span class='ocrx_word' id='word_1_97' title='bbox 464 2419 547 2470; x_wconf 81' lang='lat' dir='ltr'>xxxx</span> <span class='ocrx_word' id='word_1_98' title='bbox 571 2391 768 2470; x_wconf 86' lang='lat' dir='ltr'><strong>articulum</strong></span> <span class='ocrx_word' id='word_1_99' title='bbox 788 2391 1038 2499; x_wconf 87' lang='lat' dir='ltr'><strong>respondens,</strong></span> <span class='ocrx_word' id='word_1_100' title='bbox 1064 2393 1209 2498; x_wconf 83' lang='lat' dir='ltr'><strong>negavit</strong></span> <span class='ocrx_word' id='word_1_101' title='bbox 1234 2419 1322 2472; x_wconf 77' lang='lat' dir='ltr'><strong>euru</strong></span> <span class='ocrx_word' id='word_1_102' title='bbox 1348 2410 1384 2470; x_wconf 87' lang='lat' dir='ltr'><strong>et</strong></span> <span class='ocrx_word' id='word_1_103' title='bbox 1412 2394 1535 2471; x_wconf 87' lang='lat' dir='ltr'><strong>omnia</strong></span> <span class='ocrx_word' id='word_1_104' title='bbox 1557 2413 1593 2471; x_wconf 90' lang='lat' dir='ltr'><strong>et</strong></span> <span class='ocrx_word' id='word_1_105' title='bbox 1613 2397 1757 2502; x_wconf 85' lang='lat' dir='ltr'><strong>singula</strong></span> 
     </span>
     <span class='ocr_line' id='line_1_16' title="bbox 330 2520 1757 2630; baseline 0.003 -32"><span class='ocrx_word' id='word_1_106' title='bbox 330 2539 500 2600; x_wconf 88' lang='lat' dir='ltr'><strong>contenta</strong></span> <span class='ocrx_word' id='word_1_107' title='bbox 526 2524 565 2598; x_wconf 91' lang='lat' dir='ltr'><strong>in</strong></span> <span class='ocrx_word' id='word_1_108' title='bbox 591 2551 654 2612; x_wconf 92' lang='lat' dir='ltr'><strong>eo,</strong></span> <span class='ocrx_word' id='word_1_109' title='bbox 683 2551 752 2599; x_wconf 90' lang='lat' dir='ltr'><strong>neo</strong></span> <span class='ocrx_word' id='word_1_110' title='bbox 777 2521 898 2600; x_wconf 89' lang='lat' dir='ltr'><strong>credit</strong></span> <span class='ocrx_word' id='word_1_111' title='bbox 915 2549 985 2600; x_wconf 88' lang='lat' dir='ltr'><strong>nee</strong></span> <span class='ocrx_word' id='word_1_112' title='bbox 1003 2539 1059 2600; x_wconf 88' lang='lat' dir='ltr'><strong>est</strong></span> <span class='ocrx_word' id='word_1_113' title='bbox 1081 2520 1177 2599; x_wconf 89' lang='lat' dir='ltr'><strong>fides</strong></span> <span class='ocrx_word' id='word_1_114' title='bbox 1204 2523 1283 2630; x_wconf 87' lang='lat' dir='ltr'><strong>ejus</strong></span> <span class='ocrx_word' id='word_1_115' title='bbox 1307 2523 1410 2628; x_wconf 91' lang='lat' dir='ltr'><strong>quod</strong></span> <span class='ocrx_word' id='word_1_116' title='bbox 1437 2522 1560 2601; x_wconf 86' lang='lat' dir='ltr'><strong>dictus</strong></span> <span class='ocrx_word' id='word_1_117' title='bbox 1583 2525 1757 2630; x_wconf 83' lang='lat' dir='ltr'><strong>Magister</strong></span> 
     </span>
     <span class='ocr_line' id='line_1_17' title="bbox 329 2651 1754 2758; baseline -0.001 -28"><span class='ocrx_word' id='word_1_118' title='bbox 329 2651 520 2731; x_wconf 86' lang='lat' dir='ltr'><strong>consessus</strong></span> <span class='ocrx_word' id='word_1_119' title='bbox 539 2651 652 2730; x_wconf 81' lang='lat' dir='ltr'><strong>luerit</strong></span> <span class='ocrx_word' id='word_1_120' title='bbox 675 2669 849 2730; x_wconf 88' lang='lat' dir='ltr'><strong>contenta</strong></span> <span class='ocrx_word' id='word_1_121' title='bbox 863 2653 904 2729; x_wconf 92' lang='lat' dir='ltr'><strong>in</strong></span> <span class='ocrx_word' id='word_1_122' title='bbox 918 2651 1077 2730; x_wconf 85' lang='lat' dir='ltr'><strong>articulo</strong></span> <span class='ocrx_word' id='word_1_123' title='bbox 1096 2651 1324 2758; x_wconf 87' lang='lat' dir='ltr'><strong>supradicto,</strong></span> <span class='ocrx_word' id='word_1_124' title='bbox 1348 2651 1590 2730; x_wconf 82' lang='lat' dir='ltr'><strong>salvatamen</strong></span> <span class='ocrx_word' id='word_1_125' title='bbox 1609 2653 1754 2730; x_wconf 90' lang='lat' dir='ltr'><strong>honore</strong></span> 
     </span>
     <span class='ocr_line' id='line_1_18' title="bbox 329 2779 1752 2889; baseline 0 -29"><span class='ocrx_word' id='word_1_126' title='bbox 329 2800 366 2860; x_wconf 88' lang='lat' dir='ltr'><strong>et</strong></span> <span class='ocrx_word' id='word_1_127' title='bbox 384 2783 591 2861; x_wconf 88' lang='lat' dir='ltr'><strong>reverencia</strong></span> <span class='ocrx_word' id='word_1_128' title='bbox 608 2782 751 2860; x_wconf 90' lang='lat' dir='ltr'><strong>domini</strong></span> <span class='ocrx_word' id='word_1_129' title='bbox 765 2781 884 2859; x_wconf 89' lang='lat' dir='ltr'><strong>nostri</strong></span> <span class='ocrx_word' id='word_1_130' title='bbox 901 2781 1040 2858; x_wconf 90' lang='lat' dir='ltr'><strong>summi</strong></span> <span class='ocrx_word' id='word_1_131' title='bbox 1059 2780 1247 2886; x_wconf 86' lang='lat' dir='ltr'><strong>pontilicis</strong></span> <span class='ocrx_word' id='word_1_132' title='bbox 1264 2800 1299 2858; x_wconf 87' lang='lat' dir='ltr'><strong>et</strong></span> <span class='ocrx_word' id='word_1_133' title='bbox 1318 2779 1472 2860; x_wconf 77' lang='lat' dir='ltr'><strong>fratrum</strong></span> <span class='ocrx_word' id='word_1_134' title='bbox 1487 2785 1567 2889; x_wconf 88' lang='lat' dir='ltr'><strong>ejus</strong></span> <span class='ocrx_word' id='word_1_135' title='bbox 1582 2783 1752 2860; x_wconf 90' lang='lat' dir='ltr'><strong>domino-</strong></span> 
     </span>
     <span class='ocr_line' id='line_1_19' title="bbox 327 2910 1290 3019; baseline -0.002 -29"><span class='ocrx_word' id='word_1_136' title='bbox 327 2943 411 2990; x_wconf 88' lang='lat' dir='ltr'><strong>rum</strong></span> <span class='ocrx_word' id='word_1_137' title='bbox 432 2911 693 3002; x_wconf 83' lang='lat' dir='ltr'><strong>cardinalium,</strong></span> <span class='ocrx_word' id='word_1_138' title='bbox 715 2913 763 2989; x_wconf 90' lang='lat' dir='ltr'><strong>de</strong></span> <span class='ocrx_word' id='word_1_139' title='bbox 777 2910 915 3019; x_wconf 87' lang='lat' dir='ltr'><strong>quibus</strong></span> <span class='ocrx_word' id='word_1_140' title='bbox 929 2911 1052 3019; x_wconf 84' lang='lat' dir='ltr'><strong>agitur</strong></span> <span class='ocrx_word' id='word_1_141' title='bbox 1065 2911 1104 2990; x_wconf 90' lang='lat' dir='ltr'><strong>in</strong></span> <span class='ocrx_word' id='word_1_142' title='bbox 1124 2911 1290 2988; x_wconf 80' lang='lat' dir='ltr'><strong>articulo.</strong></span> 
     </span>
    </p>

    <p class='ocr_par' dir='ltr' id='par_1_10' title="bbox 326 3042 1888 3382">
     <span class='ocr_line' id='line_1_20' title="bbox 383 3042 1751 3151; baseline 0.001 -31"><span class='ocrx_word' id='word_1_143' title='bbox 383 3044 440 3121; x_wconf 85' lang='lat' dir='ltr'><strong>Ad</strong></span> <span class='ocrx_word' id='word_1_144' title='bbox 475 3071 544 3120; x_wconf 88' lang='lat' dir='ltr'><strong>xxx</strong></span> <span class='ocrx_word' id='word_1_145' title='bbox 571 3042 765 3121; x_wconf 89' lang='lat' dir='ltr'><strong>articulum</strong></span> <span class='ocrx_word' id='word_1_146' title='bbox 796 3042 1045 3148; x_wconf 85' lang='lat' dir='ltr'><strong>respondeus,</strong></span> <span class='ocrx_word' id='word_1_147' title='bbox 1072 3042 1218 3149; x_wconf 87' lang='lat' dir='ltr'><strong>negavit</strong></span> <span class='ocrx_word' id='word_1_148' title='bbox 1240 3059 1413 3120; x_wconf 88' lang='lat' dir='ltr'><strong>contenta</strong></span> <span class='ocrx_word' id='word_1_149' title='bbox 1445 3044 1484 3120; x_wconf 91' lang='lat' dir='ltr'><strong>in</strong></span> <span class='ocrx_word' id='word_1_150' title='bbox 1513 3071 1574 3132; x_wconf 91' lang='lat' dir='ltr'><strong>eo,</strong></span> <span class='ocrx_word' id='word_1_151' title='bbox 1600 3062 1751 3151; x_wconf 83' lang='lat' dir='ltr'><strong>excepto</strong></span> 
     </span>
     <span class='ocr_line' id='line_1_21' title="bbox 327 3167 1888 3282; baseline -0.001 -30"><span class='ocrx_word' id='word_1_152' title='bbox 327 3175 447 3282; x_wconf 91' lang='lat' dir='ltr'><strong>quod,</strong></span> <span class='ocrx_word' id='word_1_153' title='bbox 468 3192 554 3281; x_wconf 89' lang='lat' dir='ltr'><strong>post</strong></span> <span class='ocrx_word' id='word_1_154' title='bbox 570 3175 844 3279; x_wconf 89' lang='lat' dir='ltr'><strong>recepcionem‚</strong></span> <span class='ocrx_word' id='word_1_155' title='bbox 861 3173 1044 3277; x_wconf 87' lang='lat' dir='ltr'><strong>recipiens</strong></span> <span class='ocrx_word' id='word_1_156' title='bbox 1064 3171 1252 3250; x_wconf 90' lang='lat' dir='ltr'><strong>osculatur</strong></span> <span class='ocrx_word' id='word_1_157' title='bbox 1264 3172 1302 3248; x_wconf 94' lang='lat' dir='ltr'><strong>in</strong></span> <span class='ocrx_word' id='word_1_158' title='bbox 1316 3200 1381 3251; x_wconf 92' lang='lat' dir='ltr'><strong>ore</strong></span> <span class='ocrx_word' id='word_1_159' title='bbox 1396 3190 1543 3252; x_wconf 87' lang='lat' dir='ltr'><strong>tanturn</strong></span> <span class='ocrx_word' id='word_1_160' title='bbox 1558 3192 1750 3280; x_wconf 85' lang='lat' dir='ltr'><strong>receptum</strong></span> <span class='ocrx_word' id='word_1_161' title='bbox 1883 3167 1888 3174; x_wconf 72' lang='grc'><strong>’</strong></span> 
     </span>
     <span class='ocr_line' id='line_1_22' title="bbox 326 3291 1826 3382; baseline 0.004 -2"><span class='ocrx_word' id='word_1_162' title='bbox 326 3303 547 3382; x_wconf 55' lang='lat' dir='ltr'><strong>mmmm</strong></span> <span class='ocrx_word' id='word_1_163' title='bbox 1821 3291 1826 3302; x_wconf 43' lang='lat'><strong><em>⁵</em></strong></span> 
     </span>
    </p>

    <p class='ocr_par' dir='ltr' id='par_1_11' title="bbox 382 3433 1072 3542">
     <span class='ocr_line' id='line_1_23' title="bbox 382 3433 1072 3542; baseline 0 -31"><span class='ocrx_word' id='word_1_164' title='bbox 382 3434 442 3512; x_wconf 85' lang='lat' dir='ltr'><strong>Ad</strong></span> <span class='ocrx_word' id='word_1_165' title='bbox 456 3459 705 3512; x_wconf 79' lang='lat' dir='ltr'><strong>xxxi-xxxin</strong></span> <span class='ocrx_word' id='word_1_166' title='bbox 723 3433 897 3512; x_wconf 81' lang='lat' dir='ltr'><strong>articulos</strong></span> <span class='ocrx_word' id='word_1_167' title='bbox 917 3435 1072 3542; x_wconf 85' lang='lat' dir='ltr'><strong>negavit.</strong></span> 
     </span>
    </p>

    <p class='ocr_par' dir='ltr' id='par_1_12' title="bbox 290 3562 1750 4064">
     <span class='ocr_line' id='line_1_24' title="bbox 381 3562 1750 3671; baseline 0 -31"><span class='ocrx_word' id='word_1_168' title='bbox 381 3564 439 3641; x_wconf 88' lang='lat' dir='ltr'><strong>Ad</strong></span> <span class='ocrx_word' id='word_1_169' title='bbox 458 3591 581 3642; x_wconf 86' lang='lat' dir='ltr'><strong>xxxuu</strong></span> <span class='ocrx_word' id='word_1_170' title='bbox 603 3562 801 3642; x_wconf 85' lang='lat' dir='ltr'><strong>articulum</strong></span> <span class='ocrx_word' id='word_1_171' title='bbox 830 3563 1079 3671; x_wconf 88' lang='lat' dir='ltr'><strong>respondens,</strong></span> <span class='ocrx_word' id='word_1_172' title='bbox 1111 3565 1309 3641; x_wconf 89' lang='lat' dir='ltr'><strong>confitetur</strong></span> <span class='ocrx_word' id='word_1_173' title='bbox 1334 3564 1457 3671; x_wconf 90' lang='lat' dir='ltr'><strong>ipsum</strong></span> <span class='ocrx_word' id='word_1_174' title='bbox 1491 3563 1687 3642; x_wconf 79' lang='lat' dir='ltr'><strong>articulum</strong></span> <span class='ocrx_word' id='word_1_175' title='bbox 1713 3581 1750 3640; x_wconf 89' lang='lat' dir='ltr'><strong>et</strong></span> 
     </span>
     <span class='ocr_line' id='line_1_25' title="bbox 325 3691 1746 3801; baseline -0.001 -31"><span class='ocrx_word' id='word_1_176' title='bbox 325 3710 498 3772; x_wconf 85' lang='lat' dir='ltr'><strong>contente</strong></span> <span class='ocrx_word' id='word_1_177' title='bbox 520 3695 559 3770; x_wconf 92' lang='lat' dir='ltr'><strong>in</strong></span> <span class='ocrx_word' id='word_1_178' title='bbox 578 3723 642 3784; x_wconf 89' lang='lat' dir='ltr'><strong>eo,</strong></span> <span class='ocrx_word' id='word_1_179' title='bbox 674 3723 719 3772; x_wconf 90' lang='lat' dir='ltr'><strong>eo</strong></span> <span class='ocrx_word' id='word_1_180' title='bbox 746 3694 862 3773; x_wconf 89' lang='lat' dir='ltr'><strong>modo</strong></span> <span class='ocrx_word' id='word_1_181' title='bbox 888 3695 953 3801; x_wconf 88' lang='lat' dir='ltr'><strong>qui</strong></span> <span class='ocrx_word' id='word_1_182' title='bbox 977 3694 1158 3800; x_wconf 88' lang='lat' dir='ltr'><strong>sequitur,</strong></span> <span class='ocrx_word' id='word_1_183' title='bbox 1180 3694 1285 3801; x_wconf 78' lang='lat' dir='ltr'><strong>quod</strong></span> <span class='ocrx_word' id='word_1_184' title='bbox 1304 3695 1486 3800; x_wconf 88' lang='lat' dir='ltr'><strong>recipiens</strong></span> <span class='ocrx_word' id='word_1_185' title='bbox 1512 3691 1597 3770; x_wconf 86' lang='lat' dir='ltr'><strong>lacit</strong></span> <span class='ocrx_word' id='word_1_186' title='bbox 1619 3693 1746 3799; x_wconf 89' lang='lat' dir='ltr'><strong>jurare</strong></span> 
     </span>
     <span class='ocr_line' id='line_1_26' title="bbox 324 3823 1746 3932; baseline 0 -31"><span class='ocrx_word' id='word_1_187' title='bbox 324 3842 516 3931; x_wconf 89' lang='lat' dir='ltr'><strong>receptum</strong></span> <span class='ocrx_word' id='word_1_188' title='bbox 543 3825 647 3932; x_wconf 92' lang='lat' dir='ltr'><strong>quod</strong></span> <span class='ocrx_word' id='word_1_189' title='bbox 665 3853 734 3931; x_wconf 91' lang='lat' dir='ltr'><strong>pro</strong></span> <span class='ocrx_word' id='word_1_190' title='bbox 759 3823 831 3905; x_wconf 89' lang='lat' dir='ltr'><strong>alio</strong></span> <span class='ocrx_word' id='word_1_191' title='bbox 852 3824 984 3904; x_wconf 90' lang='lat' dir='ltr'><strong>ordine</strong></span> <span class='ocrx_word' id='word_1_192' title='bbox 1003 3823 1135 3932; x_wconf 85' lang='lat' dir='ltr'><strong>majori</strong></span> <span class='ocrx_word' id='word_1_193' title='bbox 1154 3823 1212 3901; x_wconf 82' lang='lat' dir='ltr'><strong>vel</strong></span> <span class='ocrx_word' id='word_1_194' title='bbox 1236 3824 1374 3902; x_wconf 89' lang='lat' dir='ltr'><strong>minori</strong></span> <span class='ocrx_word' id='word_1_195' title='bbox 1390 3851 1465 3908; x_wconf 90' lang='lat' dir='ltr'><strong>non</strong></span> <span class='ocrx_word' id='word_1_196' title='bbox 1484 3840 1586 3900; x_wconf 88' lang='lat' dir='ltr'><strong>exeat</strong></span> <span class='ocrx_word' id='word_1_197' title='bbox 1601 3851 1670 3900; x_wconf 91' lang='lat' dir='ltr'><strong>nec</strong></span> <span class='ocrx_word' id='word_1_198' title='bbox 1688 3853 1746 3901; x_wconf 92' lang='lat' dir='ltr'><strong>re-</strong></span> 
     </span>
     <span class='ocr_line' id='line_1_27' title="bbox 290 3955 994 4064; baseline 0.003 -32"><span class='ocrx_word' id='word_1_199' title='bbox 290 3995 294 4000; x_wconf 94' lang='lat'><em>·</em></span> <span class='ocrx_word' id='word_1_200' title='bbox 323 3956 469 4064; x_wconf 89' lang='lat' dir='ltr'><strong>linquat</strong></span> <span class='ocrx_word' id='word_1_201' title='bbox 488 3957 660 4034; x_wconf 88' lang='lat' dir='ltr'><strong>ordinem</strong></span> <span class='ocrx_word' id='word_1_202' title='bbox 680 3955 994 4063; x_wconf 87' lang='lat' dir='ltr'><strong>Templariorum.</strong></span> 
     </span>
    </p>

    <p class='ocr_par' dir='ltr' id='par_1_13' title="bbox 215 4083 1744 4583">
     <span class='ocr_line' id='line_1_28' title="bbox 378 4083 1743 4197; baseline 0 -34"><span class='ocrx_word' id='word_1_203' title='bbox 378 4087 436 4163; x_wconf 84' lang='lat' dir='ltr'><strong>Ad</strong></span> <span class='ocrx_word' id='word_1_204' title='bbox 452 4115 543 4166; x_wconf 87' lang='lat' dir='ltr'>xxxv</span> <span class='ocrx_word' id='word_1_205' title='bbox 556 4087 752 4166; x_wconf 87' lang='lat' dir='ltr'><strong>articulum</strong></span> <span class='ocrx_word' id='word_1_206' title='bbox 763 4087 1007 4197; x_wconf 87' lang='lat' dir='ltr'><strong>respondens,</strong></span> <span class='ocrx_word' id='word_1_207' title='bbox 1030 4083 1226 4164; x_wconf 87' lang='lat' dir='ltr'><strong>confitetur</strong></span> <span class='ocrx_word' id='word_1_208' title='bbox 1245 4087 1369 4192; x_wconf 90' lang='lat' dir='ltr'><strong>ipsum</strong></span> <span class='ocrx_word' id='word_1_209' title='bbox 1385 4103 1422 4163; x_wconf 92' lang='lat' dir='ltr'><strong>et</strong></span> <span class='ocrx_word' id='word_1_210' title='bbox 1441 4102 1613 4176; x_wconf 85' lang='lat' dir='ltr'><strong>contenta</strong></span> <span class='ocrx_word' id='word_1_211' title='bbox 1627 4086 1666 4160; x_wconf 93' lang='lat' dir='ltr'><strong>in</strong></span> <span class='ocrx_word' id='word_1_212' title='bbox 1686 4114 1743 4163; x_wconf 89' lang='lat' dir='ltr'><strong>eo.</strong></span> 
     </span>
     <span class='ocr_line' id='line_1_29' title="bbox 323 4216 1744 4325; baseline -0.002 -30"><span class='ocrx_word' id='word_1_213' title='bbox 323 4217 399 4296; x_wconf 88' lang='lat' dir='ltr'><strong>Sed</strong></span> <span class='ocrx_word' id='word_1_214' title='bbox 413 4219 603 4297; x_wconf 87' lang='lat' dir='ltr'><strong>racionem</strong></span> <span class='ocrx_word' id='word_1_215' title='bbox 620 4247 735 4324; x_wconf 88' lang='lat' dir='ltr'><strong>quare</strong></span> <span class='ocrx_word' id='word_1_216' title='bbox 752 4236 840 4296; x_wconf 89' lang='lat' dir='ltr'><strong>sunt</strong></span> <span class='ocrx_word' id='word_1_217' title='bbox 858 4216 1013 4325; x_wconf 83' lang='lat' dir='ltr'><strong>professi</strong></span> <span class='ocrx_word' id='word_1_218' title='bbox 1027 4217 1273 4296; x_wconf 88' lang='lat' dir='ltr'><strong>incontinenti</strong></span> <span class='ocrx_word' id='word_1_219' title='bbox 1290 4217 1430 4323; x_wconf 88' lang='lat' dir='ltr'><strong>recepti</strong></span> <span class='ocrx_word' id='word_1_220' title='bbox 1445 4218 1485 4292; x_wconf 89' lang='lat' dir='ltr'><strong>in</strong></span> <span class='ocrx_word' id='word_1_221' title='bbox 1500 4216 1599 4294; x_wconf 88' lang='lat' dir='ltr'><strong>dicto</strong></span> <span class='ocrx_word' id='word_1_222' title='bbox 1614 4216 1744 4293; x_wconf 88' lang='lat' dir='ltr'><strong>ordine</strong></span> 
     </span>
     <span class='ocr_line' id='line_1_30' title="bbox 321 4345 1743 4436; baseline 0.001 -13"><span class='ocrx_word' id='word_1_223' title='bbox 321 4347 413 4424; x_wconf 91' lang='lat' dir='ltr'><strong>dixit</strong></span> <span class='ocrx_word' id='word_1_224' title='bbox 433 4377 472 4424; x_wconf 90' lang='lat' dir='ltr'><strong>se</strong></span> <span class='ocrx_word' id='word_1_225' title='bbox 493 4348 652 4436; x_wconf 78' lang='lat' dir='ltr'><strong>nescire3</strong></span> <span class='ocrx_word' id='word_1_226' title='bbox 674 4348 741 4425; x_wconf 91' lang='lat' dir='ltr'><strong>sed</strong></span> <span class='ocrx_word' id='word_1_227' title='bbox 760 4349 813 4425; x_wconf 91' lang='lat' dir='ltr'><strong>sic</strong></span> <span class='ocrx_word' id='word_1_228' title='bbox 829 4348 991 4425; x_wconf 89' lang='lat' dir='ltr'><strong>habetur</strong></span> <span class='ocrx_word' id='word_1_229' title='bbox 1011 4345 1058 4426; x_wconf 92' lang='lat' dir='ltr'><strong>de</strong></span> <span class='ocrx_word' id='word_1_230' title='bbox 1078 4375 1183 4425; x_wconf 88' lang='lat' dir='ltr'><strong>more</strong></span> <span class='ocrx_word' id='word_1_231' title='bbox 1201 4366 1240 4425; x_wconf 86' lang='lat' dir='ltr'><strong>et</strong></span> <span class='ocrx_word' id='word_1_232' title='bbox 1259 4348 1449 4425; x_wconf 87' lang='lat' dir='ltr'><strong>observata</strong></span> <span class='ocrx_word' id='word_1_233' title='bbox 1472 4348 1743 4424; x_wconf 88' lang='lat' dir='ltr'><strong>consuetudine</strong></span> 
     </span>
     <span class='ocr_line' id='line_1_31' title="bbox 215 4455 588 4583; baseline 0.008 -32"><span class='ocrx_word' id='word_1_234' title='bbox 215 4455 224 4473; x_wconf 88' lang='lat'><em>&#39;</em></span> <span class='ocrx_word' id='word_1_235' title='bbox 320 4477 409 4554; x_wconf 73' lang='lat' dir='ltr'><strong>nex</strong></span> <span class='ocrx_word' id='word_1_236' title='bbox 429 4477 588 4583; x_wconf 77' lang='lat' dir='ltr'><strong>Tempu.</strong></span> 
     </span>
    </p>

    <p class='ocr_par' dir='ltr' id='par_1_14' title="bbox 320 4606 1740 4979">
     <span class='ocr_line' id='line_1_32' title="bbox 375 4606 1739 4714; baseline -0.002 -29"><span class='ocrx_word' id='word_1_237' title='bbox 375 4609 434 4685; x_wconf 84' lang='lat' dir='ltr'><strong>Ad</strong></span> <span class='ocrx_word' id='word_1_238' title='bbox 452 4635 560 4688; x_wconf 82' lang='lat' dir='ltr'>xxxvi</span> <span class='ocrx_word' id='word_1_239' title='bbox 585 4607 782 4686; x_wconf 89' lang='lat' dir='ltr'><strong>articulum</strong></span> <span class='ocrx_word' id='word_1_240' title='bbox 811 4609 1056 4714; x_wconf 84' lang='lat' dir='ltr'><strong>respondens,</strong></span> <span class='ocrx_word' id='word_1_241' title='bbox 1088 4608 1181 4687; x_wconf 83' lang='lat' dir='ltr'><strong>dixit</strong></span> <span class='ocrx_word' id='word_1_242' title='bbox 1202 4609 1306 4714; x_wconf 91' lang='lat' dir='ltr'><strong>quod</strong></span> <span class='ocrx_word' id='word_1_243' title='bbox 1331 4607 1567 4714; x_wconf 89' lang='lat' dir='ltr'><strong>recepciones</strong></span> <span class='ocrx_word' id='word_1_244' title='bbox 1586 4606 1739 4684; x_wconf 84' lang='lat' dir='ltr'><strong>fratrum</strong></span> 
     </span>
     <span class='ocr_line' id='line_1_33' title="bbox 320 4736 1739 4847; baseline -0.001 -32"><span class='ocrx_word' id='word_1_245' title='bbox 320 4739 421 4816; x_wconf 79' lang='lat' dir='ltr'><strong>dioti&#39;</strong></span> <span class='ocrx_word' id='word_1_246' title='bbox 435 4741 577 4818; x_wconf 91' lang='lat' dir='ltr'><strong>ordinis</strong></span> <span class='ocrx_word' id='word_1_247' title='bbox 600 4739 695 4817; x_wconf 87' lang='lat' dir='ltr'><strong>liunt</strong></span> <span class='ocrx_word' id='word_1_248' title='bbox 715 4739 946 4847; x_wconf 89' lang='lat' dir='ltr'><strong>ubicumque</strong></span> <span class='ocrx_word' id='word_1_249' title='bbox 966 4767 1031 4818; x_wconf 88' lang='lat' dir='ltr'><strong>eos</strong></span> <span class='ocrx_word' id='word_1_250' title='bbox 1051 4740 1132 4818; x_wconf 88' lang='lat' dir='ltr'><strong>lieri</strong></span> <span class='ocrx_word' id='word_1_251' title='bbox 1158 4737 1354 4846; x_wconf 84' lang='lat' dir='ltr'><strong>contingit,</strong></span> <span class='ocrx_word' id='word_1_252' title='bbox 1376 4737 1551 4817; x_wconf 89' lang='lat' dir='ltr'><strong>omnibus</strong></span> <span class='ocrx_word' id='word_1_253' title='bbox 1566 4736 1739 4824; x_wconf 84' lang='lat' dir='ltr'><strong>exclusis,</strong></span> 
     </span>
     <span class='ocr_line' id='line_1_34' title="bbox 321 4867 1740 4979; baseline -0.002 -34"><span class='ocrx_word' id='word_1_254' title='bbox 321 4871 483 4977; x_wconf 86' lang='lat' dir='ltr'><strong>exceptis</strong></span> <span class='ocrx_word' id='word_1_255' title='bbox 504 4869 681 4949; x_wconf 85' lang='lat' dir='ltr'><strong>fratribus</strong></span> <span class='ocrx_word' id='word_1_256' title='bbox 704 4870 791 4948; x_wconf 89' lang='lat' dir='ltr'><strong>dicti</strong></span> <span class='ocrx_word' id='word_1_257' title='bbox 817 4871 976 4960; x_wconf 89' lang='lat' dir='ltr'><strong>ordinis,</strong></span> <span class='ocrx_word' id='word_1_258' title='bbox 998 4871 1129 4968; x_wconf 90' lang='lat' dir='ltr'><strong>clausis</strong></span> <span class='ocrx_word' id='word_1_259' title='bbox 1145 4869 1269 4979; x_wconf 89' lang='lat' dir='ltr'><strong>januis</strong></span> <span class='ocrx_word' id='word_1_260' title='bbox 1293 4869 1366 4949; x_wconf 89' lang='lat' dir='ltr'><strong>loci</strong></span> <span class='ocrx_word' id='word_1_261' title='bbox 1385 4869 1452 4947; x_wconf 90' lang='lat' dir='ltr'><strong>ubi</strong></span> <span class='ocrx_word' id='word_1_262' title='bbox 1474 4867 1677 4974; x_wconf 89' lang='lat' dir='ltr'><strong>capitulum</strong></span> <span class='ocrx_word' id='word_1_263' title='bbox 1698 4867 1740 4942; x_wconf 89' lang='lat' dir='ltr'><strong>fit</strong></span> 
     </span>
    </p>
   </div>
   <div class='ocr_carea' id='block_1_3' title="bbox 0 0 2110 5882">
    <p class='ocr_par' dir='ltr' id='par_1_15' title="bbox 0 0 2110 5882">
     <span class='ocr_line' id='line_1_35' title="bbox 0 0 2110 5882; baseline 0 9"><span class='ocrx_word' id='word_1_264' title='bbox 0 0 2110 5882; x_wconf 95' lang='lat' dir='ltr'><strong> </strong></span> 
     </span>
    </p>
   </div>
  </div>
 </body>
</html>
