4242 5890
715 529 912 623 raucus
936 547 1033 620 uns
1059 546 1362 621 rnupnrnns.
1683 553 1757 624 295

324 694 484 784 sicione,
507 691 600 770 dixit
616 719 685 799 per
698 691 956 800 juramentum
971 718 1084 768 snum
1095 688 1201 798 quod
1214 717 1309 780 non,
1327 689 1443 768 immo
1462 717 1597 797 puram
1614 707 1652 768 et
1667 693 1758 770 inte-

323 853 427 935 gram
446 853 517 933 pro
536 825 656 904 salute
676 825 799 902 anime
819 850 886 902 sue
908 822 1050 902 dixerat
1068 823 1274 902 veritatem.

380 1094 475 1170 Item
499 1117 614 1181 anno,
640 1089 848 1180 indicione,
876 1115 1023 1178 mense,
1051 1087 1131 1178 die,
1153 1086 1376 1194 pontificatu
1398 1106 1436 1166 et
1455 1086 1540 1169 loco
1559 1088 1753 1195 predictis,

324 1224 363 1302 in
378 1223 469 1302 dicti
489 1221 737 1331 inquisitoris,
751 1237 926 1300 nostrum
941 1219 1174 1298 notariorum
1196 1236 1235 1297 ct
1258 1218 1579 1326 infrascriptarum
1602 1221 1758 1300 testium

321 1356 515 1464 presencia
547 1353 797 1462 personaliter
831 1354 1058 1432 constitutus
1095 1351 1211 1430 frater
1247 1350 1453 1432 Gausridus
1486 1352 1533 1431 de
1567 1352 1756 1433 Charneio

322 1487 432 1566 miles
460 1486 549 1564 dicti
570 1486 733 1576 ordinis,
756 1502 794 1562 et
809 1502 1009 1593 preceptor
1025 1484 1145 1563 totius
1163 1485 1408 1573 Normannie,
1438 1485 1546 1563 etatis
1569 1486 1758 1593 quinqua-

323 1619 424 1726 ginta
438 1647 502 1698 sex
521 1646 707 1698 annorum
726 1616 788 1695 vcl
809 1617 923 1707 circa,
944 1635 988 1694 ut
1005 1616 1171 1704 dicebat,
1193 1617 1300 1694 testis
1320 1615 1457 1695 eodem
1475 1614 1591 1694 modo
1606 1618 1756 1725 juratus

323 1750 371 1827 de
391 1779 431 1827 se
456 1768 494 1830 et
513 1748 595 1826 aliis
618 1750 658 1826 in
679 1775 788 1827 causa
807 1746 898 1826 [idei
917 1775 1068 1854 puram,
1090 1775 1236 1826 meram
1256 1764 1295 1825 et
1312 1746 1497 1854 integram
1518 1748 1642 1826 dicere
1661 1751 1758 1828 veri-

322 1898 454 1971 tatem,
479 1898 517 1958 et
543 1882 793 1987 interrogatus
818 1877 866 1956 de
889 1895 1062 1985 tempore
1090 1896 1129 1956 et
1157 1878 1274 1958 modo
1304 1907 1371 1957 sue
1395 1879 1642 1985 recepcionis,
1665 1881 1757 1960 dixit

319 2041 391 2119 per
401 2014 660 2120 juramentum
688 2037 799 2090 suum
828 2010 934 2118 quod
953 1983 1042 2088 sunt
1064 2009 1161 2088 bene
1185 2009 1338 2119 triginta
1363 2027 1509 2116 septem
1527 2011 1586 2089 vel
1604 2012 1758 2120 triginta
1800 2037 1805 2046 ·

323 2161 410 2223 octo
431 2145 517 2223 anni
533 2143 648 2250 elapsi
662 2143 722 2221 vel
734 2143 829 2222 circa
844 2140 949 2250 quod
964 2140 1038 2220 fuit
1056 2159 1230 2248 receptus
1242 2142 1283 2218 in
1297 2141 1432 2219 ordine
1450 2143 1754 2249 Tempiariorurn

323 2276 425 2384 apud
441 2277 627 2383 Stampas,
650 2303 720 2384 per
737 2275 890 2353 fratrem
908 2272 1138 2352 Amalricum
1160 2274 1207 2352 de
1226 2273 1370 2364 Rocba,
1392 2273 1630 2380 presentibus
1645 2275 1757 2354 fratre

322 2405 494 2486 Jobanne
504 2407 699 2486 Francisco
709 2423 930 2514 preceptore
945 2406 1142 2484 Parisiensi
1155 2406 1429 2514 etquibmdam
1446 2405 1529 2485 aliis
1538 2408 1604 2516 qni
1616 2411 1756 2487 mortui

323 2555 422 2616 sunt.
441 2536 543 2618 Dixit
563 2540 680 2617 eciam
699 2561 771 2645 per
782 2539 1042 2646 juramentum
1056 2565 1169 2617 suum
1183 2539 1305 2646 quod,
1320 2539 1402 2646 ipso
1422 2557 1573 2648 recepto
1593 2558 1631 2618 et
1650 2569 1758 2620 man-

322 2667 415 2748 tello
430 2669 479 2748 ad
498 2670 638 2750 collum
657 2668 801 2777 posito,
827 2683 994 2775 aportata
1023 2667 1096 2748 fuit
1117 2669 1188 2748 sibi
1214 2651 1379 2776 quedam
1406 2699 1494 2748 cmx
1519 2672 1559 2748 in
1584 2692 1757 2779 quaerat

322 2829 457 2909 ymago
475 2801 593 2881 Jhcsu
612 2801 767 2893 Christi,
791 2817 830 2878 et
849 2799 944 2878 dixit
959 2799 1030 2879 sibi
1050 2801 1155 2880 idern
1174 2820 1346 2910 receptor
1365 2801 1470 2910 quod
1489 2831 1566 2882 non
1587 2804 1758 2884 crederet

323 2933 363 3010 in
377 2933 488 3011 iilum
508 2934 615 3041 cnjus
633 2959 768 3042 ymago
789 2950 869 3012 erat
887 2932 942 3012 ibi
963 2931 1125 3040 depicta,
1143 2934 1233 3041 quia
1247 2933 1361 3013 iabus
1378 2937 1665 3043 propbetaerat,
1678 2963 1751 3014 nec

324 3082 404 3142 erat
424 3067 538 3144 Deus.
563 3067 611 3142 Et
633 3082 727 3143 tunc
748 3063 839 3142 tecit
868 3065 992 3142 dictus
1020 3063 1206 3171 recipiens
1235 3067 1361 3172 ipsum
1385 3068 1572 3182 ⁴abnegare
1601 3067 1756 3163 Jhesum
1892 3151 1895 3158 ,

321 3195 518 3276 Christum
536 3214 607 3286 ter,
635 3221 701 3276 ore
722 3214 761 3274 et
778 3223 854 3274 non
874 3196 1005 3292 corde,
1032 3214 1077 3274 ut
1100 3196 1205 3274 dixit.
1227 3197 1444 3304 Requisitus
1463 3215 1592 3276 utrum
1611 3201 1757 3306 spuerit

322 3354 435 3434 supra
454 3331 573 3434 ipsam
593 3327 823 3434 ymaginem,
855 3325 950 3404 dixit
971 3351 1040 3430 per
1060 3325 1320 3430 juramentum
1339 3357 1452 3406 suum
1472 3329 1578 3436 quod
1596 3359 1674 3408 non
1698 3361 1757 3408 re·

324 3458 510 3548 cordatur,
538 3474 576 3534 et
594 3457 713 3535 credit
736 3455 843 3562 quod
861 3457 935 3533 boc
953 3453 1025 3532 fuir
1050 3455 1119 3535 ista
1141 3455 1189 3532 de
1215 3485 1323 3533 causa
1342 3459 1431 3565 quia
1456 3459 1686 3540 festinabant
1702 3491 1753 3540 se.

322 3591 574 3696 Interrogatus
598 3589 644 3666 de
664 3586 809 3675 osculo,
831 3585 925 3663 dixit
944 3612 1013 3692 per
1027 3585 1286 3694 juramentum
1306 3617 1419 3666 suum
1438 3591 1542 3697 quod
1567 3591 1755 3670 osculatus

321 3720 395 3798 fnit
414 3720 635 3827 magistrum
650 3718 896 3826 recipientem
910 3717 1037 3823 ipsum
1050 3716 1090 3794 in
1101 3716 1300 3810 umbilic03
1318 3738 1355 3798 ct
1370 3719 1511 3798 audivit
1525 3722 1599 3800 dici
1610 3751 1632 3798 a
1642 3721 1756 3802 fratre

323 3850 493 3930 Gerardo
511 3849 559 3927 de
575 3853 734 3946 Sauzeto
756 3865 977 3957 preceptore
992 3847 1189 3940 Arvernia,
1206 3851 1273 3957 qui
1291 3851 1383 3928 dixit
1402 3850 1579 3930 fratribus
1598 3855 1756 3932 existen-

322 3983 425 4063 tibus
440 3985 480 4060 in
497 3983 660 4090 capitulo
674 3981 781 4090 qnod
795 3979 965 4070 tenebat,
982 3981 1088 4088 quod
1105 3981 1243 4060 melius
1257 4001 1338 4061 erat
1351 4012 1391 4062 se
1409 3986 1652 4064 commiscere
1668 4017 1756 4066 curn

323 4114 501 4193 batribus
520 4115 664 4194 ordinis
680 4139 795 4220 qrram
809 4111 1009 4192 libidinem
1028 4139 1202 4192 exercere
1218 4143 1304 4192 curn
1318 4115 1556 4208 madieribus;
1579 4118 1647 4196 scd
1659 4148 1757 4198 nun·

323 4273 438 4352 quam
457 4244 562 4336 fecit,
583 4273 655 4324 nec
673 4243 978 4351 &irrequisitus
1000 4259 1043 4321 ut
1057 4244 1162 4322 dixit.

379 4376 598 4484 Requisitus
611 4402 679 4483 per
688 4376 950 4486 juramentum
970 4403 1083 4453 sunm
1101 4393 1232 4456 utrum
1251 4379 1437 4486 receperit
1457 4382 1514 4459 vel
1534 4381 1665 4462 fecerit
1686 4385 1755 4462 ali-

323 4505 560 4615 quosfratres
574 4508 613 4585 ib
626 4501 762 4586 ordine
774 4505 963 4614 predicto,
982 4505 1074 4584 dixit
1092 4536 1162 4614 per
1170 4508 1428 4616 juramentum
1445 4539 1557 4590 suum
1566 4515 1673 4622 quod
1688 4519 1753 4596 sic.

322 4639 424 4718 Dixit
447 4641 564 4718 eciam
587 4665 657 4746 per
675 4639 937 4748 juramentum
963 4664 1074 4718 snum
1098 4640 1204 4748 qnod
1224 4642 1393 4747 primurn
1414 4672 1528 4751 quem
1554 4648 1696 4753 recepit
1715 4649 1754 4724 in

324 4769 474 4865 ordine,
490 4773 635 4881 recepit
646 4797 715 4881 per
734 4770 844 4849 ilium
863 4771 1020 4850 modurn
1036 4801 1106 4880 per
1125 4799 1241 4882 quern
1263 4774 1337 4855 iirit
1351 4795 1544 4884 receptus;
1566 4795 1605 4857 et
1624 4807 1756 4859 omnes

324 4902 414 4981 alios
434 4931 529 5012 quos
549 4903 705 5012 recepit,
737 4903 818 4983 sine
838 4901 963 5012 aliqua
984 4904 1236 5014 abnegacinne
1255 4906 1314 4987 val
1334 4909 1530 5016 spuicione
1549 4910 1607 4988 vel
1627 4911 1754 5019 aliquo
