4348 5886
398 520 445 588 70
784 465 982 587 esoces
1005 512 1100 586 ons
1126 510 1429 586 caueamus,

394 652 529 732 eedem
546 650 802 730 communiter
819 651 1091 732 intervenirent
1110 651 1150 730 in
1162 650 1447 756 recepcionibus
1464 647 1627 726 aliorum
1640 649 1699 727 vel
1712 667 1814 756 post;

199 818 204 829 ¹
247 790 248 796 ’
394 811 483 862 nam
502 780 597 860 vidit
616 780 732 887 recipi
757 779 911 860 fratrem
929 783 1083 860 Petrum
1099 780 1149 860 de
1167 781 1384 860 Boncherre
1403 778 1646 880 servientem,
1666 779 1817 858 Ambia-

395 912 524 991 nensis
538 912 714 1000 diocesis,
736 927 873 991 testem
898 941 1011 1018 supra
1026 911 1302 1001 exaruinatum,
1322 939 1393 1018 per
1410 910 1555 988 dictum
1566 909 1726 988 ‹fretrem
1744 911 1818 988 Rc-

394 1043 549 1121 bertum
571 1043 619 1120 de
639 1038 776 1122 Sancto
796 1045 919 1132 Justo,
940 1043 981 1120 in
1001 1041 1141 1150 capella
1156 1043 1296 1122 domus
1306 1041 1456 1150 Templi
1476 1041 1524 1120 de
1538 1020 1689 1150 boysen
1704 1040 1819 1120 Meri·

392 1175 525 1252 uenam
543 1174 719 1267 diocesis,
741 1175 780 1252 in
790 1174 944 1254 instanti
957 1173 1054 1254 sesto
1063 1173 1302 1252 Ascensicnis
1309 1190 1422 1252 erunt
1433 1189 1520 1252 octo
1534 1171 1623 1250 anni
1636 1170 1815 1260 velcirca,

394 1303 636 1408 presentibus
659 1303 838 1384 fratribus
861 1302 1070 1384 Guillelmo
1096 1304 1144 1382 de
1164 1302 1312 1395 Platea,
1337 1319 1433 1382 teste
1448 1330 1563 1410 supra
1588 1301 1815 1390 cuminam,

395 1433 533 1512 Amico
555 1433 603 1511 de
623 1433 770 1541 Bofleys
794 1434 1004 1542 quondum,
1025 1436 1185 1543 Hugone
1210 1432 1462 1541 d’Oysimout,
1485 1449 1582 1512 teste
1604 1459 1716 1540 supra
1736 1459 1819 1510 exe-

395 1564 556 1654 minato',
574 1563 745 1641 Jobannc
760 1563 940 1654 Delsena,
951 1564 1001 1642 de
1017 1565 1129 1672 cujus
1140 1563 1214 1642 vita
1226 1563 1286 1642 vel
1300 1580 1423 1642 morte
1443 1589 1520 1640 non
1539 1562 1653 1640 hebet
1667 1561 1820 1644 certitu·

394 1693 538 1770 dinem.
552 1693 659 1772 Vidit
680 1694 799 1770 eciem
813 1694 928 1801 recipi
944 1693 1097 1772 fratrem
1109 1693 1306 1772 Nicolaum
1323 1693 1371 1772 de
1386 1692 1580 1772 Ambiauis
1594 1692 1818 1782 servientem

392 1823 607 1929 quondam,
623 1852 692 1930 per
706 1823 859 1902 fratrem
880 1825 1092 1904 Gerardum
1113 1825 1162 1902 de
1181 1823 1387 1904 villaribus
1404 1824 1609 1931 qnondam,
1624 1841 1718 1900 tunc
1733 1848 1819 1930 pre·

394 1971 589 2060 ceptorem
608 1955 784 2048 Francis,
804 1955 844 2031 in
862 1955 988 2056 bieme
1003 1955 1180 2062 preterita
1200 1952 1356 2032 fuerunt
1372 1981 1507 2032 novem
1528 1952 1615 2030 enni
1626 1951 1684 2030 vel
1701 1952 1817 2039 circe,

395 2085 435 2158 in
463 2084 626 2190 quadam
654 2093 801 2160 camera
822 2084 959 2163 domus
982 2083 1132 2190 Templi
1151 2084 1199 2161 de
1222 2083 1430 2162 Somorens
1448 2080 1711 2162 Ambiauensis
1735 2082 1819 2161 dio-

394 2213 504 2303 cesis,
532 2214 772 2319 presentibus
794 2215 904 2295 dictis
926 2212 1103 2293 fratribus
1123 2213 1323 2321 Radulpbo
1349 2215 1397 2291 de
1420 2214 1577 2320 Sernoy,
1592 2211 1747 2292 Garrico
1771 2213 1819 2290 dc

394 2343 576 2420 Nulhiaco
594 2359 635 2420 ct
662 2342 875 2424 Guillermo
901 2344 951 2421 de
970 2343 1095 2421 Platea
1120 2341 1386 2428 servientibus,
1407 2341 1573 2421 Robcrto
1603 2343 1651 2422 de
1682 2343 1817 2422 Sancte

395 2472 502 2550 Justo
535 2488 574 2548 et
603 2471 785 2550 Auberto·
804 2471 853 2548 de
883 2470 1112 2549 Grimenilic
1140 2469 1378 2577 presbiteris,
1407 2471 1625 2563 deffunctis3
1660 2491 1700 2551 et
1730 2501 1817 2551 cum

393 2601 522 2676 omnia
545 2599 649 2676 licita
684 2627 759 2705 que
789 2599 967 2705 deposuit
994 2599 1308 2678 intervenisse-in
1342 2601 1562 2708 recepcicne
1590 2604 1742 2711 proprie
1768 2605 1820 2681 vi-

395 2728 512 2806 disset
543 2727 787 2806 iutervenisse
826 2727 866 2804 iu
907 2727 1194 2834 recepcicnibus
1225 2729 1483 2836 predictorum
1519 2731 1677 2810 flauum
1718 2735 1817 2811 Petri

396 2873 434 2934 et
459 2856 599 2934 Nicolai
630 2873 669 2934 et
695 2886 760 2936 eos
787 2856 979 2935 osculatus
1003 2856 1154 2950 fuisset,
1189 2860 1342 2937 recessit
1377 2860 1501 2939 dictus
1526 2863 1649 2953 testis,
1680 2863 1819 2942 relictis

396 2985 505 3065 dictis
527 2987 686 3092 receptis
702 3003 741 3064 et
757 2987 1018 3093 receptoribus
1036 2988 1261 3066 eorumdem
1276 2989 1316 3066 iu
1336 2990 1429 3070 locis
1445 2992 1693 3100 recepcionis;
1714 2995 1818 3072 unde

396 3115 516 3192 credit
530 3116 636 3221 quod
649 3132 752 3205 tunc,
765 3133 851 3223 post
861 3116 943 3221 ejus
954 3143 1145 3194 recessum
1158 3133 1197 3195 et
1208 3117 1388 3209 eliorum,
1403 3119 1674 3198 intervenirent
1688 3121 1818 3200 illicita

395 3246 617 3352 supradicta.
640 3246 854 3353 Requisitus
874 3274 989 3353 qnare
1009 3245 1225 3338 recedebat,
1247 3249 1445 3356 respondit
1464 3251 1742 3360 quodpropter
1761 3252 1818 3330 of-

395 3375 479 3452 ficia
496 3403 579 3482 quc.
591 3374 757 3482 gerebat.
775 3377 892 3467 -Item,
915 3375 1008 3453 dixit
1024 3404 1066 3454 sc
1086 3375 1200 3454 fuisse
1215 3375 1427 3456 confessum
1448 3377 1496 3457 de
1515 3381 1693 3486 predictis
1713 3410 1819 3462 erro·

396 3504 502 3583 ribus
521 3505 702 3611 predictis
715 3503 894 3584 iratribus
912 3505 1078 3585 Roberto
1098 3523 1136 3584 et
1147 3506 1335 3600 Aubm,
1354 3527 1393 3587 et
1404 3509 1623 3590 absolutum
1641 3511 1818 3590 luisseab

354 3625 357 3632 ’
395 3635 466 3724 eis,
492 3635 562 3712 scd
580 3635 725 3713 nullam
742 3638 994 3743 penitenciam
1010 3655 1165 3744 propter
1192 3639 1266 3716 boc
1284 3640 1552 3745 imposuissent
1571 3641 1708 3717 eidem.
1730 3639 1819 3716 Plu·

396 3766 497 3842 rium
526 3765 811 3872 recepcionibus
835 3767 930 3844 dixit
954 3796 994 3846 se
1018 3794 1097 3845 non
1119 3767 1357 3872 adfuissein
1384 3768 1555 3876 capitulis
1579 3768 1818 3874 generalibus

397 3895 634 3972 eorumdem.
648 3896 763 3982 Item,
779 3895 873 3972 dixit
888 3923 928 3973 se
947 3895 1102 3973 credere
1117 3897 1223 4003 quod
1239 3895 1372 3975 iratres
1390 3897 1535 3978 ordinis
1549 3898 1747 3976 crederent
1760 3927 1820 3977 ec

323 4105 327 4116 ,
394 4023 611 4102 clesiastic'is
631 4023 891 4116 sacramentis,
908 4024 1051 4131 quibus
1063 4024 1143 4132 ipse
1161 4025 1354 4115 credebat,
1370 4043 1411 4106 et
1425 4026 1530 4136 quod
1550 4055 1682 4106 eorum
1704 4057 1819 4108 secer

396 4153 505 4232 dotes
528 4153 654 4231 debite
673 4150 922 4230 celebrarent.
944 4153 1080 4231 Statim
1099 4183 1169 4260 pro
1187 4154 1363 4264 professis
1381 4155 1630 4238 habebantur.
1658 4157 1820 4237 Claude-

250 4272 255 4280 ’
396 4283 493 4362 stine
508 4283 798 4390 recipiebantur,
809 4281 927 4360 nullis
938 4284 1179 4390 presentibus
1193 4287 1265 4365 nisi
1278 4285 1456 4366 fratribus
1471 4287 1626 4368 ordinis.
1641 4289 1820 4370 Cordulis

395 4414 500 4494 unde
524 4411 702 4491 volebant
720 4414 928 4522 assumptis·
945 4411 1193 4521 cingebantur
1215 4446 1332 4529 super
1360 4418 1529 4498 camisias
1562 4447 1649 4500 cum
1679 4423 1819 4530 quibus

390 4541 577 4650 jacebant.
599 4543 816 4652 lnjunctum
831 4541 904 4624 fuit
923 4544 959 4622 ei
973 4541 1081 4650 quod
1099 4569 1179 4622 nen
1198 4545 1380 4628 revelaret
1396 4564 1537 4629 secreta
1550 4550 1815 4657 capitulorum,

395 4672 582 4752 demodo
602 4672 888 4780 recepcionibus
900 4674 1009 4755 nulla
1027 4669 1178 4782 speciali
1189 4674 1325 4755 *habita
1342 4677 1553 4758 mancione.
1572 4682 1727 4761 Audivit
1740 4679 1819 4756 dici

396 4803 502 4912 quod
518 4804 674 4916 absque·
689 4803 846 4884 licencia
864 4834 943 4886 uon
960 4823 1136 4914 poteram
1156 4806 1228 4884 nisi
1245 4807 1505 4889 sacerdotibus
1527 4811 1673 4895 ordinis
1698 4807 1819 4888 coufi-
