4208 5886
703 537 902 635 procas
933 499 1030 634 nas
1061 559 1369 637 reuertens.
1675 565 1747 636 213
1879 609 1884 622 ,

322 697 501 777 credebat
522 694 781 779 ecclesiasticis
800 699 1056 792 sacramentis,
1075 701 1233 780 credens
1253 701 1360 809 quod
1379 701 1495 809 aliqui
1513 731 1558 782 ex
1576 703 1659 782 aliis
1678 706 1750 784 sra-

321 827 445 910 tribus
462 828 609 908 ordinis
624 830 764 912 eodem
785 831 907 944 modo¹
923 831 1136 923 crederent,
1158 833 1226 912 sed
1245 861 1323 910 non
1342 831 1463 912 eredit
1480 835 1586 941 quod
1605 835 1668 912 alii
1685 836 1751 944 qui

228 1047 230 1054 y
321 958 508 1037 faciebant
534 959 703 1066 predicta
729 959 811 1040 fieri
838 981 964 1041 essent
987 963 1081 1042 boni
1107 964 1324 1044 Christiani.
1351 963 1484 1043 Credit
1503 965 1620 1044 eciam
1646 968 1751 1074 quod

323 1117 454 1168 eorum
480 1091 692 1170 sacerdotes
712 1091 840 1172 debite
856 1092 1103 1174 celebrarent.
1130 1095 1313 1174 Jurabant
1336 1094 1511 1176 ordinem
1533 1123 1611 1174 non
1630 1097 1748 1186 exire3

322 1221 448 1300 statim
473 1249 543 1328 pro
564 1221 742 1328 professis
767 1223 1017 1304 habebantur.
1045 1225 1288 1306 Clandestine
1313 1227 1605 1335 recipiebantur,
1634 1227 1751 1306 nullis

321 1351 560 1456 presentibus
576 1353 648 1432 nisi
667 1351 850 1432 lintribus
864 1355 1023 1446 ordinis,
1047 1383 1091 1432 ex
1112 1385 1191 1462 quo
1208 1355 1329 1434 credit
1347 1356 1454 1463 quod
1477 1375 1575 1436 esset
1589 1358 1750 1464 suspicio

321 1500 450 1560 contra
465 1511 542 1562 eos.
560 1483 714 1562 Audivit
726 1483 800 1561 dici
815 1483 863 1562 ab
876 1483 1068 1594 aliquibus
1087 1484 1265 1564 fratribus
1284 1485 1549 1594 ordinisquod
1570 1484 1686 1594 aliqui
1707 1517 1751 1566 ex

321 1613 498 1696 imtrihus
518 1612 764 1694 existentibus
785 1613 884 1694 ultra
902 1643 1004 1695 mare
1024 1615 1291 1722 perpetrabant
1305 1617 1448 1694 crimen
1463 1616 1747 1706 sodomiticum,

321 1771 399 1822 non
411 1761 541 1822 tamen
554 1744 697 1824 audivit
717 1745 790 1822 dici
806 1745 912 1851 quod
926 1745 980 1824 las
992 1761 1090 1824 esset
1104 1745 1247 1824 eisdem
1268 1746 1478 1826 secundum
1499 1746 1644 1825 ordinis
1659 1777 1750 1825 con-

321 1875 463 1952 stituta.
478 1873 656 1954 Cordulis
669 1873 772 1954 unde
785 1875 963 1954 volebant
976 1877 1177 1982 assumptis
1191 1875 1438 1984 cingebantur
1452 1903 1567 1981 super
1582 1879 1750 1961 caraisias

322 2033 410 2080 cum
429 2003 568 2110 quibus
583 2003 771 2112 jacebant.
795 2003 1067 2112 lnjungebatur
1087 2005 1142 2084 eis
1158 2033 1226 2112 per
1244 2024 1518 2084 sacramentum
1539 2033 1587 2082 ne
1612 2007 1750 2088 revela·
1807 2057 1808 2060 π

319 2150 407 2210 rent
426 2151 567 2212 secreta
589 2133 855 2241 capituliorum
878 2163 950 2212 nec
970 2135 1132 2213 modum
1155 2135 1386 2241 receptionis
1403 2161 1486 2225 sus,
1511 2137 1627 2242 etqui
1647 2163 1750 2214 reve-

322 2261 481 2354 lassent,
496 2263 555 2342 vel
570 2264 735 2372 predicta
748 2263 880 2344 illicita
893 2264 1013 2344 lacere
1027 2263 1252 2353 noluissent,
1266 2263 1557 2371 graviterpuniti
1578 2265 1747 2343 luissent.

321 2393 530 2474 Inhibitum
555 2392 630 2474 tuit
657 2395 694 2474 ei
720 2421 788 2502 per
809 2411 1071 2504 preceptorem
1100 2394 1238 2474 demus
1268 2394 1315 2471 de
1337 2393 1517 2500 Espaneis
1539 2395 1646 2501 quod
1671 2423 1749 2472 non

322 2525 569 2604 confiteretur
581 2526 653 2602 nisi
672 2523 931 2606 sacerdotibus
948 2523 1109 2612 ordinis,
1124 2523 1191 2602 sed
1205 2523 1278 2601 hoc
1296 2548 1375 2603 non
1389 2521 1615 2602 servabatur
1630 2525 1750 2634 Cujus

322 2655 468 2735 ordinis
483 2655 615 2736 iratres
635 2683 733 2764 quos
753 2657 874 2736 credit
894 2655 1041 2734 scivisse
1065 2681 1216 2734 errores
1232 2652 1458 2734 confessatos
1473 2681 1542 2760 per
1559 2683 1648 2732 eum
1666 2653 1748 2733 sue-

322 2805 413 2866 runt
427 2786 672 2898 negligentes,
689 2787 871 2896 quianon
888 2803 1134 2866 correxerunt
1155 2811 1221 2864 eos
1245 2813 1315 2862 nec
1339 2785 1661 2864 denunciaverunt
1679 2788 1749 2863 Ec·

320 2917 444 2998 clesie.
461 2919 696 2999 Elemosinas
711 2935 751 2996 et
765 2917 1060 3026 hospitalitatem
1072 2915 1168 2994 vidit
1181 2915 1450 2994 convenienter
1462 2913 1544 2992 lieri
1561 2932 1599 2992 et
1612 2917 1748 2994 servari

322 3048 360 3123 in
392 3049 569 3129 domibus
594 3049 740 3130 ordinis
765 3050 805 3126 in
829 3048 970 3156 quibus
994 3047 1116 3126 extitit
1139 3063 1415 3160 commoratus,
1443 3061 1481 3122 et
1505 3044 1647 3124 audivit
1673 3045 1747 3122 dici

320 3181 424 3275 quod
446 3201 579 3252 eorum
603 3177 778 3280 capitulla
800 3179 897 3256 olam
920 3177 1161 3266 tenebantur,
1182 3175 1300 3255 nullis
1319 3173 1561 3280 presentibus
1582 3175 1654 3254 nisi
1674 3175 1747 3253 lra-

318 3299 439 3378 tribus
461 3303 622 3396 ordinis,
651 3320 689 3381 et
707 3303 911 3411 aliquando
925 3302 1159 3411 tempestive.
1179 3303 1415 3410 Frequenter
1431 3302 1600 3380 indebite
1621 3307 1746 3411 acqui-

319 3429 453 3508 rebant
468 3431 610 3524 ordini,
636 3429 705 3509 sed
725 3460 802 3511 non
819 3431 1098 3540 precipiebatur
1117 3430 1273 3513 eisdem.
1296 3432 1426 3512 Credit
1448 3432 1555 3538 quod
1575 3433 1747 3512 ordinata

318 3589 388 3665 per
403 3561 622 3669 Magistrum
642 3589 731 3640 cum
747 3579 934 3641 conventu
952 3559 1112 3640 fuissent
1131 3580 1272 3640 serrata
1289 3561 1328 3637 in
1342 3578 1424 3640 toto
1443 3561 1597 3650 ordine,
1616 3583 1745 3641 contra
1792 3663 1798 3676 υ

318 3717 434 3797 quem
455 3721 555 3770 nunc
575 3693 729 3800 grmdia
748 3692 939 3782 scandala,
959 3691 1123 3797 suspicio
1137 3705 1176 3770 et
1190 3690 1343 3768 infamia
1359 3709 1445 3770 sunt
1461 3709 1607 3784 exorta,
1632 3721 1745 3798 aquo

298 3820 482 3926 'libenter
506 3822 677 3901 exivisset
700 3839 857 3928 propter
884 3819 1054 3927 predicta
1081 3818 1286 3900 confeseata
1315 3845 1382 3926 per
1409 3848 1496 3898 eum
1529 3839 1567 3898 et
1593 3841 1746 3929 propter

319 3953 535 4057 asperitates
551 3951 713 4044 ordinis,
730 3950 804 4031 nisi
822 3951 1011 4030 timuisset
1028 3950 1125 4057 capi,
1143 3967 1181 4028 et
1196 3948 1269 4028 sibi
1283 3949 1496 4058 periculum
1516 3949 1744 4032 immineret.

318 4081 470 4158 ludim
489 4082 563 4160 dici
586 4082 730 4162 dictum
750 4081 972 4189 Magistrum
993 4097 1032 4158 et
1051 4078 1145 4158 alios
1164 4077 1289 4187 aliqua
1313 4077 1428 4158 tuisse
1446 4078 1635 4160 confessos
1656 4109 1745 4160 con-

317 4229 374 4288 tra
392 4211 584 4303 ordinem,
614 4212 663 4289 ad
692 4213 798 4322 cujus
828 4209 1102 4292 deffensionem
1122 4237 1162 4291 se
1182 4237 1260 4289 non
1283 4209 1495 4303 obtulerat,
1526 4239 1597 4288 nec
1624 4210 1746 4290 luerat

320 4339 417 4418 ultra
442 4371 556 4420 mare.

373 4472 692 4579 Requisitussisio
703 4473 929 4582 deposuerat
944 4491 1274 4582 prece,preoepto‚
1294 4475 1449 4563 timore,
1468 4501 1614 4567 amore,
1632 4476 1739 4563 odio,

316 4602 373 4681 vel
389 4604 587 4711 temporali
603 4604 767 4684 comodo
783 4603 914 4684 habito
928 4603 988 4682 vel
1005 4603 1200 4696 habendo,
1217 4604 1414 4711 respondit
1435 4605 1541 4711 quod
1560 4633 1659 4695 non,
1673 4605 1743 4684 sed

315 4763 384 4840 pro
410 4735 565 4813 veritate
589 4716 771 4827 dioendai
793 4735 853 4814 cui
877 4733 950 4815 fuit
973 4735 1190 4844 injunctum
1210 4735 1317 4842 quod
1341 4762 1420 4814 non
1443 4735 1625 4814 revelaret
1645 4737 1741 4814 hauc

316 4893 422 4942 suam
442 4866 741 4971 deposicionom‚
763 4893 963 4974 quousque
982 4867 1243 4947 auesucioaes
1262 4865 1404 4944 fuerint
1424 4865 1623 4970 publicato.
