4320 5898
731 509 925 603 raocns
952 529 1046 602 uns
1072 529 1369 604 rnurmnas.
1713 537 1760 607 es

338 699 422 750 mus
438 669 589 776 Templi
609 670 657 746 de
680 669 874 760 Morlenis‚
894 687 1067 775 presente
1088 667 1200 748 fratre
1222 670 1340 750 Adam
1355 668 1453 748 Colli
1474 668 1602 748 Ordei.
1624 674 1762 780 Requi-

338 803 432 879 situs
451 800 595 878 sibene
616 799 807 878 recolebat
821 799 926 906 quod
942 799 1064 878 dictus
1079 799 1199 878 Adam
1215 800 1263 878 de
1278 799 1430 880 Inferno
1447 798 1634 879 osculatus
1647 801 1761 881 luerit

338 932 377 1008 in
394 931 577 1010 umbilico
592 947 825 1036 receptorem
843 959 954 1008 suum
969 931 1029 1007 vel
1043 931 1167 1039 ipsum
1186 940 1341 1021 testem,
1358 929 1554 1037 respondit
1570 933 1675 1038 quod
1690 934 1758 1026 sic,

338 1061 405 1140 sed
420 1087 498 1137 non
513 1060 644 1138 recolit
658 1089 775 1167 quem
794 1088 938 1139 eorum.
958 1062 1175 1168 Requisitus
1190 1063 1220 1140 si
1236 1062 1315 1169 ipse
1332 1079 1370 1139 et
1386 1061 1645 1140 dictusrldam
1660 1063 1762 1140 Colis

338 1191 455 1270 Ordei
473 1190 659 1269 exiverant
671 1189 849 1296 capellam
866 1190 1073 1298 predictam
1084 1191 1125 1268 in
1141 1219 1214 1299 qua
1229 1208 1401 1298 receptus
1416 1190 1489 1269 luit
1503 1191 1625 1268 dictus
1641 1191 1761 1276 Adam

337 1320 384 1398 de
408 1319 559 1398 Inlemo
583 1320 801 1428 priusquam
826 1321 929 1398 idem
956 1320 1076 1399 Adam
1101 1321 1239 1400 laceret
1268 1321 1412 1399 dictum
1437 1319 1610 1398 osculum
1631 1339 1668 1398 et
1692 1323 1762 1401 alia

337 1449 467 1528 illicita
479 1451 662 1558 predicta,
672 1451 985 1559 responditquod
1000 1480 1095 1543 non,
1109 1451 1215 1560 quod
1230 1452 1308 1559 ipse
1319 1451 1475 1543 recolat,
1494 1469 1531 1530 et
1542 1453 1596 1530 eis
1608 1482 1762 1559 presen-

337 1581 456 1670 tibus,
466 1580 683 1660 videntibus
694 1599 732 1660 et
741 1581 1001 1694 audientibus,
1013 1582 1297 1661 intervenerunt
1305 1582 1484 1689 predicta.
1496 1583 1713 1690 Requisitus
1730 1587 1759 1660 si

338 1709 529 1789 recolebat
552 1710 675 1818 qualis
694 1729 792 1790 esset
811 1695 899 1789 crin
917 1711 1024 1819 juxta
1043 1740 1158 1820 quam
1178 1729 1330 1819 spueret
1350 1711 1474 1790 dictus
1493 1710 1613 1790 Adam
1635 1713 1683 1791 de
1701 1715 1762 1790 ln-

338 1839 461 1931 lerno,
486 1841 681 1949 respondit
700 1869 739 1919 se
760 1869 837 1919 non
858 1842 1057 1920 recordari.
1085 1842 1302 1950 Requisitus
1321 1843 1352 1919 si
1373 1841 1508 1949 aliquis
1527 1841 1622 1920 alius
1641 1842 1762 1922 fuerat

338 1988 513 2077 receptus
539 1999 625 2048 cum
654 1970 757 2050 dioto
784 1969 903 2048 Adam
931 1971 979 2048 de
1004 1969 1172 2061 lnlemo,
1200 1969 1395 2077 respondit
1418 1969 1523 2076 quod
1543 1969 1610 2062 sic,
1638 1988 1675 2048 et
1693 2001 1762 2079 per

339 2100 518 2179 eumdem
533 2098 710 2190 modum,
729 2097 844 2178 frater
861 2099 1052 2178 Gerendus
1067 2101 1114 2178 de
1130 2100 1351 2208 Folqueriis.
1373 2099 1588 2205 Requisitus
1600 2100 1685 2208 quis
1701 2129 1763 2178 eo-

337 2260 424 2308 rum
443 2230 567 2336 primo
587 2229 724 2308 fecerat
743 2229 911 2338 predicte
930 2229 1079 2320 illicita,
1101 2230 1299 2336 respondit
1312 2257 1352 2307 se
1372 2256 1449 2306 non
1471 2229 1671 2307 recordari.
1694 2231 1763 2308 Re·

339 2361 500 2467 quisitus
521 2388 637 2468 quem
657 2360 779 2438 fuerat
802 2359 991 2438 osculatus
1010 2360 1051 2437 in
1069 2359 1252 2438 umbilico
1272 2359 1396 2437 dictus
1415 2356 1529 2436 frater
1550 2357 1756 2450 Gerardus,

338 2491 535 2599 respondit
558 2490 664 2598 quod
688 2490 833 2569 dictum
853 2489 1006 2568 fratrem
1031 2491 1243 2569 lohannem
1268 2488 1315 2566 de
1339 2489 1449 2566 Nans.
1471 2489 1581 2580 Item,
1609 2490 1704 2567 dixit
1721 2520 1760 2568 se

337 2621 472 2701 vidisse
491 2621 609 2728 recipi
625 2649 694 2727 per
712 2614 892 2722 eumdem
913 2620 1090 2714 modum,
1107 2638 1150 2699 ut
1165 2619 1237 2698 sibi
1257 2619 1417 2710 videtur,
1435 2635 1524 2696 sunt
1539 2644 1586 2696 rx
1601 2621 1688 2696 anni
1704 2621 1761 2698 vel

338 2753 450 2842 circa,
471 2752 511 2828 in
531 2749 672 2856 capella
694 2748 830 2828 domus
850 2748 1002 2855 Templi
1024 2749 1071 2826 de
1091 2749 1268 2836 Belvaco,
1287 2775 1356 2854 per
1376 2746 1528 2824 fratrem
1552 2747 1761 2826 Robertum

340 2883 386 2960 de
408 2883 546 2961 Sancto
568 2884 676 2960 lusto
696 2881 949 2989 presbiterum
975 2879 1183 2986 quondam,
1207 2877 1360 2956 fratrem
1384 2875 1581 2956 Albertum
1610 2879 1657 2956 de
1680 2881 1761 2957 Bel·

338 3039 426 3090 vaco
444 3009 698 3118 presbitemm
716 3011 927 3116 quondam
948 3036 1024 3085 non
1044 3007 1178 3086 recolit
1198 3007 1336 3114 quibus
1357 3004 1611 3111 presentibus,
1635 3026 1672 3087 et
1691 3009 1774 3090 sm-¹

338 3157 437 3219 trem
452 3140 622 3218 Lucham
641 3138 689 3215 de
707 3137 851 3216 Grandi
866 3135 1010 3216 villarii
1026 3137 1249 3215 servientem
1269 3133 1480 3242 quondam,
1499 3140 1587 3212 sunt
1603 3164 1654 3215 au
1672 3141 1760 3215 anni

339 3268 397 3347 vel
425 3269 536 3356 circa,
557 3269 598 3344 in
619 3265 759 3372 capella
785 3265 923 3344 domus
947 3265 1098 3372 Templi
1121 3266 1168 3343 de
1186 3263 1376 3344 Bellenval
1397 3262 1658 3344 Ambianensis
1679 3268 1762 3345 dio-

339 3399 448 3489 cesis,
469 3425 537 3506 per
559 3396 713 3474 fratrem
736 3395 920 3474 Garinum
948 3396 996 3472 de
1021 3394 1164 3473 Grandi
1182 3394 1327 3475 Villarii
1355 3392 1531 3470 militem
1547 3392 1778 3501 quondam,'

339 3544 511 3635 presente
531 3525 643 3604 fratre
666 3527 778 3603 Petro
798 3524 947 3603 Minbot
966 3524 1176 3630 presbitero
1202 3523 1412 3630 quondam;
1439 3521 1608 3628 plurium
1631 3553 1761 3633 recep-

341 3656 513 3736 cionibus
533 3682 611 3733 non
629 3653 764 3733 recolit
782 3682 822 3732 se
843 3653 1022 3743 adfuisse,
1051 3669 1094 3730 ut
1124 3653 1227 3729 dixit.
1249 3650 1463 3757 Requisitus
1491 3651 1519 3727 si
1541 3653 1762 3735 interfuerat

341 3784 553 3894 recepcioni
573 3783 698 3862 fratris
716 3783 895 3862 Fulconis
916 3785 963 3861 de
981 3782 1119 3890 Nuylhi
1140 3781 1349 3868 servientis,
1369 3780 1475 3857 testis
1490 3809 1602 3887 supra
1623 3786 1761 3861 exami-

341 3917 438 4010 nati,
455 3917 597 4021 recepti
621 3915 661 3990 in·
682 3913 823 4022 capella
843 3912 980 3992 domus
998 3911 1151 4020 Templi
1175 3911 1222 3989 de
1241 3910 1414 4002 Belvaco,
1436 3937 1504 4016 per
1523 3909 1665 3988 dictum
1691 3913 1763 3992 fra-

340 4067 438 4126 trem
462 4047 690 4139 Robertum‚
717 4042 914 4151 respondit
937 4071 976 4122 se
1003 4070 1081 4120 non
1106 4041 1306 4120 recordari.
1335 4040 1551 4148 Requisitus
1574 4042 1706 4123 iterato
1731 4049 1760 4123 si
1834 4074 1842 4088 ’

342 4179 425 4271 scit,
447 4176 505 4255 vel
525 4175 661 4262 credit,
683 4174 742 4253 vel
763 4173 955 4252 audiverat
975 4171 1047 4250 dici
1068 4172 1173 4280 quod
1193 4172 1292 4249 dicta
1311 4170 1439 4248 illicita
1464 4169 1668 4251 confessata
1695 4207 1762 4281 per

343 4337 432 4387 eum
452 4304 723 4385 intervenirent
741 4304 993 4383 communiter
1016 4303 1056 4380 in
1080 4301 1366 4408 recepcionibus
1385 4300 1547 4378 aliorum
1568 4331 1664 4408 quos
1684 4333 1761 4384 non

342 4438 436 4516 vidit
454 4436 587 4543 recipi,
610 4433 805 4541 respondit
823 4461 863 4512 se
883 4433 1015 4539 pocius
1029 4432 1183 4510 credere
1196 4431 1301 4538 quod
1316 4431 1369 4508 sic
1384 4455 1497 4536 quam
1514 4433 1759 4528 contrarium,

345 4568 414 4646 sed
445 4566 555 4645 aliter
573 4563 773 4643 nesciebat.
796 4564 908 4652 Item,
941 4562 1034 4640 dixit
1053 4562 1158 4670 quod
1176 4561 1254 4669 ipse
1274 4561 1372 4638 bene
1391 4557 1569 4637 credebat
1592 4562 1764 4641 ecclesia-

344 4698 445 4776 sticis
471 4695 727 4784 sacramentis,
759 4693 916 4772 credens
931 4693 1052 4799 ‚quod
1080 4691 1143 4770 alii
1163 4689 1293 4768 fratres
1313 4688 1457 4768 ordinis
1482 4687 1618 4767 eodem
1646 4694 1761 4771 modo
1885 4735 1891 4743 ·

345 4826 559 4916 crederent,
588 4843 627 4903 ct
651 4824 755 4932 quod
783 4850 917 4901 eorum
937 4821 1149 4901 sacerdotes
1171 4820 1297 4900 debite
1327 4817 1570 4898 celebrarent.
1601 4821 1761 4902 Glande-

432 4962 882 5026 remuneratione-11.
1616 4981 1634 5041 9
