4330 5884
361 549 435 622 nes
754 530 953 623 procus
979 549 1075 622 ons
1101 547 1402 622 rnurtrnns.

361 718 446 768 cum
469 689 698 768 hominibus.
725 689 826 768 Dixit
844 708 969 768 tamen
992 719 1060 796 per
1081 691 1340 797 juramentum
1359 688 1463 798 quod
1483 717 1674 796 nunquam
1694 689 1792 768 lecit.

294 927 298 936 1
417 824 669 930 Interrogatus
685 821 865 900 sionrnes
885 821 946 900 alii
966 821 1202 929 recipiuntur
1216 849 1285 928 per
1298 822 1414 900 istum
1428 821 1602 910 modum,
1625 820 1717 900 dixit
1728 849 1796 930 per

357 953 616 1060 juramentum
635 981 745 1030 suum
767 953 872 1060 quod
890 953 1027 1045 nescit,
1047 954 1135 1060 quia
1152 981 1345 1060 nunquam
1358 953 1452 1030 vidit
1472 951 1639 1060 aliquem
1658 952 1793 1060 recipi,

360 1101 487 1160 tamen
508 1083 627 1160 credit
645 1083 750 1190 quod
761 1084 814 1162 sic
832 1084 1066 1190 recipiuntur
1086 1083 1161 1160 alii.
1176 1084 1391 1191 Requisitus
1412 1083 1461 1161 de
1476 1083 1648 1190 predicto
1663 1082 1793 1189 capite,

363 1215 456 1291 dixit
473 1243 541 1321 per
555 1217 810 1323 juramentum
826 1241 937 1292 suum
956 1213 1060 1322 quod
1081 1243 1277 1322 nunquam
1297 1215 1391 1293 vidit
1409 1213 1519 1292 illud.

418 1346 669 1454 Interrogatus
687 1375 756 1452 per
769 1347 1027 1453 juramentum
1046 1373 1157 1423 suum
1176 1363 1304 1424 utrum
1320 1347 1372 1436 vi,
1396 1345 1454 1423 vel
1467 1363 1573 1423 metu
1592 1361 1798 1424 tormento-

362 1505 463 1564 rum,
486 1475 543 1553 vel
558 1477 695 1553 timore
715 1475 871 1584 alicujus
891 1503 1003 1582 pene,
1023 1505 1092 1553 seu
1110 1476 1235 1584 aliqua
1256 1485 1494 1584 quormque
1515 1477 1563 1554 de
1584 1505 1708 1566 causa,
1730 1475 1798 1552 ali-

362 1637 476 1716 quam
485 1606 680 1686 falsitatem
693 1607 857 1696 dixisset,
875 1607 935 1682 vel
948 1607 1141 1684 veritatem
1155 1607 1345 1698 tacuisset,
1359 1607 1452 1686 dixit
1464 1637 1532 1715 per
1538 1609 1797 1716 juramentum

363 1768 475 1818 suurn
496 1739 600 1846 quod
619 1765 712 1828 non,
735 1739 854 1816 immo
866 1765 989 1816 veram
1010 1755 1047 1815 et
1065 1767 1206 1816 meram
1226 1739 1418 1817 veritatem
1440 1738 1547 1830 dixit,
1569 1755 1722 1847 propter
1740 1765 1797 1816 aa·

364 1871 481 1946 lutem
502 1870 625 1945 anime
646 1897 724 1946 sue.
1307 1877 1308 1884 ’

421 2133 515 2208 ltem
536 2158 650 2220 anno,
672 2131 879 2222 indicione,
901 2160 1045 2223 mense,
1069 2134 1155 2222 die,
1174 2133 1396 2240 pontificatu
1417 2150 1453 2212 et
1480 2161 1577 2212 anno
1601 2133 1796 2240 predictis,

365 2261 403 2336 in
423 2261 522 2338 dicta
535 2262 786 2368 inquisitoris,
808 2281 978 2342 nostrum
999 2266 1231 2342 notariorum
1247 2283 1286 2344 et
1304 2263 1624 2370 infrascriptarum
1644 2265 1798 2342 testium

363 2393 554 2498 presencia
587 2393 833 2500 personaliter
861 2394 1087 2472 constitutus
1113 2393 1225 2472 frater
1254 2395 1500 2474 Theobaldus
1529 2394 1576 2472 de
1602 2392 1801 2472 Bafemont
1879 2407 1884 2416 '

331 2516 334 2525 ’
364 2521 604 2602 Carnotensis
620 2525 797 2614 diocesis,
820 2525 933 2602 frater
949 2526 1038 2604 dicti
1059 2525 1219 2616 ordinis,
1243 2544 1280 2604 et
1299 2526 1537 2632 dispensator
1551 2526 1649 2604 dicte
1665 2525 1800 2604 domus

365 2653 512 2759 Templi
526 2654 702 2744 Parisius,
726 2657 832 2734 etatis
846 2656 996 2762 triginta
1017 2683 1201 2735 annorum
1217 2657 1276 2734 vel
1296 2658 1407 2750 circa,
1427 2677 1470 2736 ut
1485 2657 1649 2748 dicebat,
1666 2656 1800 2734 eodem

365 2786 482 2862 modo
498 2785 645 2892 juratus
666 2785 713 2862 de
734 2815 774 2863 se
795 2803 833 2864 et
852 2787 935 2864 aliis
954 2787 993 2864 in
1012 2815 1121 2864 causa
1140 2786 1229 2864 fidei
1253 2788 1378 2866 dicere
1399 2788 1607 2878 veritatem,
1630 2803 1667 2864 et
1686 2786 1802 2865 inter-
1871 2785 1874 2790 ’

366 2933 515 3022 rogatus
536 2915 583 2992 de
603 2933 772 3023 tempore
794 2935 832 2992 et
849 2915 965 2994 modo
988 2943 1054 2996 sue
1079 2917 1325 3024 recepcionis,
1349 2918 1442 2996 dixit
1461 2947 1529 3026 per
1542 2920 1800 3027 juramentum

367 3043 478 3122 suum
493 3046 598 3152 quod
612 3064 754 3152 septem
773 3047 859 3123 anni
881 3066 969 3125 sunt
988 3047 1104 3154 elapsi
1122 3047 1181 3125 vel
1202 3047 1298 3126 circa
1314 3049 1418 3154 quod
1437 3048 1516 3154 ipse
1537 3046 1609 3126 fuit
1628 3065 1802 3153 receptus

368 3178 406 3251 in
427 3176 541 3253 domo
562 3177 610 3252 de
631 3177 732 3254 Malo
754 3179 914 3284 Repastu
929 3177 1035 3285 juxta
1048 3179 1204 3283 Trapas,
1221 3205 1289 3284 per
1308 3176 1459 3254 fratrem
1481 3159 1698 3256 Guidonem
1724 3205 1803 3284 pre·

369 3324 558 3411 ceptorem
582 3307 841 3400 Carnotensis,
865 3309 1102 3416 presentibus
1121 3309 1286 3416 quodam
1306 3307 1417 3386 fratre
1443 3309 1612 3386 nacionis
1631 3308 1803 3386 Picardo·

369 3465 473 3522 rurn,
496 3455 624 3514 vocato
650 3439 770 3546 Petro
784 3438 957 3526 Picardo,
983 3439 1180 3547 clavigerio
1206 3439 1305 3517 dicte
1335 3440 1485 3527 domus,
1513 3457 1551 3517 et
1577 3438 1802 3545 quibusdam
1908 3456 1910 3460 ’

370 3566 451 3642 aliis
471 3565 518 3643 de
536 3595 699 3674 quorum
718 3569 936 3648 nominibus
955 3599 1032 3648 non
1052 3569 1194 3672 recolit.
1212 3570 1313 3648 Dixit
1327 3570 1445 3648 eciam
1464 3597 1532 3675 per
1541 3570 1801 3677 juramentum

370 3725 480 3774 suum
498 3700 618 3804 quod,
634 3717 719 3805 post
733 3699 867 3778 multas
886 3701 1153 3808 promissiones
1171 3731 1240 3808 per
1260 3729 1346 3779 eum
1368 3699 1480 3778 lactas
1500 3700 1549 3778 de
1570 3699 1802 3777 observando

371 3847 505 3906 statuta
527 3846 563 3906 et
583 3847 723 3908 secreta
742 3829 903 3920 ordinis,
925 3831 998 3910 fuit
1022 3848 1209 3938 receptus,
1238 3849 1276 3908 et
1292 3831 1466 3938 ¹positum
1491 3827 1564 3907 luit
1590 3828 1637 3905 ad
1663 3828 1803 3906 collum
1917 3867 1919 3872 v

371 3990 482 4038 suum
502 3959 722 4039 mantellum
743 3961 902 4070 ordinis,
926 3979 964 4039 et
981 3991 1050 4068 per
1071 3961 1180 4038 illum
1202 3961 1434 4067 qui=recepit
1457 3987 1545 4037 eum
1569 3958 1641 4034 luit
1670 3959 1804 4035 ductus

372 4091 419 4168 ad
438 4109 599 4198 partem,
629 4109 666 4168 et
692 4090 762 4168 luit
787 4091 913 4168 eidem
939 4091 1102 4168 exhibita
1127 4090 1291 4197 quedam
1317 4119 1405 4168 crux
1430 4119 1515 4168 cum
1542 4087 1664 4197 effigie
1688 4087 1804 4166 lhesu

371 4220 523 4298 Christi.
548 4223 654 4300 Tunc
678 4220 779 4298 idem
804 4221 987 4326 recipiens
1011 4221 1179 4327 precepit
1205 4222 1240 4297 ei
1264 4221 1368 4327 quod
1392 4220 1593 4326 abnegaret
1610 4217 1719 4296 illum
1738 4219 1804 4326 qui

371 4382 501 4459 passus
528 4352 599 4430 fuit
627 4352 666 4428 in
691 4351 756 4428 illa
781 4380 906 4440 cruce;
931 4370 1023 4429 tunc
1052 4352 1099 4430 de
1127 4367 1303 4459 precepto
1331 4378 1399 4428 suo
1431 4350 1624 4456 abnegavit
1647 4351 1804 4426 lbesum

372 4483 564 4562 Christum
581 4501 652 4573 ter,
670 4499 706 4559 et
719 4480 884 4588 qualibet
900 4483 976 4561 vice
996 4482 1096 4588 spuit
1109 4509 1219 4587 supra
1234 4511 1395 4560 crucem.
1412 4481 1515 4559 Dixit
1525 4482 1642 4558 eciam
1658 4478 1723 4558 ille
1740 4481 1804 4586 qui

375 4615 543 4720 loquitur
561 4641 630 4719 per
643 4614 897 4720 juramentum
924 4641 1033 4690 suum
1060 4612 1162 4719 quod
1193 4612 1239 4689 de
1260 4629 1436 4719 precepto
1465 4609 1567 4688 illius
1595 4610 1806 4716 recipientis

376 4743 561 4822 osculatus
581 4741 651 4818 fuit
670 4769 758 4818 eum
778 4741 817 4816 in
837 4740 1015 4820 umbilico
1034 4760 1075 4850 et
1094 4743 1133 4818 in
1151 4770 1229 4820 ore.
1251 4741 1337 4835 Quo
1357 4740 1470 4830 lacto,
1494 4741 1661 4848 precepit
1681 4739 1805 4818 eidem

377 4875 479 4980 quod
501 4873 655 4952 omnino
681 4871 883 4950 abstineret
907 4902 927 4948 a
949 4872 1184 4960 mulieribus,
1212 4890 1250 4949 et
1273 4873 1303 4949 si
1324 4871 1425 4950 calor
1445 4871 1620 4949 naturalis
1641 4888 1808 4948 moveret
