4486 5890
773 506 967 600 nnocts
993 525 1087 596 uns
1114 523 1414 596 rnnvcrsns.
1744 519 1810 594 ru

388 667 488 754 dala,
512 665 674 770 suspicio
695 681 734 741 et
748 663 900 742 infamia
916 681 1004 744 sunt
1016 680 1172 770 propter
1187 663 1355 770 predicta
1374 679 1515 748 exorta,
1534 677 1571 737 et
1586 659 1728 738 audivit
1744 662 1816 737 dici

387 823 567 904 magnum
591 794 810 902 Magistrum
832 812 869 872 et
889 793 982 872 alios
1007 793 1269 900 recognovisse
1291 791 1421 868 illicita
1445 819 1513 896 per
1536 790 1659 896 ipsum
1680 803 1815 868 testem

388 925 605 1004 confessata.

442 1055 660 1162 Requisitus
679 1055 709 1132 si
730 1053 783 1130 sic
795 1053 1022 1161 deposuerat
1035 1083 1160 1160 prece,
1177 1070 1367 1160 precepto,
1386 1053 1535 1139 timore,
1555 1080 1695 1143 amore,
1712 1052 1813 1141 odio,

387 1185 445 1264 vel
463 1175 662 1291 temporali
679 1183 839 1261 comodo
858 1184 988 1262 habito
1009 1183 1066 1262 vel
1081 1183 1276 1273 babendo,
1295 1183 1490 1290 respondit
1508 1182 1614 1288 quod
1633 1210 1728 1274 non,
1749 1182 1815 1259 sed

386 1315 630 1423 proteritate
651 1313 829 1404 dicenda;
851 1314 912 1390 cui
933 1312 1003 1390 luit
1032 1313 1244 1420 injunctum
1275 1312 1380 1420 quod
1406 1339 1484 1390 non
1510 1311 1691 1390 revelaret
1720 1313 1815 1388 hanc

385 1473 491 1522 suana
514 1425 812 1551 deposicionem,
830 1472 1029 1550 quousque
1044 1445 1304 1522 attestaciones
1320 1443 1461 1520 fuerint
1471 1442 1677 1550 publicate3
1690 1462 1727 1519 et
1738 1471 1813 1518 non

386 1575 572 1654 obtulerat
591 1603 629 1650 se
651 1574 698 1649 ad
719 1573 991 1652 deffensionem
1013 1573 1174 1683 ordinis,
1197 1591 1235 1650 et
1253 1572 1486 1678 intelligebat
1505 1571 1689 1649 latinum

441 1841 570 1914 Frater
603 1840 794 1916 lohannes
826 1838 943 1916 Adam
981 1855 1179 1946 preceptor
1215 1836 1262 1914 de
1294 1837 1460 1915 Tunreta
1497 1831 1814 1916 Claramontensis

386 1968 562 2057 diocesis,
581 1968 761 2060 serviens,
782 1969 888 2046 testis
902 1969 1068 2074 juratus,
1086 1982 1238 2046 xxxrurt*
1255 1995 1440 2046 annorum
1455 1966 1514 2044 vel
1530 1968 1641 2057 circa,
1662 1967 1816 2052 mantel·
1908 2017 1910 2024 ·

384 2097 465 2174 lum
486 2115 524 2174 et
539 2097 695 2174 barbam
716 2097 921 2184 defferens,
944 2123 1031 2172 cum
1049 2123 1126 2202 quo
1156 2095 1379 2202 inquisitum
1399 2094 1536 2185 luerat,
1558 2095 1752 2173 absolutus
1776 2116 1814 2174 et

383 2227 643 2320 reconciliatus
655 2255 723 2332 per
737 2226 937 2304 dominum
954 2225 1172 2332 episcopum
1184 2224 1543 2316 Claramonteusem,
1557 2225 1662 2304 lectis
1675 2244 1713 2301 et
1728 2227 1813 2303 dili-

333 2435 340 2448 ,
383 2372 514 2464 genter
539 2357 714 2464 expositis
737 2356 808 2435 sibi
830 2355 1007 2434 omnibus
1027 2373 1065 2432 et
1086 2355 1244 2464 siugulis
1264 2355 1447 2446 articulis,
1471 2356 1667 2462 respondit
1686 2383 1725 2432 se
1746 2387 1812 2434 ne-

384 2487 496 2577 scire,
518 2513 592 2564 nec¹
610 2489 779 2576 credere,
802 2515 872 2562 uec
897 2486 1080 2562 audivisse
1103 2485 1176 2562 dici
1198 2485 1245 2562 de
1271 2486 1455 2563 contentis
1475 2485 1514 2560 in
1541 2486 1594 2562 eis
1614 2487 1685 2562 nisi
1707 2489 1811 2594 quod

383 2616 565 2722 sequitur.
588 2617 690 2694 Dixit
707 2643 843 2722 nempe
865 2645 904 2692 se
924 2614 1038 2694 luisse
1066 2634 1262 2721 receptum
1290 2616 1329 2691 iu
1350 2614 1491 2722 capella
1512 2616 1648 2694 domus
1664 2617 1811 2722 Templi

384 2743 430 2821 de
446 2745 549 2822 Bella
563 2747 750 2824 Cassanha
766 2745 1044 2823 Lemovicensis
1059 2745 1235 2831 diocesis,
1255 2771 1323 2850 per
1341 2743 1493 2822 fratrem
1507 2747 1660 2823 Petrum
1675 2747 1722 2822 de
1736 2749 1813 2824 Ma-

383 2873 439 2950 dit
466 2874 626 2952 militem
649 2875 861 2982 quondam,
889 2874 926 2949 in
953 2873 1106 2951 instanti
1130 2873 1226 2952 festo
1255 2875 1490 2954 Ascensionis
1517 2873 1670 2954 Domini
1698 2896 1810 2954 erunt

383 3029 459 3080 xnu
479 3006 565 3080 anni
584 3005 641 3082 vel
662 3006 774 3093 circa,
793 3004 1032 3110 presentibus
1052 3002 1233 3082 fratribus
1250 3005 1443 3110 Stephano
1462 3008 1653 3084 Lavernba
1668 3008 1811 3114 presbi-

381 3149 479 3220 tero,
504 3151 632 3210 curato
648 3134 746 3210 dicte
763 3134 915 3222 domus,
935 3133 1042 3209 llelia
1059 3134 1213 3240 Vigerii,
1241 3133 1446 3212 Guillelmo
1470 3134 1647 3214 Bonifacii
1669 3138 1716 3212 de
1736 3140 1808 3214 Le-

382 3263 599 3355 moviciuio,
620 3264 667 3340 de
688 3291 852 3371 quorum
876 3264 949 3339 vita
977 3264 1033 3340 vel
1060 3281 1181 3340 morte
1207 3291 1283 3340 non
1309 3265 1424 3343 babet
1450 3257 1737 3358 certitudinem,
1772 3271 1809 3343 in

383 3393 484 3470 huuc
504 3394 688 3471 modum:
711 3421 797 3470 nam
816 3422 903 3469 curn
920 3393 1092 3500 peciisset
1112 3395 1328 3471 societatem
1349 3395 1493 3472 ordinis
1515 3413 1552 3473 et
1581 3397 1615 3472 ei
1636 3426 1809 3476 concessa

382 3521 526 3612 fuisset,
550 3524 671 3601 dictus
689 3539 860 3629 receptor
874 3523 963 3600 fecit
981 3552 1069 3600 eum
1087 3551 1218 3601 vovere
1234 3525 1456 3617 castitatem,
1477 3524 1753 3616 obedienciam,
1773 3547 1817 3607 et*

382 3652 501 3729 vivere
531 3654 611 3729 sine
638 3654 809 3760 proprio;
839 3671 876 3731 et
902 3653 1078 3759 imposito
1107 3653 1179 3730 sibi
1208 3655 1404 3742 mantello,
1436 3654 1538 3733 idem
1569 3675 1740 3764 receptor
1771 3675 1809 3736 et

382 3799 542 3860 astantes
563 3783 717 3860 osculati
737 3783 892 3861 fuerunt
917 3811 1005 3860 eum
1029 3784 1066 3859 in
1092 3813 1169 3863 ore.
1195 3785 1442 3862 Postmodum
1467 3785 1555 3862 fecit
1575 3815 1663 3864 euru
1679 3790 1808 3896 jurare

382 3913 487 4018 quod
506 3941 584 3990 uon
604 3913 786 3991 revelaret
802 3929 942 3991 secreta
958 3913 1224 4020 capitulorum,
1243 3915 1360 3992 eciam
1373 3915 1448 3992 illis
1461 3915 1639 3994 fratribus
1649 3919 1714 4024 qui
1731 3948 1806 3996 nou

384 4041 590 4122 adbrissent
609 4037 649 4120 iu
666 4045 739 4136 eis;
758 4061 796 4122 et
810 4043 918 4121 allata
936 4071 1004 4152 per
1020 4045 1145 4150 ipsum
1162 4063 1394 4152 receptorem
1411 4047 1573 4152 quadam
1599 4075 1709 4127 cruce
1729 4079 1807 4128 me·

381 4171 508 4248 tallina
528 4174 567 4250 in
586 4201 661 4280 qua
680 4191 757 4252 erat
775 4201 908 4282 ymago
927 4173 1122 4267 Crucifixi,
1143 4176 1310 4281 precepit
1330 4177 1363 4252 ei
1385 4179 1488 4284 quod
1501 4178 1703 4284 abnegaret
1717 4181 1808 4259 lbe-

382 4330 465 4379 sum
484 4301 676 4381 Christum
692 4321 729 4382 et
741 4303 845 4410 quod
861 4321 1012 4411 spueret
1027 4331 1141 4409 super
1157 4306 1295 4382 dictam
1311 4335 1476 4400 crucem,
1492 4309 1580 4416 quia
1599 4313 1806 4390 secundum

383 4433 697 4512 consuetudinem
716 4433 860 4510 ordinis
880 4433 1043 4511 debebat
1063 4433 1183 4512 lacere
1203 4437 1388 4542 predicta;
1411 4456 1448 4514 et
1468 4455 1559 4516 tunc
1587 4440 1667 4545 ipse
1683 4445 1806 4533 testis,

381 4564 446 4670 qui
460 4563 610 4668 juvenis
624 4581 702 4640 erat
718 4580 756 4640 et
770 4564 942 4641 resistere
957 4591 1034 4640 non
1054 4564 1232 4654 audebat,
1252 4583 1295 4642 ut
1311 4567 1422 4657 dixit,
1445 4568 1640 4677 abnegavit
1651 4572 1806 4650 Jbesunr

382 4692 574 4770 Christum
587 4721 652 4770 ore
663 4721 740 4773 non
757 4695 889 4784 corde,
909 4712 948 4772 et
961 4695 1062 4802 spuit
1077 4723 1153 4772 non
1173 4725 1284 4802 supra
1301 4698 1368 4774 sed
1373 4698 1478 4804 juxta
1490 4699 1628 4778 dictam
1642 4731 1803 4781 crucem.

382 4823 627 4900 Postmodum
648 4823 720 4900 luit
740 4823 928 4902 osculatus
947 4824 1070 4930 ipsum
1091 4841 1225 4902 testem
1247 4827 1341 4906 circa
1369 4827 1590 4907 umbilicum
1611 4860 1724 4937 super
1744 4863 1804 4910 ve-
