4202 5876
385 527 458 602 rso
646 545 651 560 r
769 506 1419 604 rnootsonsrnurnrnns.

383 668 453 760 dit,
477 686 513 747 et
532 668 635 774 quod
653 666 798 744 mentiti
820 687 906 747 sunt
920 698 987 776 per
1001 669 1104 776 gulas
1119 697 1217 759 suas,
1236 668 1332 747 salva
1354 667 1570 747 excellentia
1589 667 1699 748 Sedis
1718 697 1807 776 apo-

381 799 509 877 stolice
532 817 569 876 et
586 799 744 880 honore.

437 927 495 1005 Ad
516 927 636 1008 lxxxvr
656 927 853 1006 articulum
878 927 1075 1034 diligenter
1099 930 1362 1036 interrogatus,
1388 930 1480 1006 dixit
1503 929 1609 1036 quod
1633 931 1712 1038 ipse
1738 929 1808 1008 lirit

380 1077 550 1164 receptus
571 1060 608 1135 in
626 1059 775 1136 fratrem
793 1059 882 1136 dicti
904 1059 1045 1136 ordinis
1065 1059 1104 1136 in
1123 1058 1276 1137 ecclesia
1291 1089 1358 1138 seu
1378 1058 1517 1166 capella
1537 1061 1673 1138 domus
1690 1061 1806 1147 Mansi

378 1189 468 1280 Dei,
491 1189 623 1266 clausis
636 1188 759 1296 januis
783 1189 900 1296 ipsius
925 1189 1081 1293 capelle,
1105 1207 1230 1268 octava
1250 1189 1311 1267 die
1337 1208 1420 1266 ante
1440 1189 1578 1268 festum
1600 1193 1714 1268 sancti
1743 1194 1807 1270 Jo-

380 1319 512 1397 hannis
532 1320 669 1398 mensis
683 1319 784 1426 junii
805 1319 971 1425 proxime
990 1319 1159 1426 preteriti
1179 1345 1228 1398 xu
1248 1321 1335 1396 anni
1354 1319 1486 1426 elapsi,
1504 1349 1572 1428 per
1591 1320 1743 1400 fratrem
1758 1321 1803 1401 G.

381 1451 428 1526 de
451 1450 605 1528 Abelars
628 1465 718 1526 tunc
742 1466 1000 1556 preceptorem
1030 1450 1125 1526 dicte
1150 1449 1284 1528 domus
1311 1451 1428 1530 Mansi
1451 1451 1541 1540 Dei,
1572 1453 1806 1556 presentibus

381 1597 419 1656 et
441 1580 583 1658 ibidem
609 1580 812 1657 astantibus
835 1579 896 1657 Ar.
924 1580 971 1658 de
993 1583 1122 1687 Ruppe
1150 1581 1372 1670 cambrerio¹
1407 1581 1571 1686 Symone
1600 1580 1646 1658 de
1674 1583 1802 1672 Turri,

378 1709 640 1788 Bartholomeo
656 1709 703 1786 de
718 1710 830 1786 Turri
842 1710 1049 1815 presbitero
1066 1710 1253 1818 capellano
1273 1710 1465 1798 fratribus,
1483 1729 1521 1789 et
1538 1711 1708 1817 pluribus
1725 1712 1804 1790 aliis

379 1839 551 1917 fratribus
576 1841 718 1919 ordinis
742 1840 956 1946 supradicti.
973 1842 1029 1919 De
1054 1842 1170 1918 modo
1191 1858 1315 1920 autem
1343 1871 1409 1918 sue
1433 1843 1665 1947 recepcionis
1695 1860 1733 1920 et
1757 1843 1803 1920 de

379 1972 555 2048 omnibus
575 1971 873 2078 contingentibus
894 1973 1010 2076 ipsam
1027 1975 1301 2078 recepcionem‚
1318 1971 1409 2048 dixit
1428 1973 1467 2049 in
1486 1972 1661 2051 omnibus
1684 1991 1721 2052 et
1737 2002 1805 2080 per

380 2102 505 2179 omnia
528 2100 567 2178 in
582 2102 718 2180 effectu
731 2119 774 2178 ut
788 2102 931 2205 primus
950 2103 1056 2180 testis
1075 2131 1202 2208 supra,
1225 2120 1262 2180 et
1287 2103 1383 2180 sicut
1403 2102 1617 2180 continetur
1642 2103 1681 2179 in
1705 2101 1803 2181 libro

378 2233 558 2324 exhibito,
579 2250 621 2310 ut
637 2233 771 2321 credit,
788 2261 856 2338 per
871 2234 992 2339 ipsum
1008 2233 1172 2340 primum
1191 2249 1341 2322 testem,
1359 2233 1571 2310 continente
1586 2233 1751 2341 regulum
1768 2250 1804 2310 et

378 2380 511 2440 statute
536 2363 681 2442 ordinis
702 2363 886 2469 prelibati.

434 2494 492 2570 Ad
525 2495 659 2574 lxxxvu
687 2512 725 2571 et
748 2493 893 2574 lxxxvur
920 2511 957 2571 et
980 2493 1155 2572 ultimum
1183 2493 1357 2573 articulos
1381 2493 1581 2600 diligenter
1605 2512 1644 2572 et
1667 2493 1804 2600 sigilla-

377 2625 445 2702 tim
466 2625 728 2731 interrogatus‚
745 2625 892 2732 negavit
911 2625 1010 2731 ipsos
1026 2625 1201 2702 articulos
1218 2642 1255 2702 et
1269 2626 1395 2702 omnia
1415 2641 1453 2702 et
1473 2624 1616 2732 singula
1633 2641 1804 2710 contenta
1841 2661 1849 2672 ·

378 2755 416 2829 in
443 2755 514 2846 eis3
539 2754 681 2832 addens
706 2783 744 2832 se
775 2757 918 2832 nescire
944 2783 1013 2832 nec
1043 2755 1161 2861 capita
1188 2783 1258 2831 nec
1284 2755 1396 2861 ydola
1425 2783 1495 2832 nec
1518 2755 1641 2862 aliqua
1669 2754 1740 2831 alia
1764 2757 1802 2832 in

378 2884 487 2962 dictis
507 2885 672 2964 articulis
693 2901 881 2974 contenta,
903 2914 972 2963 nec
993 2885 1126 2982 credit,
1149 2914 1234 2962 cum
1260 2913 1337 2963 non
1358 2886 1430 2962 sint
1449 2913 1518 2962 nec
1540 2885 1680 2962 fuerint
1707 2886 1803 2964 dicta

378 3015 495 3120 capita
513 3045 582 3092 nec
601 3016 712 3124 ydola
733 3017 779 3092 de
798 3017 936 3123 quibus
952 3016 1003 3094 ibi
1024 3016 1156 3122 agitur,
1173 3043 1242 3094 nec
1262 3034 1363 3094 retro
1380 3015 1519 3094 luerint
1532 3044 1641 3122 posse
1663 3017 1701 3094 in
1719 3016 1802 3096 loco

378 3143 504 3253 aliquo
525 3147 615 3223 dicti
636 3146 779 3224 ordinis
798 3147 969 3224 inveniri.

433 3277 555 3383 Super
583 3276 663 3353 aliis
693 3305 779 3354 vero
812 3277 859 3353 de
889 3276 1027 3383 quibus
1058 3279 1265 3383 precipitur
1290 3277 1371 3356 fieri
1392 3277 1584 3384 inquisitio
1601 3275 1799 3384 generalis,

377 3424 488 3513 prout
514 3408 633 3484 visum
662 3406 734 3484 luit
762 3407 861 3484 dicto
883 3408 1036 3485 domino
1064 3408 1238 3513 episcopo
1267 3425 1304 3484 et
1327 3407 1504 3512 predictis
1531 3405 1613 3484 aliis
1640 3407 1802 3484 dominis

377 3538 562 3616 canonicis
580 3555 616 3616 et
634 3537 816 3644 religiosis
834 3537 921 3614 viris
948 3537 1222 3644 inquirentibus
1241 3538 1380 3643 pariter
1400 3566 1485 3614 cum
1506 3537 1658 3626 eodem,
1676 3539 1802 3644 requi-

376 3669 467 3746 situs
490 3669 582 3745 dixit
608 3697 647 3746 sc
672 3669 787 3745 nichil
807 3667 966 3774 amplius
989 3668 1101 3757 scire,
1125 3696 1170 3745 eo
1197 3668 1296 3746 salvo
1318 3667 1422 3774 quod
1441 3667 1581 3744 audivit
1603 3666 1675 3742 dici
1697 3668 1802 3772 quod

374 3799 538 3904 quedam
563 3799 686 3876 littera
713 3799 789 3876 sive
817 3796 948 3875 cedula
973 3797 1167 3875 continens
1194 3795 1338 3902 aliquos
1367 3796 1541 3874 articulos
1567 3824 1736 3873 errorum
1764 3813 1801 3872 et

375 3931 572 4008 criminum
593 3928 796 4035 dequibus
815 3929 985 4035 superius
1007 3944 1063 4004 est
1082 3927 1299 4033 inquisitus,
1318 3927 1419 4004 etde
1440 3927 1579 4033 quibus
1599 3927 1801 4031 inquiritur

376 4079 500 4140 contra
522 4061 652 4138 fratres
677 4058 820 4136 ordinis
847 4058 1066 4164 supradicti,
1097 4057 1216 4134 suerat
1239 4075 1404 4164 aportata
1431 4057 1479 4134 ad
1504 4056 1659 4134 domum
1685 4055 1800 4134 Mausi

376 4193 463 4282 Dei3
479 4193 596 4297 ipsam
615 4209 739 4268 tamen
763 4189 934 4268 cedulam
950 4190 1023 4266 sive
1042 4189 1205 4267 litteram
1226 4189 1304 4295 ipse
1325 4217 1395 4266 nec
1408 4187 1531 4265 tenuit
1545 4216 1670 4294 neque
1689 4187 1796 4276 vidit,

376 4322 444 4399 sed
459 4323 620 4399 existens
639 4338 766 4427 captus
787 4321 825 4396 in
841 4321 937 4398 dicta
953 4319 1066 4398 domo
1087 4321 1139 4396 sic
1158 4320 1298 4398 audivit
1315 4320 1404 4407 dici,
1420 4347 1497 4396 non
1511 4319 1730 4396 recordatur
1746 4337 1800 4396 ta-

377 4483 462 4532 men
492 4483 512 4530 a
532 4479 620 4560 quo.
642 4454 890 4558 Interrogatus
910 4451 1025 4557 siper
1045 4451 1208 4559 aliquem
1228 4451 1367 4528 exstitit
1386 4449 1607 4528 informatus
1627 4450 1732 4556 quod
1748 4449 1800 4526 sic

376 4613 487 4690 super
503 4583 680 4690 predictis
702 4583 843 4660 diceret
857 4601 895 4660 et
913 4583 1119 4688 deponeret
1135 4599 1172 4658 ct
1186 4582 1281 4658 sicut
1296 4581 1486 4685 deposuit,
1509 4578 1702 4685 respondit
1721 4607 1759 4654 se
1779 4607 1799 4654 a

375 4716 524 4794 nemine
541 4713 781 4792 informatum
798 4713 853 4790 vel
870 4713 1114 4791 subornatum
1130 4711 1255 4790 luisse.
1276 4713 1404 4788 Frater
1417 4728 1540 4788 tamen
1558 4708 1798 4818 Raymundus

377 4847 423 4924 de
450 4845 585 4924 Gardia
619 4861 815 4950 preceptor
845 4844 962 4920 Mansi
996 4843 1065 4920 Dei
1093 4843 1179 4918 dicti
1207 4839 1354 4946 Templi
1396 4867 1525 4916 omnes
1559 4855 1595 4916 et
1633 4837 1797 4945 singulos
