4208 5886
396 531 469 602 rao
773 510 968 604 esoces
1001 530 1096 602 ons
1127 530 1432 604 rennuens,

394 669 584 774 predictus
596 669 710 747 frater
718 671 922 778 Raynerius
931 669 1099 777 precepit
1110 668 1234 748 eidem
1246 669 1333 748 testi
1346 668 1449 778 quod
1462 667 1663 776 abnegaret
1675 669 1814 758 Deum,

396 816 434 875 et
453 829 539 876 cum
558 801 638 907 ipse
657 802 762 880 testis
784 801 1038 908 respondisset
1053 799 1160 907 quod
1185 802 1265 879 hoc
1278 800 1384 878 nullo
1406 799 1523 878 modo
1545 798 1700 888 laceret,
1727 799 1819 876 dixit

395 929 429 1005 ei
445 930 567 1008 dictus
582 933 785 1040 Raynen'us
800 931 905 1040 quod
919 931 1117 1038 oportebat
1128 959 1216 1009 eum
1229 931 1361 1020 lacere,
1379 928 1562 1037 quietalis
1574 948 1819 1008 eratconsue·

392 1060 489 1138 tudo
503 1062 664 1154 ordinis,
691 1079 729 1138 et
746 1063 825 1168 ipse
835 1063 1023 1169 juraverat
1036 1089 1180 1140 servare
1193 1091 1284 1140 usus
1297 1079 1336 1138 et
1350 1061 1640 1140 consuetudines
1655 1061 1816 1150 ordinis3

394 1207 432 1264 et
455 1193 641 1296 cumipse
670 1192 774 1269 testis
799 1193 923 1270 adhuc
952 1191 1241 1282 contradiceret,
1272 1193 1395 1271 dictus
1422 1193 1644 1299 Rnynerius‚
1668 1209 1817 1298 arrepto

392 1320 559 1424 quodam
583 1347 672 1397 ense
689 1323 736 1398 de
756 1321 875 1427 capite
889 1321 975 1398 lecti
996 1323 1062 1430 qui
1087 1340 1167 1399 erat
1192 1322 1232 1398 in
1257 1323 1356 1399 dicta
1375 1321 1556 1412 sacristia,
1579 1339 1616 1400 et
1631 1350 1676 1399 eo
1697 1323 1817 1429 evagi-

391 1465 498 1538 nato,
515 1449 607 1526 dixit
626 1450 660 1528 ei
675 1451 792 1557 quod,
814 1469 879 1529 aut
896 1451 1062 1557 predicta
1083 1448 1236 1542 laceret,
1252 1468 1317 1529 aut
1331 1451 1428 1528 mala
1443 1469 1566 1530 morte
1580 1471 1815 1544 moreretur,

393 1597 430 1655 et
453 1579 605 1656 interim
627 1577 821 1659 Sarrac'eui
844 1582 1060 1658 invaserunt
1085 1581 1223 1658 dictam
1250 1582 1436 1659 civitatem
1455 1581 1664 1689 sydonem,
1688 1601 1728 1660 et
1744 1582 1819 1660 luit

391 1708 589 1788 clamatum
610 1710 657 1788 ad
681 1740 804 1804 arma,
827 1729 865 1788 et
883 1710 1103 1817 capitulium
1122 1710 1195 1788 suit
1215 1729 1445 1818 separatum,
1475 1730 1513 1790 et
1536 1713 1657 1790 dictus
1678 1715 1818 1820 Rayne-

390 1840 471 1918 rius
487 1859 524 1918 et
544 1841 608 1918 olii
626 1860 718 1930 tres,
744 1843 912 1920 volentes
939 1868 1014 1918 una
1038 1870 1125 1918 curn
1149 1841 1231 1920 aliis
1255 1842 1304 1920 ad
1328 1869 1429 1920 arma
1458 1871 1626 1934 currere,
1648 1843 1818 1922 feceruut

391 1973 517 2076 ipsum
533 1990 669 2050 testem
680 1975 809 2082 jurare
833 1972 940 2080 quod
953 1973 1120 2078 predicta
1139 2001 1217 2053 non
1237 1974 1419 2052 revelaret
1442 2005 1451 2049 z
1478 1991 1515 2050 et
1534 1973 1585 2050 ita
1604 2001 1682 2050 non
1702 1976 1817 2052 abue-

275 2112 279 2120 '
391 2102 505 2208 gavit,
523 2131 594 2180 nec
609 2103 754 2210 aliquid
772 2103 947 2181 illicitum
972 2103 1063 2209 egit,
1084 2102 1153 2180 sed
1172 2103 1365 2181 exiverunt
1383 2120 1512 2180 contra
1526 2103 1765 2195 Sarracenos,
1782 2123 1819 2182 et

389 2231 548 2309 fuerunt
574 2232 759 2310 interlecti
790 2233 915 2340 viginti
941 2261 985 2309 ex
1014 2232 1103 2338 ipsis
1138 2233 1362 2310 Sarraceuis.
1382 2233 1480 2312 Cum
1507 2249 1635 2310 autem
1659 2235 1818 2340 regressi

391 2360 550 2441 fuissent
570 2391 590 2439 a
613 2363 714 2442 dicto
735 2363 933 2454 conflictu,
970 2380 1008 2439 et
1033 2363 1225 2468 predictus
1248 2364 1354 2440 testis
1373 2380 1521 2468 peteret
1542 2391 1563 2438 a
1584 2362 1684 2440 dicto
1705 2363 1818 2440 fratre

391 2493 575 2599 Raynerio
600 2521 716 2600 quare
740 2492 878 2572 lecerat
900 2493 1127 2600 supradicta,
1154 2494 1352 2601 respondit
1377 2493 1479 2600 quod
1506 2493 1555 2569 ad
1577 2493 1816 2599 probandiun

393 2625 570 2701 eumdem
590 2642 628 2700 et
646 2653 755 2702 causa
769 2625 847 2731 joci
866 2653 934 2702 seu
952 2621 1111 2729 trophe,
1134 2653 1204 2701 nec
1222 2626 1308 2716 scit,
1328 2652 1398 2700 nec
1418 2622 1555 2714 credit,
1579 2651 1649 2700 nec
1676 2623 1818 2700 audivit

392 2753 466 2829 dici
491 2771 577 2831 ante
602 2755 819 2863 capcionem
847 2782 997 2844 eorum,
1019 2753 1116 2831 ultra
1143 2782 1245 2832 mare
1270 2781 1340 2832 nec
1364 2754 1455 2830 citra
1473 2779 1594 2842 mare,
1626 2752 1731 2857 quod
1753 2753 1821 2830 ali-

392 2911 466 2990 qua
485 2882 613 2960 illicita
633 2885 917 2962 intervenerunt
930 2885 969 2961 iu
989 2883 1274 2992 recepcionibus
1296 2882 1454 2960 fratrum
1474 2880 1619 2960 ordinis
1637 2880 1696 2957 vel
1710 2900 1817 2987 post,

392 3043 462 3090 nec
482 3015 587 3120 quod
604 3016 788 3094 haberent
811 3015 925 3123 ydola
942 3043 1012 3094 nec
1033 3016 1151 3121 capita
1171 3013 1374 3123 ydolorum
1401 3013 1448 3089 de
1468 3011 1609 3118 quibus
1628 3011 1752 3117 agitur
1779 3014 1819 3088 in

393 3143 571 3234 articulis,
589 3145 687 3223 etde
702 3145 843 3251 quibus
859 3144 1120 3250 deposuerunt
1132 3142 1309 3249 magister
1320 3141 1508 3219 Antonius
1526 3135 1574 3218 de
1587 3138 1768 3219 Vercellis
1784 3158 1822 3217 et

391 3273 507 3351 frater
525 3276 634 3382 Hugo
660 3275 708 3352 de
726 3275 863 3352 Fauro.
882 3276 923 3350 ln
945 3274 1093 3382 signum
1113 3291 1241 3349 tarncu
1266 3269 1442 3348 castitatis
1468 3267 1715 3376 cingebantur
1740 3295 1822 3344 cor-

394 3403 493 3482 dulis
521 3435 634 3512 super
658 3405 825 3483 camisias
847 3434 934 3483 cum
961 3405 1103 3512 quibus
1119 3403 1305 3512 jacebant.
1334 3401 1446 3491 ltem,
1477 3399 1571 3477 dixit
1596 3398 1702 3507 quod
1722 3397 1821 3474 bene

379 3534 571 3612 credebat
590 3535 844 3613 ecclesiasticis
868 3534 1122 3625 sacramentis,
1145 3531 1303 3610 credens
1323 3531 1428 3639 quod
1443 3530 1506 3607 alii
1527 3530 1659 3608 fratres
1676 3527 1822 3604 ordinis

393 3665 529 3741 eodem
543 3665 660 3742 modo
675 3665 887 3753 crederent,
899 3681 937 3742 et
948 3664 1054 3771 quod
1065 3691 1199 3740 eorum
1208 3660 1418 3738 sacerdotes
1428 3656 1556 3735 debite
1572 3657 1818 3734 celebrarent.

392 3792 634 3872 Claudestiue
657 3795 946 3902 recipiebantur,
969 3793 1084 3872 nullis
1107 3791 1347 3898 presentibus
1369 3789 1440 3867 nisi
1460 3787 1639 3866 fratribus
1659 3786 1820 3876 ordinis,

393 3924 499 4027 quod
520 3924 742 4031 displicebat
755 3925 826 4030 ipsi
846 3925 949 4015 testi,
970 3942 1009 4001 et
1027 3923 1148 3999 credit
1164 3923 1269 4028 quod
1288 3947 1333 3998 es
1352 3921 1424 3997 hoc
1440 3934 1538 3995 esset
1557 3917 1721 4022 suspicio
1734 3943 1820 3993 con-

395 4071 451 4129 tra
467 4083 548 4143 eos,
568 4072 607 4132 et
626 4056 731 4162 quod
749 4054 977 4161 perdidisset
993 4053 1184 4141 habitum,
1205 4053 1272 4159 qui
1292 4068 1434 4128 secreta
1451 4047 1703 4155 capitulorum
1720 4075 1823 4122 reve·

392 4187 514 4263 lasset.
535 4187 655 4294 siqui
673 4203 778 4264 eraut
792 4184 925 4263 fratres
944 4186 1104 4263 scientes
1120 4211 1267 4264 errores
1281 4211 1361 4260 esse
1381 4182 1421 4258 in
1439 4180 1592 4269 ordine,
1614 4177 1712 4256 male
1730 4176 1823 4254 fece·

389 4334 497 4404 runt,
507 4318 595 4424 quia
611 4344 688 4395 non
698 4333 943 4396 correxerunt
959 4344 1023 4394 eos
1033 4343 1104 4393 nec
1116 4307 1821 4394 denunciaveruntllcclesie.Decimam
1893 4303 1894 4306 ’

391 4467 534 4556 partem
561 4451 668 4557 panis
696 4450 836 4528 dabant
859 4477 987 4526 amore
1010 4448 1100 4536 Dei,
1128 4463 1167 4524 et
1198 4445 1443 4524 elemosinam
1467 4458 1506 4519 et
1528 4438 1822 4546 hospitalitatem

392 4580 520 4658 debite
543 4580 748 4659 servabant.
769 4579 1018 4658 lnhibebatur
1040 4579 1094 4656 eis
1116 4605 1164 4654 ne
1190 4578 1229 4652 in
1251 4574 1424 4653 fraudem
1456 4571 1703 4650 dominorum
1727 4585 1823 4646 tem·

390 4711 578 4819 poralium
600 4727 638 4789 et
656 4710 904 4817 pedagiorum
926 4708 979 4786 eis
999 4707 1217 4786 debitorum
1245 4705 1428 4782 ducerent
1443 4729 1530 4779 curn
1549 4699 1626 4778 suis
1647 4695 1823 4775 animalia

391 4843 527 4936 aliena,
546 4859 583 4921 et
602 4842 631 4920 si
652 4841 880 4920 contrarium
901 4839 1090 4928 fecissent,
1109 4835 1283 4916 habitum
1296 4833 1560 4941 perdidissent.
1576 4826 1825 4906 lnhibebatur
