4320 5898
348 502 410 576 aa
753 481 950 574 rsocts
976 503 1073 574 nas
1101 500 1404 574 ranrxrrns.

355 659 451 730 tem,
471 640 563 720 lecit
584 671 673 721 eum
696 671 828 722 vovere
849 660 887 721 et
901 644 1030 752 jurare
1049 673 1164 752 super
1182 643 1389 752 quemdam
1412 640 1553 718 librum
1574 643 1794 736 castitatem,

274 803 280 814 ’
357 773 639 865 obedienciam,
668 775 789 853 vivere
814 775 895 854 sine
922 777 1094 884 proprie,
1114 793 1153 854 et
1176 803 1321 854 servare
1347 801 1550 883 proposse
1576 803 1645 852 suo
1675 773 1799 852 bonos

357 936 448 986 usus
464 923 503 984 et
515 907 638 986 bonas
654 907 961 1001 consuetudines,
978 908 1079 985 bona
1094 924 1133 985 et
1148 907 1374 986 elemosinas
1384 904 1541 998 ordi-nis,
1555 922 1593 984 et
1607 934 1686 984 non
1696 935 1800 984 rave-

357 1038 434 1116 larc
456 1056 600 1117 secreta
623 1038 893 1146 capitulorum,
920 1055 959 1116 et
977 1040 1084 1149 quod
1107 1070 1194 1118 cum
1214 1039 1349 1118 habitu
1374 1037 1521 1118 ordinis
1540 1065 1619 1117 non
1641 1037 1800 1118 intraret

359 1171 524 1278 aliquem
545 1171 674 1250 locum
689 1171 954 1260 inhonestum
973 1189 1012 1249 et
1022 1172 1201 1278 imposito
1215 1170 1499 1287 sibinmantello
1518 1169 1598 1278 ipse
1614 1187 1654 1250 ct
1666 1169 1799 1250 iratres

358 1318 521 1382 astantes
536 1301 694 1380 luerunt
709 1330 798 1380 cum
817 1303 975 1380 osculati
990 1303 1030 1380 in
1047 1330 1130 1394 ore,
1148 1321 1185 1381 et
1199 1282 1379 1382 instruxit
1389 1332 1479 1380 cum
1491 1320 1589 1410 quot
1602 1303 1716 1382 Pater
1728 1331 1799 1380 nos·

360 1449 414 1511 ter
433 1434 577 1512 diceret
597 1462 666 1541 pro
690 1433 795 1512 horis
820 1434 914 1526 suis,
939 1451 977 1512 et
1001 1433 1166 1543 qualiter
1189 1451 1339 1541 regeret
1360 1463 1399 1512 se
1420 1434 1460 1510 in
1480 1433 1629 1512 ordine.
1648 1433 1797 1512 Deinde

359 1564 454 1642 dixit
481 1565 515 1641 ei
541 1565 581 1640 in
608 1566 803 1672 presencia
824 1564 1087 1671 predictorum
1111 1566 1218 1671 quod
1243 1566 1447 1674 abnegaret
1469 1566 1596 1645 Deum
1625 1595 1690 1644 ore
1720 1593 1798 1643 non

360 1696 492 1783 corde,
517 1695 606 1802 quia
631 1697 806 1775 hocerat
827 1696 874 1774 de
894 1696 1045 1803 punctis
1065 1688 1227 1788 ordinisss
1246 1696 1493 1803 postmodum
1512 1715 1641 1802 posset
1656 1698 1704 1774 de
1725 1696 1799 1775 boc

360 1826 550 1904 confiteri:
566 1844 603 1904 et
619 1825 698 1934 ipse
718 1829 840 1916 testis,
858 1827 994 1907 dolens
1010 1829 1058 1906 de
1070 1827 1262 1935 predictis,
1278 1827 1476 1936 abnegavit
1489 1826 1617 1906 Deum
1636 1855 1702 1906 ore
1720 1855 1798 1904 non

361 1960 488 2036 corde.
504 1960 683 2071 Postque
702 1959 871 2068 precepit
891 1960 926 2038 ei
942 1960 1049 2068 quod
1067 1976 1222 2068 spueret
1238 1987 1354 2065 super
1368 1959 1575 2066 quamdam
1590 1987 1742 2037 crucem
1758 1960 1800 2036 li-

226 2075 232 2088 ’
358 2116 495 2198 gneam
511 2118 585 2197 quc
602 2107 682 2168 erat
689 2107 792 2169 retro
808 2089 936 2184 altare,
954 2092 994 2168 in
1006 2119 1080 2199 qua
1096 2089 1201 2171 nulla
1216 2108 1296 2168 erat
1309 2089 1645 2198 ymagoCrucifixi,
1663 2107 1701 2170 et
1717 2092 1798 2198 ipse

359 2221 465 2300 testis
486 2221 588 2329 spuit
611 2251 690 2301 non
710 2251 826 2330 super
849 2224 917 2302 sed
935 2221 1041 2329 juxta
1068 2251 1164 2302 eam.
1191 2224 1239 2299 Et
1262 2222 1511 2330 postmodum
1534 2223 1705 2331 precepit
1726 2222 1798 2302 sibi

358 2353 462 2459 quod
478 2352 714 2432 oscularetur
727 2383 817 2432 eum
832 2355 872 2431 in
887 2384 972 2444 ano,
996 2373 1034 2432 et
1054 2355 1135 2462 ipse
1148 2353 1254 2433 testis
1268 2353 1341 2432 luit
1353 2383 1443 2433 eum
1455 2353 1644 2433 osculatus
1662 2384 1798 2462 parum

359 2511 470 2590 supra
480 2514 608 2562 anum.
620 2487 839 2592 Requisitus
849 2487 878 2564 si
893 2487 1120 2595 deposuerat
1127 2485 1322 2564 femoralia
1330 2487 1455 2564 dictus
1463 2503 1637 2595 receptor
1644 2488 1798 2594 quando

358 2613 447 2692 lecit
464 2614 609 2692 dictum
628 2617 814 2711 osculum,
830 2619 1028 2725 respondit
1047 2619 1153 2726 quod
1167 2619 1231 2696 sic.
1252 2621 1349 2696 ltem
1369 2618 1464 2696 dixit
1483 2619 1588 2727 quod
1607 2637 1694 2726 post
1712 2645 1798 2727 pre-

360 2745 460 2823 dicta
479 2746 602 2826 dictus
620 2767 794 2856 receptor
814 2749 908 2828 dixit
928 2751 962 2828 ei
983 2751 1105 2858 quod,
1127 2750 1340 2830 secundum
1361 2751 1460 2829 dicta
1479 2769 1620 2859 puncta
1639 2751 1796 2844 ordinis,

359 2894 507 2985 poterat
530 2881 731 2964 carnaliter
755 2883 990 2962 commisceri
1011 2883 1095 2960 aliis
1113 2883 1294 2962 fratribus
1310 2883 1456 2962 ordinis
1476 2902 1515 2964 et
1536 2885 1607 2993 ipsi
1625 2915 1712 2963 cum
1730 2915 1795 2976 e0;

358 3008 432 3088 hoc
448 2998 579 3092 ¹tamen
600 3043 679 3093 non
696 3013 795 3108 lecit,
818 3045 890 3096 nec
909 3016 1030 3095 credit
1049 3015 1155 3122 quod
1175 3016 1215 3094 in
1232 3017 1368 3095 ordine
1389 3015 1510 3096 lieret.
1532 3017 1750 3126 llequisitus
1766 3017 1797 3094 si

358 3140 428 3220 scit
447 3144 507 3221 vel
527 3147 648 3225 credit
666 3147 725 3226 vel
747 3148 888 3226 audivit
907 3147 981 3226 dici
997 3148 1105 3255 quod
1125 3148 1224 3228 dicta
1243 3147 1374 3226 illicita
1395 3147 1600 3228 confessata
1619 3177 1688 3255 per
1707 3177 1797 3227 eum

359 3273 416 3351 vel
426 3275 503 3356 alia
514 3277 716 3359 inhonesta
726 3281 998 3362 intervenirent
1012 3282 1268 3360 communiter
1280 3281 1320 3358 in
1331 3279 1619 3388 recepcionibus
1634 3280 1796 3360 aliorum

357 3405 516 3486 fratrum
537 3410 682 3490 ordinis
704 3414 764 3488 vel
785 3431 888 3514 post,
911 3407 1108 3515 respondit
1131 3413 1236 3516 quod
1262 3413 1454 3490 nesciebat
1472 3413 1588 3500 bene,
1610 3413 1797 3518 quianon

356 3536 503 3617 viderat
520 3538 637 3644 recipi
657 3540 732 3616 nisi
754 3539 909 3618 fratrem
933 3538 1055 3615 Adam
1079 3544 1306 3618 servientem
1327 3541 1418 3618 dicti
1444 3543 1661 3650 receptoria,
1689 3543 1797 3652 cujus

358 3695 570 3774 cognomen
591 3669 751 3778 ignorat,
772 3670 838 3778 qui
859 3669 931 3747 fuit
949 3688 1125 3777 receptus
1144 3672 1358 3751 secundum
1378 3673 1485 3781 quod
1505 3674 1586 3781 ipse
1606 3673 1712 3754 testis
1731 3677 1798 3754 de·

355 3800 483 3908 posuit
506 3829 545 3878 se
576 3798 691 3881 fuisse
716 3821 914 3910 receptum
938 3803 1067 3908 quoad
1090 3801 1209 3895 licita,
1236 3833 1305 3912 per
1328 3803 1483 3884 fratrem
1510 3807 1722 3885 iohannem
1748 3807 1796 3886 dc

355 3934 454 4022 Nans
473 3933 727 4037 presbiterum
759 3935 972 4041 quondam,
1000 3934 1048 4011 de
1077 3936 1256 4015 mandato
1289 3937 1379 4015 dicti
1404 3937 1529 4016 fratris
1554 3939 1728 4034 lloberti,
1757 3943 1796 4018 in

356 4059 510 4166 Capella
526 4061 663 4142 domus
678 4062 830 4169 Templi
847 4064 894 4142 de
908 4063 1090 4144 Morlenis
1102 4067 1337 4146 B'elvacensis
1353 4069 1522 4162 diocesis,
1542 4072 1582 4149 in
1596 4070 1693 4151 festo
1705 4073 1798 4153 Om-
1878 4139 1884 4152 .

356 4193 466 4275 nium
476 4193 701 4272 Sanctorum
722 4196 894 4302 proximo
918 4199 1100 4304 preterito
1126 4199 1282 4292 bierunt
1300 4203 1470 4310 quinque
1495 4206 1584 4283 anni
1602 4205 1663 4284 vel
1680 4206 1793 4294 circa,

355 4323 595 4430 presentibus
608 4324 785 4404 fratribus
797 4328 969 4407 lohanne
986 4329 1034 4410 de
1050 4330 1086 4409 la
1098 4333 1279 4413 Vercines
1296 4352 1517 4442 preceptore
1538 4335 1637 4416 dicte
1657 4337 1797 4416 domus

356 4453 405 4531 de
444 4455 627 4550 Morlens,
659 4485 776 4566 quem
813 4461 933 4539 credit
964 4462 1110 4553 vivere,
1152 4482 1192 4543 et
1219 4466 1301 4573 ipso
1330 4484 1439 4545 teste.
1475 4469 1634 4546 Tradito
1667 4488 1796 4548 autem

355 4584 538 4664 mantello
553 4587 624 4694 ipsi
639 4587 720 4666 Ade
738 4607 776 4667 et
789 4591 905 4670 ducto
916 4621 984 4699 per
1000 4594 1145 4674 dictum
1161 4595 1316 4675 fratrem
1328 4599 1542 4678 Johannem
1550 4617 1652 4680 retro
1666 4600 1793 4690 altare,
1877 4615 1881 4624 ’

354 4717 436 4825 ipse
451 4718 556 4795 testis
575 4721 745 4811 recessit,
769 4741 809 4800 et
825 4724 944 4802 nescit
967 4725 1062 4833 quid
1088 4729 1142 4807 ibi
1169 4749 1344 4839 egerunt;
1368 4732 1521 4812 extimat
1541 4750 1670 4812 tamen
1690 4733 1796 4842 quod

354 4848 641 4930 intervenerunt
654 4850 720 4930 illa
733 4851 863 4932 illicita
877 4883 953 4963 que
973 4857 1149 4964 deposuit
1163 4860 1408 4942 intervenisse
1423 4865 1464 4941 in
1476 4865 1697 4971 recepcione
1712 4894 1792 4956 sua,
