4202 5876
394 545 466 620 1152
780 533 976 622 PROCES
1002 548 1097 620 DES
1124 547 1422 621 TEMPLIERS.

448 687 506 764 Ad
521 686 675 764 xt--xlv
695 689 869 766 articulos
891 689 1069 766 inclusive
1087 687 1286 798 diligenter
1307 706 1344 766 et
1358 675 1549 796 sigillatim
1565 687 1815 794 iuterrogatus

391 848 505 924 super·
524 817 681 925 singulis
696 819 878 908 articulis,
905 819 1050 927 negavit
1075 819 1175 926 ipsos
1201 820 1378 898 articulos
1405 836 1442 895 et
1461 816 1587 896 omnia
1612 835 1650 894 et
1669 818 1815 928 singula

391 967 564 1026 contenta
585 950 624 1026 in
641 950 706 1027 eis.

448 1079 505 1156 Ad
525 1079 695 1158 xlvr-et
708 1079 808 1156 lxxrrr
823 1080 1000 1157 articulos
1017 1078 1195 1157 inclusive
1214 1081 1413 1187 diligenter
1425 1081 1674 1188 interrogatus
1689 1083 1816 1190 singu-

392 1209 520 1286 lariter
540 1225 578 1285 et
591 1209 780 1314 sigillatim
797 1239 908 1316 super
926 1209 1083 1318 singulis
1098 1210 1282 1300 articulis,
1300 1211 1446 1318 negavit
1462 1212 1563 1317 ipsos
1582 1211 1759 1290 articulos
1777 1231 1814 1290 et

392 1340 519 1416 omnia
534 1356 572 1415 et
590 1339 736 1446 singula
756 1357 932 1418 contenta
953 1341 992 1416 in
1013 1342 1086 1434 eis,
1104 1341 1203 1419 salvo
1225 1358 1262 1418 et
1282 1361 1436 1448 excepto
1452 1341 1558 1449 quod
1576 1342 1710 1422 fratres
1725 1344 1812 1420 dicti

392 1468 535 1546 ordinis
557 1485 706 1573 portant
735 1469 912 1547 continue
942 1487 980 1546 et
1007 1470 1236 1548 incessanter
1265 1471 1440 1549 cordulas
1462 1471 1580 1550 lineas
1603 1473 1663 1551 vel
1690 1473 1814 1552 laneas

392 1625 505 1704 super
530 1599 718 1676 camisiam
739 1600 778 1675 in
806 1601 955 1706 signum
980 1601 1154 1678 castitatis
1178 1619 1216 1678 et
1241 1601 1434 1709 religionis
1453 1619 1639 1708 perpetuo
1666 1631 1813 1681 consen

389 1730 521 1806 vande.
542 1730 644 1806 Dixit
667 1748 793 1807 tamen
814 1732 1025 1836 quodcum
1047 1732 1155 1808 dictis
1174 1732 1339 1810 cordulis
1361 1731 1473 1840 ydola
1493 1731 1619 1838 aliqua
1635 1760 1713 1810 non
1732 1751 1813 1812 tan-

390 1876 532 1964 guntur
549 1887 618 1936 nec
636 1859 836 1966 cinguntur
855 1859 901 1936 ah
922 1859 1006 1936 illis.
1022 1863 1115 1938 Item
1136 1860 1327 1940 consessus
1342 1880 1399 1940 est
1414 1860 1521 1970 quod
1535 1861 1575 1938 in
1592 1865 1811 1969 recepcione

391 1989 592 2096 cujuslibet
619 1975 784 2066 fratrum
804 1991 1014 2097 injungitur
1043 1993 1096 2068 eis
1127 2019 1193 2098 per
1215 2021 1236 2068 a
1257 2021 1296 2070 se
1325 1993 1526 2098 prestitum
1552 1995 1810 2101 juramentum

390 2120 495 2226 quod
513 2149 619 2198 suam
636 2121 892 2226 recepcionem
910 2121 1005 2200 nulli
1019 2122 1182 2200 debeant
1202 2122 1384 2213 revelare,
1402 2151 1472 2200 nec
1491 2123 1608 2200 eciam
1629 2125 1813 2209 auderent

389 2249 493 2357 loqui
522 2280 609 2329 cum
629 2252 711 2328 aliis
731 2250 908 2330 fratribus
932 2253 1101 2361 ejusdem
1119 2254 1263 2332 ordinis
1285 2256 1349 2362 qui
1365 2283 1442 2332 non
1468 2254 1722 2334 interfuerunt
1741 2258 1810 2367 ipsi

390 2381 553 2486 capitulo
574 2382 621 2458 de
642 2380 830 2489 aliquibus
851 2383 959 2460 dictis
975 2382 1033 2458 vel
1053 2383 1167 2491 gestis
1190 2384 1230 2460 in
1253 2385 1334 2490 ipso
1353 2383 1540 2491 capitulo,
1561 2402 1600 2462 et
1626 2385 1700 2464 hoc
1722 2387 1813 2465 dixit

391 2539 469 2590 esse
499 2512 680 2618 scriptum
713 2530 751 2590 et
777 2513 1011 2604 ordinatum,
1037 2514 1135 2592 sicut
1156 2514 1295 2604 credit,
1327 2514 1365 2591 in
1392 2513 1491 2592 libro
1521 2531 1746 2594 statutorum
1774 2537 1812 2595 et

389 2642 518 2748 regule
540 2641 682 2720 ordinis
699 2645 915 2748 supradicti.

445 2772 502 2850 Ad
522 2773 637 2851 lxxrrrr
657 2775 858 2852 articulum
878 2776 1148 2884 interrogatus,
1171 2775 1263 2856 dixit
1290 2795 1327 2854 et
1350 2777 1549 2884 respondit
1566 2797 1680 2884 prout
1698 2808 1811 2887 super

390 2903 524 2982 eodem
552 2904 708 2981 articulo
735 2905 913 3011 loquente
941 2906 988 2982 de
1018 2905 1250 2998 consessione
1278 2924 1516 3012 peccatorum
1545 2908 1712 2986 facienda
1739 2912 1809 2990 nisi

389 3033 478 3112 solis
497 3034 673 3112 iratribus
692 3034 1019 3141 presbiterisdicti
1040 3037 1196 3114 ordinis.
1220 3037 1305 3132 Que
1321 3037 1478 3146 quidem
1503 3039 1696 3144 responsio
1716 3039 1808 3120 lacta

387 3163 459 3240 luit
479 3193 551 3242 ase
572 3193 685 3271 super
700 3193 802 3276 xxrrrr
818 3167 973 3244 articulo
993 3195 1115 3272 supra.
1185 3209 1187 3214 v
1449 3177 1454 3184 '

444 3297 502 3374 ad
516 3296 610 3385 lxxv,
632 3296 729 3376 lxrvr
741 3314 788 3406 el
803 3297 915 3376 lxxvrr
938 3298 1117 3376 articulos
1134 3297 1314 3401 inclusive
1341 3299 1540 3406 diligenter
1560 3300 1809 3409 interrogatus

387 3425 625 3534 singulariter
643 3445 682 3504 et
700 3426 901 3534 sigillatim,
922 3428 1022 3534 ipsos
1040 3427 1217 3504 articulos
1235 3445 1272 3505 et
1292 3428 1418 3506 omnia
1433 3445 1472 3504 et
1483 3429 1807 3535 singulaoontenta

385 3558 531 3664 negavit
545 3557 583 3632 iu
605 3558 675 3648 eis3
692 3557 857 3656 adiciens
877 3584 914 3636 se
933 3586 1003 3634 nec
1018 3557 1112 3634 scire
1131 3585 1199 3634 nec
1215 3557 1368 3634 credere
1380 3558 1486 3664 quo'd
1496 3587 1641 3636 errores
1650 3561 1808 3665 predicti

386 3688 459 3764 sint
485 3688 543 3764 vel
566 3716 732 3794 unquam
755 3685 895 3764 luerint
922 3687 961 3762 in
989 3687 1123 3765 ordine
1144 3687 1377 3792 supradicto,
1398 3704 1436 3764 et
1460 3688 1547 3766 ideo
1573 3691 1809 3768 correccione

358 3805 368 3816 ⁶
385 3808 460 3896 non
472 3837 597 3896 carent
608 3846 677 3895 nec
689 3831 900 3906 caruerunt,
913 3846 981 3894 nec
992 3815 1285 3895 denunciacione
1302 3817 1491 3901 dictorum
1502 3846 1673 3896 errorum
1684 3838 1806 3898 sancte

384 3950 454 4027 Dei
476 3950 640 4032 Ecclesia
661 3949 842 4026 facienda.
916 4005 922 4012 -
1253 3945 1257 3952 ¹
1658 4044 1663 4051 .

441 4080 497 4157 Ad
527 4080 671 4169 lxxvrrr,
699 4081 814 4167 lxxxx,
844 4080 925 4158 lxxx
955 4098 992 4156 et
1018 4080 1112 4156 lxxxr
1143 4079 1319 4158 articulos
1345 4079 1522 4158 inchrsive
1542 4082 1744 4189 diligenter
1771 4102 1807 4160 et

384 4208 572 4315 sigillatim
600 4197 869 4316 iuterrogatus,
892 4210 1039 4317 negavit
1065 4212 1165 4317 ipsos
1192 4209 1368 4288 articulos
1391 4227 1430 4288 et
1453 4211 1579 4290 omnia
1607 4229 1645 4290 et
1663 4213 1806 4320 singula

383 4355 556 4417 contenta
580 4341 619 4416 in
650 4341 721 4442 eis,
755 4367 800 4416 eo
830 4339 926 4418 salvo
956 4341 1062 4448 quod
1083 4341 1214 4448 jurant
1238 4369 1315 4418 non
1350 4341 1543 4420 offendere
1574 4371 1805 4451 quemquam

381 4469 636 4549 Christianum
656 4471 792 4577 injuste
809 4499 877 4550 nec
899 4487 1041 4548 temere
1065 4499 1196 4577 rapere
1218 4471 1318 4548 bona
1341 4473 1440 4579 ejus,
1461 4489 1498 4550 et
1520 4474 1591 4564 hec
1612 4474 1706 4553 dixit
1726 4501 1805 4553 esse

381 4600 515 4707 scripta
537 4601 576 4677 in
596 4600 692 4678 libro
708 4618 932 4680 statutorum
951 4619 988 4678 et
1007 4601 1137 4708 regule
1158 4601 1303 4678 ordinis
1323 4601 1538 4707 supradicti.

437 4731 495 4810 Ad
514 4731 622 4809 lxxxrr
638 4731 837 4810 articulum
861 4709 1093 4838 responderas
1113 4732 1385 4838 interrogatus,
1416 4731 1510 4808 dixit
1530 4733 1634 4840 quod
1655 4734 1686 4812 si
1715 4734 1803 4812 dicti

381 4860 508 4940 lratres
526 4863 574 4940 de
594 4862 734 4970 quibus
753 4863 792 4938 in
811 4843 973 4940 articulo.
989 4863 1109 4970 'agitur
1129 4861 1294 4968 predicta
1315 4859 1472 4940 confessi
1488 4861 1579 4952 sint,
1597 4861 1690 4940 dixit
1704 4863 1805 4971 ipsos
