<?xml version="1.0" encoding="UTF-8"?>
<!DOCTYPE html PUBLIC "-//W3C//DTD XHTML 1.0 Transitional//EN"
    "http://www.w3.org/TR/xhtml1/DTD/xhtml1-transitional.dtd">
<html xmlns="http://www.w3.org/1999/xhtml" xml:lang="en" lang="en">
 <head>
  <title>
</title>
<meta http-equiv="Content-Type" content="text/html;charset=utf-8" />
  <meta name='ocr-system' content='tesseract 3.04.00' />
  <meta name='ocr-capabilities' content='ocr_page ocr_carea ocr_par ocr_line ocrx_word'/>
</head>
<body>
  <div class='ocr_page' id='page_1' title='image "./procsdestemplie03defegoog/procsdestemplie03defegoog_0256.png"; bbox 0 0 4208 5886; ppageno 0'>
   <div class='ocr_carea' id='block_1_1' title="bbox 404 521 1443 616">
    <p class='ocr_par' dir='ltr' id='par_1_1' title="bbox 404 521 1443 616">
     <span class='ocr_line' id='line_1_1' title="bbox 404 521 1443 616; baseline -0.008 0"><span class='ocrx_word' id='word_1_1' title='bbox 404 541 478 616; x_wconf 79' lang='lat' dir='ltr'><strong>ero</strong></span> <span class='ocrx_word' id='word_1_2' title='bbox 789 521 984 615; x_wconf 73' lang='lat' dir='ltr'><strong>ruccas</strong></span> <span class='ocrx_word' id='word_1_3' title='bbox 1015 538 1111 612; x_wconf 85' lang='lat' dir='ltr'><strong>ors</strong></span> <span class='ocrx_word' id='word_1_4' title='bbox 1140 535 1443 611; x_wconf 75' lang='lat' dir='ltr'><strong>teupernus.</strong></span> 
     </span>
    </p>
   </div>
   <div class='ocr_carea' id='block_1_2' title="bbox 398 673 1890 4307">
    <p class='ocr_par' dir='ltr' id='par_1_2' title="bbox 398 673 1890 4307">
     <span class='ocr_line' id='line_1_2' title="bbox 403 673 1832 791; baseline -0.006 -27"><span class='ocrx_word' id='word_1_5' title='bbox 403 702 500 764; x_wconf 88' lang='lat' dir='ltr'><strong>esset</strong></span> <span class='ocrx_word' id='word_1_6' title='bbox 520 682 684 791; x_wconf 87' lang='lat' dir='ltr'><strong>suspicio</strong></span> <span class='ocrx_word' id='word_1_7' title='bbox 704 699 834 760; x_wconf 89' lang='lat' dir='ltr'><strong>contra</strong></span> <span class='ocrx_word' id='word_1_8' title='bbox 853 711 929 761; x_wconf 89' lang='lat' dir='ltr'><strong>eos.</strong></span> <span class='ocrx_word' id='word_1_9' title='bbox 955 683 998 760; x_wconf 92' lang='lat' dir='ltr'><strong>ln</strong></span> <span class='ocrx_word' id='word_1_10' title='bbox 1021 680 1128 788; x_wconf 90' lang='lat' dir='ltr'><strong>cujus</strong></span> <span class='ocrx_word' id='word_1_11' title='bbox 1148 679 1367 784; x_wconf 86' lang='lat' dir='ltr'><strong>reeepcione</strong></span> <span class='ocrx_word' id='word_1_12' title='bbox 1387 676 1460 755; x_wconf 87' lang='lat' dir='ltr'><strong>luit</strong></span> <span class='ocrx_word' id='word_1_13' title='bbox 1478 673 1548 754; x_wconf 90' lang='lat' dir='ltr'><strong>sibi</strong></span> <span class='ocrx_word' id='word_1_14' title='bbox 1570 674 1708 754; x_wconf 86' lang='lat' dir='ltr'><strong>tradita</strong></span> <span class='ocrx_word' id='word_1_15' title='bbox 1737 705 1832 784; x_wconf 89' lang='lat' dir='ltr'><strong>que-</strong></span> 
     </span>
     <span class='ocr_line' id='line_1_3' title="bbox 404 800 1830 920; baseline -0.004 -25"><span class='ocrx_word' id='word_1_16' title='bbox 404 800 492 894; x_wconf 90' lang='lat' dir='ltr'><strong>dam</strong></span> <span class='ocrx_word' id='word_1_17' title='bbox 510 812 665 894; x_wconf 89' lang='lat' dir='ltr'><strong>cordula</strong></span> <span class='ocrx_word' id='word_1_18' title='bbox 687 841 774 890; x_wconf 90' lang='lat' dir='ltr'><strong>cum</strong></span> <span class='ocrx_word' id='word_1_19' title='bbox 799 841 873 920; x_wconf 90' lang='lat' dir='ltr'><strong>qua</strong></span> <span class='ocrx_word' id='word_1_20' title='bbox 901 813 1111 918; x_wconf 84' lang='lat' dir='ltr'><strong>cingeretur</strong></span> <span class='ocrx_word' id='word_1_21' title='bbox 1140 837 1254 916; x_wconf 91' lang='lat' dir='ltr'><strong>super</strong></span> <span class='ocrx_word' id='word_1_22' title='bbox 1278 808 1467 886; x_wconf 87' lang='lat' dir='ltr'><strong>camisiam</strong></span> <span class='ocrx_word' id='word_1_23' title='bbox 1491 835 1579 885; x_wconf 91' lang='lat' dir='ltr'><strong>cum</strong></span> <span class='ocrx_word' id='word_1_24' title='bbox 1607 837 1683 914; x_wconf 87' lang='lat' dir='ltr'><strong>qua</strong></span> <span class='ocrx_word' id='word_1_25' title='bbox 1705 809 1830 918; x_wconf 88' lang='lat' dir='ltr'><strong>jacere</strong></span> 
     </span>
     <span class='ocr_line' id='line_1_4' title="bbox 403 937 1831 1049; baseline -0.004 -25"><span class='ocrx_word' id='word_1_26' title='bbox 403 945 579 1024; x_wconf 88' lang='lat' dir='ltr'><strong>debebat.</strong></span> <span class='ocrx_word' id='word_1_27' title='bbox 607 944 704 1023; x_wconf 91' lang='lat' dir='ltr'><strong>Cum</strong></span> <span class='ocrx_word' id='word_1_28' title='bbox 725 960 851 1020; x_wconf 89' lang='lat' dir='ltr'><strong>autem</strong></span> <span class='ocrx_word' id='word_1_29' title='bbox 874 971 1051 1049; x_wconf 88' lang='lat' dir='ltr'><strong>processu</strong></span> <span class='ocrx_word' id='word_1_30' title='bbox 1073 939 1272 1046; x_wconf 88' lang='lat' dir='ltr'><strong>temporis,</strong></span> <span class='ocrx_word' id='word_1_31' title='bbox 1298 938 1432 1044; x_wconf 89' lang='lat' dir='ltr'><strong>elapsis</strong></span> <span class='ocrx_word' id='word_1_32' title='bbox 1452 937 1605 1016; x_wconf 89' lang='lat' dir='ltr'><strong>duobus</strong></span> <span class='ocrx_word' id='word_1_33' title='bbox 1623 938 1682 1016; x_wconf 92' lang='lat' dir='ltr'><strong>vel</strong></span> <span class='ocrx_word' id='word_1_34' title='bbox 1708 938 1831 1018; x_wconf 89' lang='lat' dir='ltr'><strong>tribus</strong></span> 
     </span>
     <span class='ocr_line' id='line_1_5' title="bbox 402 1067 1829 1176; baseline -0.005 -22"><span class='ocrx_word' id='word_1_35' title='bbox 402 1077 528 1166; x_wconf 88' lang='lat' dir='ltr'><strong>annis,</strong></span> <span class='ocrx_word' id='word_1_36' title='bbox 550 1072 750 1152; x_wconf 79' lang='lat' dir='ltr'><strong>audivisset</strong></span> <span class='ocrx_word' id='word_1_37' title='bbox 778 1073 851 1149; x_wconf 89' lang='lat' dir='ltr'><strong>dici</strong></span> <span class='ocrx_word' id='word_1_38' title='bbox 875 1073 915 1148; x_wconf 94' lang='lat' dir='ltr'><strong>in</strong></span> <span class='ocrx_word' id='word_1_39' title='bbox 937 1073 1037 1149; x_wconf 88' lang='lat' dir='ltr'><strong>dicto</strong></span> <span class='ocrx_word' id='word_1_40' title='bbox 1066 1071 1196 1150; x_wconf 86' lang='lat' dir='ltr'><strong>Castro</strong></span> <span class='ocrx_word' id='word_1_41' title='bbox 1220 1069 1429 1176; x_wconf 88' lang='lat' dir='ltr'><strong>Peregrini,</strong></span> <span class='ocrx_word' id='word_1_42' title='bbox 1452 1097 1473 1145; x_wconf 92' lang='lat' dir='ltr'><strong>a</strong></span> <span class='ocrx_word' id='word_1_43' title='bbox 1503 1067 1615 1146; x_wconf 87' lang='lat' dir='ltr'><strong>lratre</strong></span> <span class='ocrx_word' id='word_1_44' title='bbox 1645 1071 1759 1148; x_wconf 85' lang='lat' dir='ltr'><strong>Petro</strong></span> <span class='ocrx_word' id='word_1_45' title='bbox 1783 1072 1829 1149; x_wconf 91' lang='lat' dir='ltr'><strong>dc</strong></span> 
     </span>
     <span class='ocr_line' id='line_1_6' title="bbox 401 1197 1890 1308; baseline -0.006 -24"><span class='ocrx_word' id='word_1_46' title='bbox 401 1206 548 1284; x_wconf 83' lang='lat' dir='ltr'><strong>Vienna</strong></span> <span class='ocrx_word' id='word_1_47' title='bbox 568 1203 707 1289; x_wconf 91' lang='lat' dir='ltr'><strong>milite,</strong></span> <span class='ocrx_word' id='word_1_48' title='bbox 730 1201 835 1308; x_wconf 92' lang='lat' dir='ltr'><strong>quod</strong></span> <span class='ocrx_word' id='word_1_49' title='bbox 854 1201 894 1278; x_wconf 93' lang='lat' dir='ltr'><strong>in</strong></span> <span class='ocrx_word' id='word_1_50' title='bbox 915 1202 1092 1278; x_wconf 85' lang='lat' dir='ltr'><strong>thesauro</strong></span> <span class='ocrx_word' id='word_1_51' title='bbox 1117 1198 1266 1304; x_wconf 86' lang='lat' dir='ltr'><strong>Templi</strong></span> <span class='ocrx_word' id='word_1_52' title='bbox 1288 1215 1367 1274; x_wconf 89' lang='lat' dir='ltr'><strong>erat</strong></span> <span class='ocrx_word' id='word_1_53' title='bbox 1390 1197 1585 1304; x_wconf 80' lang='lat' dir='ltr'><strong>quoddam</strong></span> <span class='ocrx_word' id='word_1_54' title='bbox 1615 1200 1738 1304; x_wconf 89' lang='lat' dir='ltr'><strong>capud</strong></span> <span class='ocrx_word' id='word_1_55' title='bbox 1753 1227 1831 1308; x_wconf 91' lang='lat' dir='ltr'><strong>quo</strong></span> <span class='ocrx_word' id='word_1_56' title='bbox 1887 1213 1890 1220; x_wconf 84' lang='grc'><strong>’</strong></span> 
     </span>
     <span class='ocr_line' id='line_1_7' title="bbox 401 1328 1830 1446; baseline -0.005 -31"><span class='ocrx_word' id='word_1_57' title='bbox 401 1335 652 1446; x_wconf 71' lang='lat' dir='ltr'><strong>tangebantur</strong></span> <span class='ocrx_word' id='word_1_58' title='bbox 676 1332 830 1410; x_wconf 83' lang='lat' dir='ltr'><strong>cordula</strong></span> <span class='ocrx_word' id='word_1_59' title='bbox 851 1333 1035 1439; x_wconf 88' lang='lat' dir='ltr'><strong>predicte,</strong></span> <span class='ocrx_word' id='word_1_60' title='bbox 1056 1332 1136 1437; x_wconf 90' lang='lat' dir='ltr'><strong>ipse</strong></span> <span class='ocrx_word' id='word_1_61' title='bbox 1155 1329 1262 1407; x_wconf 90' lang='lat' dir='ltr'><strong>testis</strong></span> <span class='ocrx_word' id='word_1_62' title='bbox 1281 1328 1406 1406; x_wconf 91' lang='lat' dir='ltr'><strong>noluit</strong></span> <span class='ocrx_word' id='word_1_63' title='bbox 1429 1356 1473 1404; x_wconf 87' lang='lat' dir='ltr'><strong>ex</strong></span> <span class='ocrx_word' id='word_1_64' title='bbox 1491 1343 1585 1405; x_wconf 90' lang='lat' dir='ltr'><strong>tunc</strong></span> <span class='ocrx_word' id='word_1_65' title='bbox 1600 1346 1750 1436; x_wconf 85' lang='lat' dir='ltr'><strong>portare</strong></span> <span class='ocrx_word' id='word_1_66' title='bbox 1773 1330 1830 1408; x_wconf 86' lang='lat' dir='ltr'><strong>di-</strong></span> 
     </span>
     <span class='ocr_line' id='line_1_8' title="bbox 402 1458 1829 1569; baseline -0.004 -25"><span class='ocrx_word' id='word_1_67' title='bbox 402 1484 498 1546; x_wconf 86' lang='lat' dir='ltr'><strong>ctam</strong></span> <span class='ocrx_word' id='word_1_68' title='bbox 511 1464 716 1544; x_wconf 87' lang='lat' dir='ltr'><strong>cordulam.</strong></span> <span class='ocrx_word' id='word_1_69' title='bbox 734 1463 950 1569; x_wconf 86' lang='lat' dir='ltr'><strong>Requisitus</strong></span> <span class='ocrx_word' id='word_1_70' title='bbox 964 1491 1096 1569; x_wconf 88' lang='lat' dir='ltr'><strong>quare,</strong></span> <span class='ocrx_word' id='word_1_71' title='bbox 1116 1459 1311 1566; x_wconf 88' lang='lat' dir='ltr'><strong>respondit</strong></span> <span class='ocrx_word' id='word_1_72' title='bbox 1328 1459 1435 1566; x_wconf 90' lang='lat' dir='ltr'><strong>quod</strong></span> <span class='ocrx_word' id='word_1_73' title='bbox 1453 1458 1653 1538; x_wconf 81' lang='lat' dir='ltr'><strong>dubitabat</strong></span> <span class='ocrx_word' id='word_1_74' title='bbox 1666 1460 1713 1537; x_wconf 90' lang='lat' dir='ltr'><strong>de</strong></span> <span class='ocrx_word' id='word_1_75' title='bbox 1728 1461 1829 1539; x_wconf 91' lang='lat' dir='ltr'><strong>dicto</strong></span> 
     </span>
     <span class='ocr_line' id='line_1_9' title="bbox 401 1587 1829 1704; baseline -0.002 -30"><span class='ocrx_word' id='word_1_76' title='bbox 401 1597 520 1704; x_wconf 84' lang='lat' dir='ltr'><strong>capite</strong></span> <span class='ocrx_word' id='word_1_77' title='bbox 537 1625 584 1674; x_wconf 86' lang='lat' dir='ltr'><strong>an</strong></span> <span class='ocrx_word' id='word_1_78' title='bbox 600 1610 698 1672; x_wconf 91' lang='lat' dir='ltr'><strong>esset</strong></span> <span class='ocrx_word' id='word_1_79' title='bbox 716 1595 863 1671; x_wconf 89' lang='lat' dir='ltr'><strong>bonum</strong></span> <span class='ocrx_word' id='word_1_80' title='bbox 891 1592 950 1670; x_wconf 88' lang='lat' dir='ltr'><strong>vel</strong></span> <span class='ocrx_word' id='word_1_81' title='bbox 976 1591 1130 1669; x_wconf 88' lang='lat' dir='ltr'><strong>malum.</strong></span> <span class='ocrx_word' id='word_1_82' title='bbox 1153 1589 1368 1696; x_wconf 86' lang='lat' dir='ltr'><strong>Requisitus</strong></span> <span class='ocrx_word' id='word_1_83' title='bbox 1394 1589 1424 1666; x_wconf 90' lang='lat' dir='ltr'><strong>si</strong></span> <span class='ocrx_word' id='word_1_84' title='bbox 1450 1587 1621 1666; x_wconf 88' lang='lat' dir='ltr'><strong>audierat</strong></span> <span class='ocrx_word' id='word_1_85' title='bbox 1640 1590 1745 1695; x_wconf 90' lang='lat' dir='ltr'><strong>prius</strong></span> <span class='ocrx_word' id='word_1_86' title='bbox 1771 1593 1829 1671; x_wconf 85' lang='lat' dir='ltr'><strong>vel</strong></span> 
     </span>
     <span class='ocr_line' id='line_1_10' title="bbox 400 1719 1827 1834; baseline -0.003 -30"><span class='ocrx_word' id='word_1_87' title='bbox 400 1745 486 1834; x_wconf 93' lang='lat' dir='ltr'><strong>post</strong></span> <span class='ocrx_word' id='word_1_88' title='bbox 498 1725 572 1803; x_wconf 89' lang='lat' dir='ltr'><strong>dici</strong></span> <span class='ocrx_word' id='word_1_89' title='bbox 587 1725 694 1832; x_wconf 92' lang='lat' dir='ltr'><strong>quod</strong></span> <span class='ocrx_word' id='word_1_90' title='bbox 711 1723 868 1830; x_wconf 90' lang='lat' dir='ltr'><strong>aliquod</strong></span> <span class='ocrx_word' id='word_1_91' title='bbox 878 1721 1022 1799; x_wconf 88' lang='lat' dir='ltr'><strong>malum</strong></span> <span class='ocrx_word' id='word_1_92' title='bbox 1035 1720 1221 1826; x_wconf 85' lang='lat' dir='ltr'><strong>capudvel</strong></span> <span class='ocrx_word' id='word_1_93' title='bbox 1236 1719 1393 1826; x_wconf 89' lang='lat' dir='ltr'><strong>ydolum</strong></span> <span class='ocrx_word' id='word_1_94' title='bbox 1411 1721 1557 1798; x_wconf 89' lang='lat' dir='ltr'><strong>essetin</strong></span> <span class='ocrx_word' id='word_1_95' title='bbox 1568 1720 1669 1798; x_wconf 91' lang='lat' dir='ltr'><strong>dicto</strong></span> <span class='ocrx_word' id='word_1_96' title='bbox 1680 1721 1827 1810; x_wconf 91' lang='lat' dir='ltr'><strong>ordine,</strong></span> 
     </span>
     <span class='ocr_line' id='line_1_11' title="bbox 400 1849 1830 1962; baseline -0.001 -30"><span class='ocrx_word' id='word_1_97' title='bbox 400 1855 598 1962; x_wconf 87' lang='lat' dir='ltr'><strong>respondit</strong></span> <span class='ocrx_word' id='word_1_98' title='bbox 620 1852 726 1960; x_wconf 91' lang='lat' dir='ltr'><strong>quod</strong></span> <span class='ocrx_word' id='word_1_99' title='bbox 745 1880 842 1944; x_wconf 87' lang='lat' dir='ltr'><strong>non,</strong></span> <span class='ocrx_word' id='word_1_100' title='bbox 864 1851 1043 1959; x_wconf 83' lang='lat' dir='ltr'><strong>adjiciens</strong></span> <span class='ocrx_word' id='word_1_101' title='bbox 1062 1850 1166 1957; x_wconf 92' lang='lat' dir='ltr'><strong>quod</strong></span> <span class='ocrx_word' id='word_1_102' title='bbox 1194 1849 1316 1928; x_wconf 87' lang='lat' dir='ltr'><strong>dictus</strong></span> <span class='ocrx_word' id='word_1_103' title='bbox 1335 1851 1468 1927; x_wconf 89' lang='lat' dir='ltr'><strong>Petrus</strong></span> <span class='ocrx_word' id='word_1_104' title='bbox 1496 1850 1639 1927; x_wconf 84' lang='lat' dir='ltr'><strong>dixerat</strong></span> <span class='ocrx_word' id='word_1_105' title='bbox 1664 1851 1697 1928; x_wconf 90' lang='lat' dir='ltr'><strong>ei</strong></span> <span class='ocrx_word' id='word_1_106' title='bbox 1724 1852 1830 1958; x_wconf 90' lang='lat' dir='ltr'><strong>quod</strong></span> 
     </span>
     <span class='ocr_line' id='line_1_12' title="bbox 400 1979 1830 2095; baseline -0.002 -31"><span class='ocrx_word' id='word_1_107' title='bbox 400 1987 615 2095; x_wconf 90' lang='lat' dir='ltr'><strong>predictum</strong></span> <span class='ocrx_word' id='word_1_108' title='bbox 636 1985 758 2091; x_wconf 91' lang='lat' dir='ltr'><strong>capud</strong></span> <span class='ocrx_word' id='word_1_109' title='bbox 776 2000 856 2062; x_wconf 89' lang='lat' dir='ltr'><strong>erat</strong></span> <span class='ocrx_word' id='word_1_110' title='bbox 875 1982 991 2060; x_wconf 87' lang='lat' dir='ltr'><strong>sancti</strong></span> <span class='ocrx_word' id='word_1_111' title='bbox 1006 1982 1105 2059; x_wconf 89' lang='lat' dir='ltr'><strong>Petri</strong></span> <span class='ocrx_word' id='word_1_112' title='bbox 1126 1980 1183 2056; x_wconf 89' lang='lat' dir='ltr'><strong>vel</strong></span> <span class='ocrx_word' id='word_1_113' title='bbox 1202 1981 1319 2057; x_wconf 92' lang='lat' dir='ltr'><strong>sancti</strong></span> <span class='ocrx_word' id='word_1_114' title='bbox 1333 1980 1443 2058; x_wconf 91' lang='lat' dir='ltr'><strong>Blasii</strong></span> <span class='ocrx_word' id='word_1_115' title='bbox 1457 2015 1466 2068; x_wconf 76' lang='grc' dir='ltr'><strong>ς</strong></span> <span class='ocrx_word' id='word_1_116' title='bbox 1482 1981 1531 2058; x_wconf 89' lang='lat' dir='ltr'><strong>de</strong></span> <span class='ocrx_word' id='word_1_117' title='bbox 1545 1979 1628 2058; x_wconf 87' lang='lat' dir='ltr'><strong>aliis</strong></span> <span class='ocrx_word' id='word_1_118' title='bbox 1645 1982 1830 2087; x_wconf 89' lang='lat' dir='ltr'><strong>capitibus</strong></span> 
     </span>
     <span class='ocr_line' id='line_1_13' title="bbox 402 2109 1828 2225; baseline -0.002 -30"><span class='ocrx_word' id='word_1_119' title='bbox 402 2118 449 2195; x_wconf 89' lang='lat' dir='ltr'><strong>de</strong></span> <span class='ocrx_word' id='word_1_120' title='bbox 464 2117 604 2225; x_wconf 87' lang='lat' dir='ltr'><strong>quibus</strong></span> <span class='ocrx_word' id='word_1_121' title='bbox 614 2114 871 2220; x_wconf 89' lang='lat' dir='ltr'><strong>deposuerunt</strong></span> <span class='ocrx_word' id='word_1_122' title='bbox 884 2113 1059 2219; x_wconf 87' lang='lat' dir='ltr'><strong>magister</strong></span> <span class='ocrx_word' id='word_1_123' title='bbox 1074 2111 1287 2190; x_wconf 78' lang='lat' dir='ltr'><strong>Anthonius</strong></span> <span class='ocrx_word' id='word_1_124' title='bbox 1297 2110 1345 2187; x_wconf 91' lang='lat' dir='ltr'><strong>de</strong></span> <span class='ocrx_word' id='word_1_125' title='bbox 1355 2109 1536 2190; x_wconf 86' lang='lat' dir='ltr'><strong>Vercellis</strong></span> <span class='ocrx_word' id='word_1_126' title='bbox 1545 2128 1583 2188; x_wconf 88' lang='lat' dir='ltr'><strong>et</strong></span> <span class='ocrx_word' id='word_1_127' title='bbox 1594 2111 1709 2192; x_wconf 83' lang='lat' dir='ltr'><strong>frater</strong></span> <span class='ocrx_word' id='word_1_128' title='bbox 1718 2115 1828 2224; x_wconf 88' lang='lat' dir='ltr'><strong>Hugo</strong></span> 
     </span>
     <span class='ocr_line' id='line_1_14' title="bbox 401 2240 1828 2350; baseline -0.002 -24"><span class='ocrx_word' id='word_1_129' title='bbox 401 2249 448 2326; x_wconf 92' lang='lat' dir='ltr'><strong>de</strong></span> <span class='ocrx_word' id='word_1_130' title='bbox 468 2249 592 2326; x_wconf 87' lang='lat' dir='ltr'><strong>Fauro</strong></span> <span class='ocrx_word' id='word_1_131' title='bbox 607 2274 685 2324; x_wconf 90' lang='lat' dir='ltr'><strong>non</strong></span> <span class='ocrx_word' id='word_1_132' title='bbox 703 2246 895 2323; x_wconf 88' lang='lat' dir='ltr'><strong>audiverat</strong></span> <span class='ocrx_word' id='word_1_133' title='bbox 914 2243 997 2320; x_wconf 92' lang='lat' dir='ltr'><strong>fieri</strong></span> <span class='ocrx_word' id='word_1_134' title='bbox 1018 2242 1274 2331; x_wconf 90' lang='lat' dir='ltr'><strong>mencionem,</strong></span> <span class='ocrx_word' id='word_1_135' title='bbox 1296 2258 1341 2318; x_wconf 89' lang='lat' dir='ltr'><strong>ut</strong></span> <span class='ocrx_word' id='word_1_136' title='bbox 1354 2240 1458 2318; x_wconf 81' lang='lat' dir='ltr'><strong>dixit.</strong></span> <span class='ocrx_word' id='word_1_137' title='bbox 1480 2243 1592 2332; x_wconf 89' lang='lat' dir='ltr'><strong>Item,</strong></span> <span class='ocrx_word' id='word_1_138' title='bbox 1610 2242 1705 2320; x_wconf 82' lang='lat' dir='ltr'><strong>dixit</strong></span> <span class='ocrx_word' id='word_1_139' title='bbox 1724 2245 1828 2350; x_wconf 87' lang='lat' dir='ltr'><strong>quod</strong></span> 
     </span>
     <span class='ocr_line' id='line_1_15' title="bbox 400 2370 1829 2485; baseline -0.001 -32"><span class='ocrx_word' id='word_1_140' title='bbox 400 2377 456 2455; x_wconf 90' lang='lat' dir='ltr'><strong>illi</strong></span> <span class='ocrx_word' id='word_1_141' title='bbox 473 2377 539 2485; x_wconf 91' lang='lat' dir='ltr'><strong>qui</strong></span> <span class='ocrx_word' id='word_1_142' title='bbox 555 2375 765 2454; x_wconf 89' lang='lat' dir='ltr'><strong>noluissent</strong></span> <span class='ocrx_word' id='word_1_143' title='bbox 783 2374 902 2452; x_wconf 86' lang='lat' dir='ltr'><strong>facere</strong></span> <span class='ocrx_word' id='word_1_144' title='bbox 923 2372 1054 2450; x_wconf 88' lang='lat' dir='ltr'><strong>illicita</strong></span> <span class='ocrx_word' id='word_1_145' title='bbox 1078 2370 1281 2450; x_wconf 84' lang='lat' dir='ltr'><strong>confessata</strong></span> <span class='ocrx_word' id='word_1_146' title='bbox 1304 2399 1373 2477; x_wconf 89' lang='lat' dir='ltr'><strong>per</strong></span> <span class='ocrx_word' id='word_1_147' title='bbox 1400 2401 1506 2464; x_wconf 87' lang='lat' dir='ltr'><strong>eum,</strong></span> <span class='ocrx_word' id='word_1_148' title='bbox 1530 2371 1590 2449; x_wconf 84' lang='lat' dir='ltr'><strong>vel</strong></span> <span class='ocrx_word' id='word_1_149' title='bbox 1603 2399 1645 2448; x_wconf 90' lang='lat' dir='ltr'><strong>ea</strong></span> <span class='ocrx_word' id='word_1_150' title='bbox 1670 2373 1829 2452; x_wconf 84' lang='lat' dir='ltr'><strong>revelas·</strong></span> 
     </span>
     <span class='ocr_line' id='line_1_16' title="bbox 401 2501 1826 2611; baseline -0.004 -25"><span class='ocrx_word' id='word_1_151' title='bbox 401 2523 485 2586; x_wconf 90' lang='lat' dir='ltr'><strong>sent</strong></span> <span class='ocrx_word' id='word_1_152' title='bbox 499 2525 564 2586; x_wconf 87' lang='lat' dir='ltr'><strong>aut</strong></span> <span class='ocrx_word' id='word_1_153' title='bbox 586 2523 727 2585; x_wconf 89' lang='lat' dir='ltr'><strong>secreta</strong></span> <span class='ocrx_word' id='word_1_154' title='bbox 745 2503 1030 2611; x_wconf 86' lang='lat' dir='ltr'><strong>capituliorum‚</strong></span> <span class='ocrx_word' id='word_1_155' title='bbox 1047 2501 1207 2579; x_wconf 87' lang='lat' dir='ltr'><strong>luissent</strong></span> <span class='ocrx_word' id='word_1_156' title='bbox 1223 2501 1437 2579; x_wconf 88' lang='lat' dir='ltr'><strong>incarcerati</strong></span> <span class='ocrx_word' id='word_1_157' title='bbox 1457 2518 1496 2578; x_wconf 87' lang='lat' dir='ltr'><strong>et</strong></span> <span class='ocrx_word' id='word_1_158' title='bbox 1509 2502 1669 2608; x_wconf 84' lang='lat' dir='ltr'><strong>graviter</strong></span> <span class='ocrx_word' id='word_1_159' title='bbox 1690 2504 1826 2609; x_wconf 90' lang='lat' dir='ltr'><strong>puniti.</strong></span> 
     </span>
     <span class='ocr_line' id='line_1_17' title="bbox 398 2627 1826 2744; baseline -0.004 -27"><span class='ocrx_word' id='word_1_160' title='bbox 398 2639 516 2727; x_wconf 82' lang='lat' dir='ltr'><strong>Item,</strong></span> <span class='ocrx_word' id='word_1_161' title='bbox 541 2638 635 2716; x_wconf 86' lang='lat' dir='ltr'><strong>dixit</strong></span> <span class='ocrx_word' id='word_1_162' title='bbox 662 2627 767 2744; x_wconf 83' lang='lat' dir='ltr'><strong>quod</strong></span> <span class='ocrx_word' id='word_1_163' title='bbox 799 2635 935 2742; x_wconf 88' lang='lat' dir='ltr'><strong>elapsis</strong></span> <span class='ocrx_word' id='word_1_164' title='bbox 963 2633 1085 2711; x_wconf 90' lang='lat' dir='ltr'><strong>tribus</strong></span> <span class='ocrx_word' id='word_1_165' title='bbox 1110 2633 1217 2710; x_wconf 88' lang='lat' dir='ltr'><strong>annis</strong></span> <span class='ocrx_word' id='word_1_166' title='bbox 1240 2631 1298 2708; x_wconf 90' lang='lat' dir='ltr'><strong>vel</strong></span> <span class='ocrx_word' id='word_1_167' title='bbox 1328 2633 1424 2708; x_wconf 88' lang='lat' dir='ltr'><strong>circa</strong></span> <span class='ocrx_word' id='word_1_168' title='bbox 1452 2649 1537 2737; x_wconf 91' lang='lat' dir='ltr'><strong>post</strong></span> <span class='ocrx_word' id='word_1_169' title='bbox 1565 2634 1826 2738; x_wconf 89' lang='lat' dir='ltr'><strong>recepcionem</strong></span> 
     </span>
     <span class='ocr_line' id='line_1_18' title="bbox 400 2761 1827 2871; baseline -0.004 -24"><span class='ocrx_word' id='word_1_170' title='bbox 400 2797 528 2857; x_wconf 89' lang='lat' dir='ltr'><strong>suam,</strong></span> <span class='ocrx_word' id='word_1_171' title='bbox 551 2767 625 2845; x_wconf 87' lang='lat' dir='ltr'><strong>luit</strong></span> <span class='ocrx_word' id='word_1_172' title='bbox 647 2766 838 2844; x_wconf 83' lang='lat' dir='ltr'><strong>confessus</strong></span> <span class='ocrx_word' id='word_1_173' title='bbox 872 2765 918 2843; x_wconf 90' lang='lat' dir='ltr'><strong>de</strong></span> <span class='ocrx_word' id='word_1_174' title='bbox 939 2764 1118 2871; x_wconf 84' lang='lat' dir='ltr'><strong>predictis</strong></span> <span class='ocrx_word' id='word_1_175' title='bbox 1149 2762 1289 2839; x_wconf 83' lang='lat' dir='ltr'><strong>illicitis</strong></span> <span class='ocrx_word' id='word_1_176' title='bbox 1322 2764 1370 2840; x_wconf 90' lang='lat' dir='ltr'><strong>de</strong></span> <span class='ocrx_word' id='word_1_177' title='bbox 1397 2761 1536 2868; x_wconf 91' lang='lat' dir='ltr'><strong>quibus</strong></span> <span class='ocrx_word' id='word_1_178' title='bbox 1568 2762 1763 2868; x_wconf 85' lang='lat' dir='ltr'><strong>deposuit,</strong></span> <span class='ocrx_word' id='word_1_179' title='bbox 1789 2765 1827 2842; x_wconf 94' lang='lat' dir='ltr'><strong>in</strong></span> 
     </span>
     <span class='ocr_line' id='line_1_19' title="bbox 401 2890 1829 3004; baseline -0.004 -29"><span class='ocrx_word' id='word_1_180' title='bbox 401 2897 502 2976; x_wconf 90' lang='lat' dir='ltr'><strong>dicto</strong></span> <span class='ocrx_word' id='word_1_181' title='bbox 527 2898 656 2976; x_wconf 90' lang='lat' dir='ltr'><strong>Castro</strong></span> <span class='ocrx_word' id='word_1_182' title='bbox 677 2897 886 3004; x_wconf 84' lang='lat' dir='ltr'><strong>Peregrini,</strong></span> <span class='ocrx_word' id='word_1_183' title='bbox 908 2894 1012 2972; x_wconf 82' lang='lat' dir='ltr'><strong>fratri</strong></span> <span class='ocrx_word' id='word_1_184' title='bbox 1031 2897 1142 2972; x_wconf 89' lang='lat' dir='ltr'><strong>Petro</strong></span> <span class='ocrx_word' id='word_1_185' title='bbox 1161 2893 1208 2970; x_wconf 91' lang='lat' dir='ltr'><strong>de</strong></span> <span class='ocrx_word' id='word_1_186' title='bbox 1229 2893 1390 2970; x_wconf 86' lang='lat' dir='ltr'><strong>Catureo</strong></span> <span class='ocrx_word' id='word_1_187' title='bbox 1415 2891 1559 2970; x_wconf 89' lang='lat' dir='ltr'><strong>ordinis</strong></span> <span class='ocrx_word' id='word_1_188' title='bbox 1577 2890 1733 2970; x_wconf 86' lang='lat' dir='ltr'><strong>fratrum</strong></span> <span class='ocrx_word' id='word_1_189' title='bbox 1759 2895 1829 2974; x_wconf 86' lang='lat' dir='ltr'><strong>Mi-</strong></span> 
     </span>
     <span class='ocr_line' id='line_1_20' title="bbox 401 3021 1826 3134; baseline -0.003 -28"><span class='ocrx_word' id='word_1_190' title='bbox 401 3055 560 3120; x_wconf 87' lang='lat' dir='ltr'><strong>uorum,</strong></span> <span class='ocrx_word' id='word_1_191' title='bbox 578 3028 752 3134; x_wconf 88' lang='lat' dir='ltr'><strong>episcopo</strong></span> <span class='ocrx_word' id='word_1_192' title='bbox 767 3027 815 3105; x_wconf 90' lang='lat' dir='ltr'><strong>dc</strong></span> <span class='ocrx_word' id='word_1_193' title='bbox 828 3025 998 3112; x_wconf 90' lang='lat' dir='ltr'><strong>Gibelet,</strong></span> <span class='ocrx_word' id='word_1_194' title='bbox 1020 3051 1134 3132; x_wconf 90' lang='lat' dir='ltr'><strong>quem</strong></span> <span class='ocrx_word' id='word_1_195' title='bbox 1156 3021 1276 3100; x_wconf 89' lang='lat' dir='ltr'><strong>credit</strong></span> <span class='ocrx_word' id='word_1_196' title='bbox 1290 3023 1430 3113; x_wconf 88' lang='lat' dir='ltr'><strong>vivere,</strong></span> <span class='ocrx_word' id='word_1_197' title='bbox 1446 3039 1484 3098; x_wconf 89' lang='lat' dir='ltr'><strong>et</strong></span> <span class='ocrx_word' id='word_1_198' title='bbox 1498 3021 1694 3100; x_wconf 90' lang='lat' dir='ltr'><strong>absolutus</strong></span> <span class='ocrx_word' id='word_1_199' title='bbox 1706 3024 1753 3102; x_wconf 87' lang='lat' dir='ltr'><strong>ab</strong></span> <span class='ocrx_word' id='word_1_200' title='bbox 1769 3053 1826 3114; x_wconf 90' lang='lat' dir='ltr'><strong>oo,</strong></span> 
     </span>
     <span class='ocr_line' id='line_1_21' title="bbox 402 3149 1827 3265; baseline -0.004 -29"><span class='ocrx_word' id='word_1_201' title='bbox 402 3175 441 3236; x_wconf 89' lang='lat' dir='ltr'><strong>et</strong></span> <span class='ocrx_word' id='word_1_202' title='bbox 462 3156 638 3265; x_wconf 89' lang='lat' dir='ltr'><strong>imposita</strong></span> <span class='ocrx_word' id='word_1_203' title='bbox 657 3158 691 3234; x_wconf 92' lang='lat' dir='ltr'><strong>ei</strong></span> <span class='ocrx_word' id='word_1_204' title='bbox 713 3157 924 3264; x_wconf 90' lang='lat' dir='ltr'><strong>penitencia</strong></span> <span class='ocrx_word' id='word_1_205' title='bbox 947 3156 1052 3262; x_wconf 92' lang='lat' dir='ltr'><strong>quod</strong></span> <span class='ocrx_word' id='word_1_206' title='bbox 1070 3154 1261 3262; x_wconf 87' lang='lat' dir='ltr'><strong>jejunaret</strong></span> <span class='ocrx_word' id='word_1_207' title='bbox 1281 3153 1391 3230; x_wconf 88' lang='lat' dir='ltr'><strong>sextis</strong></span> <span class='ocrx_word' id='word_1_208' title='bbox 1415 3149 1519 3228; x_wconf 85' lang='lat' dir='ltr'><strong>feriis</strong></span> <span class='ocrx_word' id='word_1_209' title='bbox 1543 3181 1611 3257; x_wconf 90' lang='lat' dir='ltr'><strong>per</strong></span> <span class='ocrx_word' id='word_1_210' title='bbox 1630 3181 1772 3230; x_wconf 91' lang='lat' dir='ltr'><strong>annum</strong></span> <span class='ocrx_word' id='word_1_211' title='bbox 1788 3155 1827 3231; x_wconf 92' lang='lat' dir='ltr'><strong>in</strong></span> 
     </span>
     <span class='ocr_line' id='line_1_22' title="bbox 400 3278 1829 3395; baseline -0.002 -30"><span class='ocrx_word' id='word_1_212' title='bbox 400 3316 496 3394; x_wconf 89' lang='lat' dir='ltr'><strong>pane</strong></span> <span class='ocrx_word' id='word_1_213' title='bbox 514 3306 552 3366; x_wconf 91' lang='lat' dir='ltr'><strong>et</strong></span> <span class='ocrx_word' id='word_1_214' title='bbox 565 3315 678 3395; x_wconf 88' lang='lat' dir='ltr'><strong>equa,</strong></span> <span class='ocrx_word' id='word_1_215' title='bbox 699 3286 805 3394; x_wconf 91' lang='lat' dir='ltr'><strong>quod</strong></span> <span class='ocrx_word' id='word_1_216' title='bbox 820 3304 859 3364; x_wconf 89' lang='lat' dir='ltr'><strong>et</strong></span> <span class='ocrx_word' id='word_1_217' title='bbox 870 3285 974 3374; x_wconf 56' lang='lat' dir='ltr'><strong>lecim</strong></span> <span class='ocrx_word' id='word_1_218' title='bbox 996 3303 1035 3362; x_wconf 91' lang='lat' dir='ltr'><strong>et</strong></span> <span class='ocrx_word' id='word_1_219' title='bbox 1048 3285 1170 3362; x_wconf 92' lang='lat' dir='ltr'><strong>dictus</strong></span> <span class='ocrx_word' id='word_1_220' title='bbox 1186 3283 1382 3388; x_wconf 91' lang='lat' dir='ltr'><strong>episcopus</strong></span> <span class='ocrx_word' id='word_1_221' title='bbox 1400 3278 1474 3360; x_wconf 86' lang='lat' dir='ltr'><strong>luit</strong></span> <span class='ocrx_word' id='word_1_222' title='bbox 1489 3281 1537 3358; x_wconf 92' lang='lat' dir='ltr'><strong>de</strong></span> <span class='ocrx_word' id='word_1_223' title='bbox 1556 3281 1736 3386; x_wconf 85' lang='lat' dir='ltr'><strong>predictis</strong></span> <span class='ocrx_word' id='word_1_224' title='bbox 1748 3284 1829 3390; x_wconf 93' lang='lat' dir='ltr'><strong>plu·</strong></span> 
     </span>
     <span class='ocr_line' id='line_1_23' title="bbox 400 3411 1828 3522; baseline -0.001 -28"><span class='ocrx_word' id='word_1_225' title='bbox 400 3417 540 3495; x_wconf 90' lang='lat' dir='ltr'><strong>rimum</strong></span> <span class='ocrx_word' id='word_1_226' title='bbox 562 3418 768 3496; x_wconf 86' lang='lat' dir='ltr'><strong>admiratus</strong></span> <span class='ocrx_word' id='word_1_227' title='bbox 788 3434 825 3494; x_wconf 89' lang='lat' dir='ltr'><strong>et</strong></span> <span class='ocrx_word' id='word_1_228' title='bbox 844 3415 1083 3522; x_wconf 78' lang='lat' dir='ltr'><strong>stupefactus.</strong></span> <span class='ocrx_word' id='word_1_229' title='bbox 1105 3417 1254 3492; x_wconf 85' lang='lat' dir='ltr'><strong>Fratres</strong></span> <span class='ocrx_word' id='word_1_230' title='bbox 1269 3412 1412 3488; x_wconf 89' lang='lat' dir='ltr'><strong>ordinis</strong></span> <span class='ocrx_word' id='word_1_231' title='bbox 1427 3411 1568 3517; x_wconf 92' lang='lat' dir='ltr'><strong>quibus</strong></span> <span class='ocrx_word' id='word_1_232' title='bbox 1584 3411 1704 3488; x_wconf 90' lang='lat' dir='ltr'><strong>credit</strong></span> <span class='ocrx_word' id='word_1_233' title='bbox 1719 3432 1828 3493; x_wconf 90' lang='lat' dir='ltr'><strong>notos</strong></span> 
     </span>
     <span class='ocr_line' id='line_1_24' title="bbox 401 3541 1828 3652; baseline -0.004 -26"><span class='ocrx_word' id='word_1_234' title='bbox 401 3548 514 3630; x_wconf 85' lang='lat' dir='ltr'><strong>luisse</strong></span> <span class='ocrx_word' id='word_1_235' title='bbox 527 3577 672 3627; x_wconf 89' lang='lat' dir='ltr'><strong>errores</strong></span> <span class='ocrx_word' id='word_1_236' title='bbox 686 3546 913 3626; x_wconf 84' lang='lat' dir='ltr'><strong>confessatos</strong></span> <span class='ocrx_word' id='word_1_237' title='bbox 930 3575 997 3652; x_wconf 92' lang='lat' dir='ltr'><strong>per</strong></span> <span class='ocrx_word' id='word_1_238' title='bbox 1017 3575 1105 3622; x_wconf 90' lang='lat' dir='ltr'><strong>eum</strong></span> <span class='ocrx_word' id='word_1_239' title='bbox 1119 3543 1274 3620; x_wconf 88' lang='lat' dir='ltr'><strong>fuerunt</strong></span> <span class='ocrx_word' id='word_1_240' title='bbox 1292 3541 1542 3648; x_wconf 84' lang='lat' dir='ltr'><strong>negligentes,</strong></span> <span class='ocrx_word' id='word_1_241' title='bbox 1558 3542 1647 3648; x_wconf 87' lang='lat' dir='ltr'><strong>quia</strong></span> <span class='ocrx_word' id='word_1_242' title='bbox 1662 3571 1741 3620; x_wconf 91' lang='lat' dir='ltr'><strong>non</strong></span> <span class='ocrx_word' id='word_1_243' title='bbox 1752 3573 1828 3622; x_wconf 90' lang='lat' dir='ltr'><strong>cor-</strong></span> 
     </span>
     <span class='ocr_line' id='line_1_25' title="bbox 399 3671 1827 3779; baseline -0.004 -23"><span class='ocrx_word' id='word_1_244' title='bbox 399 3696 580 3758; x_wconf 84' lang='lat' dir='ltr'><strong>rexerunt</strong></span> <span class='ocrx_word' id='word_1_245' title='bbox 593 3707 658 3758; x_wconf 91' lang='lat' dir='ltr'><strong>eos</strong></span> <span class='ocrx_word' id='word_1_246' title='bbox 678 3707 748 3756; x_wconf 89' lang='lat' dir='ltr'><strong>nec</strong></span> <span class='ocrx_word' id='word_1_247' title='bbox 774 3677 1096 3755; x_wconf 85' lang='lat' dir='ltr'><strong>denunciaverunt</strong></span> <span class='ocrx_word' id='word_1_248' title='bbox 1119 3673 1296 3752; x_wconf 88' lang='lat' dir='ltr'><strong>Ecclesic.</strong></span> <span class='ocrx_word' id='word_1_249' title='bbox 1324 3671 1557 3748; x_wconf 90' lang='lat' dir='ltr'><strong>Elemosiuas</strong></span> <span class='ocrx_word' id='word_1_250' title='bbox 1578 3689 1616 3749; x_wconf 89' lang='lat' dir='ltr'><strong>et</strong></span> <span class='ocrx_word' id='word_1_251' title='bbox 1633 3672 1827 3779; x_wconf 87' lang='lat' dir='ltr'><strong>hospitali-</strong></span> 
     </span>
     <span class='ocr_line' id='line_1_26' title="bbox 399 3801 1828 3910; baseline -0.006 -22"><span class='ocrx_word' id='word_1_252' title='bbox 399 3827 514 3888; x_wconf 82' lang='lat' dir='ltr'><strong>tatem</strong></span> <span class='ocrx_word' id='word_1_253' title='bbox 536 3809 630 3889; x_wconf 90' lang='lat' dir='ltr'><strong>vidit</strong></span> <span class='ocrx_word' id='word_1_254' title='bbox 651 3809 919 3888; x_wconf 86' lang='lat' dir='ltr'><strong>convenienter</strong></span> <span class='ocrx_word' id='word_1_255' title='bbox 935 3806 1017 3883; x_wconf 88' lang='lat' dir='ltr'><strong>lieri</strong></span> <span class='ocrx_word' id='word_1_256' title='bbox 1041 3821 1078 3882; x_wconf 90' lang='lat' dir='ltr'><strong>et</strong></span> <span class='ocrx_word' id='word_1_257' title='bbox 1098 3804 1232 3882; x_wconf 82' lang='lat' dir='ltr'><strong>serrari</strong></span> <span class='ocrx_word' id='word_1_258' title='bbox 1253 3804 1292 3880; x_wconf 92' lang='lat' dir='ltr'><strong>in</strong></span> <span class='ocrx_word' id='word_1_259' title='bbox 1315 3801 1495 3878; x_wconf 90' lang='lat' dir='ltr'><strong>domibus</strong></span> <span class='ocrx_word' id='word_1_260' title='bbox 1520 3802 1664 3880; x_wconf 87' lang='lat' dir='ltr'><strong>ordinis</strong></span> <span class='ocrx_word' id='word_1_261' title='bbox 1683 3803 1723 3879; x_wconf 92' lang='lat' dir='ltr'><strong>in</strong></span> <span class='ocrx_word' id='word_1_262' title='bbox 1744 3806 1828 3910; x_wconf 89' lang='lat' dir='ltr'><strong>qui-</strong></span> 
     </span>
     <span class='ocr_line' id='line_1_27' title="bbox 400 3931 1827 4040; baseline -0.005 -21"><span class='ocrx_word' id='word_1_263' title='bbox 400 3939 474 4018; x_wconf 88' lang='lat' dir='ltr'><strong>bus</strong></span> <span class='ocrx_word' id='word_1_264' title='bbox 497 3940 618 4017; x_wconf 87' lang='lat' dir='ltr'><strong>extitit</strong></span> <span class='ocrx_word' id='word_1_265' title='bbox 640 3955 912 4024; x_wconf 86' lang='lat' dir='ltr'><strong>commoratus,</strong></span> <span class='ocrx_word' id='word_1_266' title='bbox 942 3954 979 4013; x_wconf 91' lang='lat' dir='ltr'><strong>et</strong></span> <span class='ocrx_word' id='word_1_267' title='bbox 1003 3935 1142 4013; x_wconf 89' lang='lat' dir='ltr'><strong>audivit</strong></span> <span class='ocrx_word' id='word_1_268' title='bbox 1162 3935 1235 4012; x_wconf 91' lang='lat' dir='ltr'><strong>dici</strong></span> <span class='ocrx_word' id='word_1_269' title='bbox 1255 3934 1359 4040; x_wconf 92' lang='lat' dir='ltr'><strong>quod</strong></span> <span class='ocrx_word' id='word_1_270' title='bbox 1385 3961 1519 4009; x_wconf 90' lang='lat' dir='ltr'><strong>eorum</strong></span> <span class='ocrx_word' id='word_1_271' title='bbox 1537 3931 1712 4039; x_wconf 82' lang='lat' dir='ltr'><strong>capitulla</strong></span> <span class='ocrx_word' id='word_1_272' title='bbox 1731 3934 1827 4013; x_wconf 87' lang='lat' dir='ltr'><strong>clam</strong></span> 
     </span>
     <span class='ocr_line' id='line_1_28' title="bbox 400 4063 1828 4175; baseline -0.002 -29"><span class='ocrx_word' id='word_1_273' title='bbox 400 4069 638 4156; x_wconf 89' lang='lat' dir='ltr'><strong>tenebantur,</strong></span> <span class='ocrx_word' id='word_1_274' title='bbox 668 4068 782 4146; x_wconf 88' lang='lat' dir='ltr'><strong>nullis</strong></span> <span class='ocrx_word' id='word_1_275' title='bbox 806 4066 1045 4175; x_wconf 86' lang='lat' dir='ltr'><strong>presentibus</strong></span> <span class='ocrx_word' id='word_1_276' title='bbox 1072 4065 1144 4144; x_wconf 90' lang='lat' dir='ltr'><strong>nisi</strong></span> <span class='ocrx_word' id='word_1_277' title='bbox 1168 4064 1345 4142; x_wconf 85' lang='lat' dir='ltr'><strong>fratribus</strong></span> <span class='ocrx_word' id='word_1_278' title='bbox 1368 4063 1523 4141; x_wconf 89' lang='lat' dir='ltr'><strong>ordinis.</strong></span> <span class='ocrx_word' id='word_1_279' title='bbox 1554 4064 1735 4143; x_wconf 78' lang='lat' dir='ltr'><strong>Ordinato</strong></span> <span class='ocrx_word' id='word_1_280' title='bbox 1761 4095 1828 4172; x_wconf 90' lang='lat' dir='ltr'><strong>per</strong></span> 
     </span>
     <span class='ocr_line' id='line_1_29' title="bbox 402 4194 1828 4307; baseline -0.002 -30"><span class='ocrx_word' id='word_1_281' title='bbox 402 4199 620 4307; x_wconf 79' lang='lat' dir='ltr'><strong>Magistrum</strong></span> <span class='ocrx_word' id='word_1_282' title='bbox 643 4227 729 4276; x_wconf 93' lang='lat' dir='ltr'><strong>cum</strong></span> <span class='ocrx_word' id='word_1_283' title='bbox 751 4214 939 4277; x_wconf 87' lang='lat' dir='ltr'><strong>conventu</strong></span> <span class='ocrx_word' id='word_1_284' title='bbox 962 4213 1139 4274; x_wconf 87' lang='lat' dir='ltr'><strong>servasset</strong></span> <span class='ocrx_word' id='word_1_285' title='bbox 1162 4212 1266 4274; x_wconf 92' lang='lat' dir='ltr'><strong>totus</strong></span> <span class='ocrx_word' id='word_1_286' title='bbox 1292 4194 1405 4284; x_wconf 86' lang='lat' dir='ltr'><strong>orde,</strong></span> <span class='ocrx_word' id='word_1_287' title='bbox 1431 4211 1559 4270; x_wconf 89' lang='lat' dir='ltr'><strong>contra</strong></span> <span class='ocrx_word' id='word_1_288' title='bbox 1584 4223 1699 4302; x_wconf 90' lang='lat' dir='ltr'><strong>quern</strong></span> <span class='ocrx_word' id='word_1_289' title='bbox 1725 4223 1828 4274; x_wconf 91' lang='lat' dir='ltr'><strong>nunc</strong></span> 
     </span>
    </p>
   </div>
   <div class='ocr_carea' id='block_1_3' title="bbox 271 4325 1829 4438">
    <p class='ocr_par' dir='ltr' id='par_1_3' title="bbox 271 4325 1829 4438">
     <span class='ocr_line' id='line_1_30' title="bbox 271 4325 1829 4438; baseline -0.002 -31"><span class='ocrx_word' id='word_1_290' title='bbox 271 4371 272 4376; x_wconf 45' lang='grc'>’</span> <span class='ocrx_word' id='word_1_291' title='bbox 401 4330 733 4438; x_wconf 88' lang='lat' dir='ltr'><strong>propterpredicta</strong></span> <span class='ocrx_word' id='word_1_292' title='bbox 746 4329 902 4436; x_wconf 88' lang='lat' dir='ltr'><strong>grandia</strong></span> <span class='ocrx_word' id='word_1_293' title='bbox 916 4328 1102 4417; x_wconf 87' lang='lat' dir='ltr'><strong>scandala,</strong></span> <span class='ocrx_word' id='word_1_294' title='bbox 1125 4327 1288 4434; x_wconf 91' lang='lat' dir='ltr'><strong>suspicio</strong></span> <span class='ocrx_word' id='word_1_295' title='bbox 1305 4341 1343 4404; x_wconf 92' lang='lat' dir='ltr'><strong>et</strong></span> <span class='ocrx_word' id='word_1_296' title='bbox 1360 4325 1512 4403; x_wconf 83' lang='lat' dir='ltr'><strong>infamia</strong></span> <span class='ocrx_word' id='word_1_297' title='bbox 1526 4343 1616 4402; x_wconf 88' lang='lat' dir='ltr'><strong>sunt</strong></span> <span class='ocrx_word' id='word_1_298' title='bbox 1629 4342 1773 4418; x_wconf 87' lang='lat' dir='ltr'><strong>exorta,</strong></span> <span class='ocrx_word' id='word_1_299' title='bbox 1791 4346 1829 4404; x_wconf 92' lang='lat' dir='ltr'><strong>et</strong></span> 
     </span>
    </p>
   </div>
   <div class='ocr_carea' id='block_1_4' title="bbox 400 4454 1826 4961">
    <p class='ocr_par' dir='ltr' id='par_1_4' title="bbox 400 4454 1824 4672">
     <span class='ocr_line' id='line_1_31' title="bbox 401 4454 1824 4569; baseline -0.001 -32"><span class='ocrx_word' id='word_1_300' title='bbox 401 4461 521 4538; x_wconf 89' lang='lat' dir='ltr'><strong>credit</strong></span> <span class='ocrx_word' id='word_1_301' title='bbox 539 4460 644 4568; x_wconf 91' lang='lat' dir='ltr'><strong>quod</strong></span> <span class='ocrx_word' id='word_1_302' title='bbox 657 4460 834 4569; x_wconf 83' lang='lat' dir='ltr'><strong>Magister</strong></span> <span class='ocrx_word' id='word_1_303' title='bbox 853 4476 889 4536; x_wconf 88' lang='lat' dir='ltr'><strong>et</strong></span> <span class='ocrx_word' id='word_1_304' title='bbox 908 4458 970 4534; x_wconf 90' lang='lat' dir='ltr'><strong>alii</strong></span> <span class='ocrx_word' id='word_1_305' title='bbox 987 4460 1062 4536; x_wconf 87' lang='lat' dir='ltr'><strong>sint</strong></span> <span class='ocrx_word' id='word_1_306' title='bbox 1083 4457 1241 4536; x_wconf 83' lang='lat' dir='ltr'><strong>confessi</strong></span> <span class='ocrx_word' id='word_1_307' title='bbox 1266 4455 1397 4535; x_wconf 89' lang='lat' dir='ltr'><strong>illicita</strong></span> <span class='ocrx_word' id='word_1_308' title='bbox 1417 4454 1621 4534; x_wconf 81' lang='lat' dir='ltr'><strong>conlassata</strong></span> <span class='ocrx_word' id='word_1_309' title='bbox 1640 4483 1711 4562; x_wconf 88' lang='lat' dir='ltr'><strong>per</strong></span> <span class='ocrx_word' id='word_1_310' title='bbox 1723 4485 1824 4536; x_wconf 90' lang='lat' dir='ltr'><strong>eum.</strong></span> 
     </span>
     <span class='ocr_line' id='line_1_32' title="bbox 400 4587 1279 4672; baseline -0.009 0"><span class='ocrx_word' id='word_1_311' title='bbox 400 4591 484 4672; x_wconf 90' lang='lat' dir='ltr'><strong>Non</strong></span> <span class='ocrx_word' id='word_1_312' title='bbox 504 4589 693 4669; x_wconf 85' lang='lat' dir='ltr'><strong>obtulerat</strong></span> <span class='ocrx_word' id='word_1_313' title='bbox 707 4619 745 4667; x_wconf 88' lang='lat' dir='ltr'><strong>se</strong></span> <span class='ocrx_word' id='word_1_314' title='bbox 764 4591 812 4668; x_wconf 90' lang='lat' dir='ltr'><strong>ad</strong></span> <span class='ocrx_word' id='word_1_315' title='bbox 827 4589 1102 4667; x_wconf 81' lang='lat' dir='ltr'><strong>deffensionem</strong></span> <span class='ocrx_word' id='word_1_316' title='bbox 1122 4587 1279 4666; x_wconf 86' lang='lat' dir='ltr'><strong>ordinis.</strong></span> 
     </span>
    </p>

    <p class='ocr_par' dir='ltr' id='par_1_5' title="bbox 401 4717 1826 4961">
     <span class='ocr_line' id='line_1_33' title="bbox 457 4717 1823 4829; baseline -0.001 -31"><span class='ocrx_word' id='word_1_317' title='bbox 457 4721 674 4829; x_wconf 88' lang='lat' dir='ltr'><strong>Requisitus</strong></span> <span class='ocrx_word' id='word_1_318' title='bbox 688 4721 718 4797; x_wconf 88' lang='lat' dir='ltr'><strong>si</strong></span> <span class='ocrx_word' id='word_1_319' title='bbox 732 4721 784 4797; x_wconf 90' lang='lat' dir='ltr'><strong>sic</strong></span> <span class='ocrx_word' id='word_1_320' title='bbox 803 4719 1027 4826; x_wconf 89' lang='lat' dir='ltr'><strong>deposuerat</strong></span> <span class='ocrx_word' id='word_1_321' title='bbox 1038 4747 1168 4825; x_wconf 89' lang='lat' dir='ltr'><strong>prece,</strong></span> <span class='ocrx_word' id='word_1_322' title='bbox 1184 4736 1376 4824; x_wconf 88' lang='lat' dir='ltr'><strong>precepto,</strong></span> <span class='ocrx_word' id='word_1_323' title='bbox 1393 4717 1547 4809; x_wconf 91' lang='lat' dir='ltr'><strong>timore,</strong></span> <span class='ocrx_word' id='word_1_324' title='bbox 1560 4744 1705 4806; x_wconf 89' lang='lat' dir='ltr'><strong>amore,</strong></span> <span class='ocrx_word' id='word_1_325' title='bbox 1718 4718 1823 4810; x_wconf 91' lang='lat' dir='ltr'><strong>odio,</strong></span> 
     </span>
     <span class='ocr_line' id='line_1_34' title="bbox 401 4849 1826 4961; baseline -0.003 -29"><span class='ocrx_word' id='word_1_326' title='bbox 401 4853 457 4932; x_wconf 83' lang='lat' dir='ltr'><strong>vel</strong></span> <span class='ocrx_word' id='word_1_327' title='bbox 467 4852 665 4961; x_wconf 90' lang='lat' dir='ltr'><strong>temporali</strong></span> <span class='ocrx_word' id='word_1_328' title='bbox 675 4852 836 4930; x_wconf 87' lang='lat' dir='ltr'><strong>comodo</strong></span> <span class='ocrx_word' id='word_1_329' title='bbox 852 4851 980 4929; x_wconf 87' lang='lat' dir='ltr'><strong>habito</strong></span> <span class='ocrx_word' id='word_1_330' title='bbox 991 4851 1048 4928; x_wconf 88' lang='lat' dir='ltr'><strong>vel</strong></span> <span class='ocrx_word' id='word_1_331' title='bbox 1060 4849 1247 4939; x_wconf 86' lang='lat' dir='ltr'><strong>babendo,</strong></span> <span class='ocrx_word' id='word_1_332' title='bbox 1257 4849 1452 4955; x_wconf 90' lang='lat' dir='ltr'><strong>respondit</strong></span> <span class='ocrx_word' id='word_1_333' title='bbox 1463 4849 1568 4957; x_wconf 90' lang='lat' dir='ltr'><strong>quod</strong></span> <span class='ocrx_word' id='word_1_334' title='bbox 1579 4878 1669 4942; x_wconf 88' lang='lat' dir='ltr'><strong>non,</strong></span> <span class='ocrx_word' id='word_1_335' title='bbox 1681 4850 1749 4927; x_wconf 87' lang='lat' dir='ltr'><strong>sed</strong></span> <span class='ocrx_word' id='word_1_336' title='bbox 1758 4879 1826 4957; x_wconf 92' lang='lat' dir='ltr'><strong>pro</strong></span> 
     </span>
    </p>
   </div>
   <div class='ocr_carea' id='block_1_5' title="bbox 0 0 2108 5878">
    <p class='ocr_par' dir='ltr' id='par_1_6' title="bbox 0 0 2108 5878">
     <span class='ocr_line' id='line_1_35' title="bbox 0 0 2108 5878; baseline 0 0"><span class='ocrx_word' id='word_1_337' title='bbox 0 0 2108 5878; x_wconf 95' lang='lat' dir='ltr'><strong> </strong></span> 
     </span>
    </p>
   </div>
  </div>
 </body>
</html>
