4310 5906
737 557 933 652 rnoets
959 579 1054 650 uus
1081 577 1383 652 rennuens.
1699 579 1770 654 ass

404 717 628 796 Adxl--xlv
641 718 818 796 articulos
833 687 1027 809 inclusive,
1045 717 1246 826 diligenter
1256 737 1294 798 et
1304 719 1494 827 sigillatim
1504 722 1769 828 interrogatus,

349 847 497 953 negavit
514 848 616 953 ipsos
636 848 812 925 articulos
833 865 871 926 et
888 849 1013 926 omnia
1034 865 1073 925 et
1087 849 1233 955 singula
1254 865 1429 927 contenta
1448 850 1565 926 ineis.

405 977 463 1054 Ad
482 975 716 1056 xlvi-„lxxxxi
729 978 913 1056 'articulos
934 977 1129 1069 inclusive,
1146 979 1347 1086 diligenter
1367 980 1615 1088 interrogatus
1634 983 1771 1089 sigilla-

346 1097 467 1186 timet
485 1108 724 1216 singulariter
739 1137 855 1215 super
873 1111 1030 1216 singilis
1051 1108 1232 1198 articulis,
1253 1110 1398 1217 negavit
1423 1111 1523 1219 ipsos
1543 1114 1720 1192 articulos
1736 1133 1772 1192 et

347 1239 474 1316 omnia
492 1256 543 1322 ,et
571 1239 717 1347 singula
747 1256 921 1316 contenta
947 1240 986 1317 in
1012 1239 1081 1330 eis,
1114 1257 1267 1346 excepto
1298 1241 1402 1346 quod
1422 1239 1623 1318 confitetur
1653 1243 1773 1322 dictos

347 1369 478 1446 fratres
498 1397 541 1445 ex
562 1397 638 1477 quo
657 1387 746 1448 sunt
759 1370 901 1476 recepti
922 1370 960 1446 in
981 1370 1082 1448 dicto
1101 1370 1257 1460 ordine,
1278 1386 1316 1446 et
1331 1370 1378 1448 de
1395 1397 1434 1447 se
1450 1371 1530 1476 ipso
1545 1372 1635 1448 dicit
1650 1373 1769 1461 idem,

347 1517 545 1606 portarunt
565 1518 602 1578 et
620 1519 770 1607 portant
784 1500 975 1609 cingulum
996 1501 1072 1578 sive
1090 1500 1284 1579 cordulam
1301 1499 1354 1576 fili
1369 1500 1460 1578 linei
1473 1529 1587 1608 super
1604 1504 1772 1582 camisias

346 1631 484 1708 cinctas
502 1631 596 1708 circa
615 1631 782 1720 lumbos,
805 1660 898 1738 quas
914 1659 1062 1739 semper
1080 1649 1228 1738 portant
1246 1632 1308 1708 die
1332 1648 1524 1738 noctuque
1550 1649 1586 1709 et
1606 1663 1691 1710 cum
1718 1637 1771 1712 eis

341 1762 465 1866 jacent
484 1762 683 1868 insignum
703 1763 877 1840 castitatis
895 1764 1086 1841 servande.
1108 1761 1265 1840 Addidit
1285 1763 1401 1838 eciam
1422 1791 1461 1839 se
1477 1762 1620 1840 nescire
1638 1793 1686 1841 an
1699 1765 1770 1842 fia-

345 1907 421 1968 tres
442 1892 531 1969 dicti
553 1892 696 1969 ordinis
714 1893 958 1999 astringantur
971 1893 1191 1999 juramento
1217 1921 1263 1968 ne
1293 1890 1457 1969 revelent
1476 1920 1549 1998 que
1579 1894 1618 1971 in
1640 1923 1770 1973 eorum

347 2021 515 2126 capitulis
532 2040 710 2129 agimtur,
733 2022 909 2099 dicuntur
928 2038 966 2098 et
982 2023 1097 2112 liunt,
1120 2021 1223 2128 quod
1242 2022 1321 2128 ipse
1338 2051 1530 2129 nunquam
1551 2022 1623 2103 fuit
1649 2026 1688 2103 in
1712 2047 1771 2106 ca'-

345 2153 488 2256 pitulis,
508 2153 578 2232 nisi
601 2181 646 2231 eo
665 2171 834 2258 tempore
859 2179 937 2258 quo
960 2153 1000 2229 in
1020 2151 1170 2228 fratrem
1190 2150 1262 2228 fuit
1289 2169 1470 2257 receptus.
1499 2153 1628 2232 Credit
1647 2175 1771 2236 tamen

346 2283 456 2388 quod
469 2283 558 2360 dicti
578 2285 711 2360 fratres
728 2284 793 2390 <pri
815 2284 998 2360 intersunt
1012 2282 1180 2390 capitulis
1198 2299 1393 2362 teneantur
1408 2301 1444 2360 et
1460 2283 1620 2363 debeant
1632 2307 1772 2366 secreta

347 2439 478 2489 eorum
496 2431 640 2503 tenere,
663 2431 699 2491 et
716 2411 827 2489 nullis
847 2411 928 2489 aliis
947 2413 1012 2517 qui
1031 2441 1106 2490 non
1127 2412 1363 2490 interfuerint
1381 2413 1555 2492 revelare.

402 2542 460 2619 Ad
483 2543 597 2621 lxxuu
621 2543 817 2620 articulum
840 2541 1103 2648 interrogatus,
1127 2541 1219 2617 dixit
1243 2560 1280 2620 et
1298 2545 1490 2649 respondit
1508 2561 1553 2620 ut
1580 2573 1689 2651 supra
1712 2577 1770 2624 re-

300 2695 307 2706 ·
344 2701 523 2780 sponsum
545 2674 655 2751 estin
673 2700 773 2751 xx1u1
793 2672 960 2750 articula.
1084 2704 1089 2713 ·

401 2803 457 2878 Ad
468 2801 705 2882 lxxv--lxxxr
720 2803 894 2880 articulos
904 2803 1098 2892 inclusive,
1112 2803 1311 2912 diligenter
1323 2823 1359 2882 et
1372 2805 1558 2912 sigillatim
1572 2808 1769 2915 interroga-

344 2951 414 3020 tus,
425 2934 620 3039 respondit
636 2952 673 3012 et
692 2935 784 3010 dixit
801 2935 927 3010 omnia
944 2951 980 3011 et
994 2934 1141 3040 singula,
1158 2953 1331 3012 contenta
1349 2935 1454 3013 ineis
1469 2964 1508 3013 se
1523 2965 1600 3014 uon
1616 2939 1769 3016 credere

343 3091 428 3140 vera
446 3092 612 3142 essemec
621 3066 814 3142 veritatem
825 3064 987 3170 aliquam
1001 3065 1192 3143 continere
1203 3100 1212 3156 ς
1225 3065 1367 3142 addens
1377 3067 1482 3172 quod
1494 3094 1588 3174 opus
1606 3097 1680 3146 non
1699 3069 1769 3147 fuit

344 3213 514 3272 contenta
527 3197 677 3303 corrigi,
698 3224 767 3272 nec
783 3196 900 3272 eciam
914 3213 1038 3272 sancte
1054 3197 1124 3274 Dei
1142 3197 1304 3273 Ecclesia
1325 3199 1510 3290 nunciati,
1529 3227 1598 3274 nec
1617 3199 1689 3276 fuit
1706 3229 1770 3278 ne-

343 3324 522 3430 gligencia
549 3323 592 3400 in
606 3327 839 3432 corrigendis
855 3324 913 3401 vel
929 3326 1152 3401 nunciandis
1172 3327 1370 3430 predictis,
1393 3328 1480 3433 quia
1505 3355 1690 3434 nusquam
1707 3332 1769 3408 illa
1872 3403 1875 3409 x

343 3453 454 3534 fuisse
472 3473 587 3560 putat.
618 3457 691 3530 Nec
717 3454 835 3530 credit
862 3455 901 3530 in
927 3453 1059 3530 ordine
1079 3452 1169 3530 dicti
1198 3455 1346 3560 Templi
1367 3483 1438 3532 nec
1467 3457 1504 3532 in
1534 3457 1658 3563 aliqua
1689 3462 1768 3566 ejus

343 3601 462 3689 parte,
486 3602 522 3660 et
541 3608 614 3690 per
628 3611 859 3690 consequens
878 3579 947 3660 nec
970 3583 1136 3658 nunciati
1163 3611 1232 3658 nec
1252 3585 1386 3692 corrigi
1406 3585 1635 3675 debuerunt,
1659 3593 1767 3667 etsie

344 3713 435 3790 dixit
449 3741 488 3790 se
509 3711 667 3790 firmiter
682 3714 838 3791 credere'
850 3742 933 3792 vera
955 3741 1034 3790 csse
1054 3731 1097 3788 ut
1115 3715 1317 3820 respondit.

399 3844 456 3920 Ad
484 3844 596 3922 lxxxu
617 3844 811 3922 articulum
835 3845 1096 3950 interrogatus,
1115 3843 1309 3950 respondit
1337 3861 1375 3922 et
1402 3846 1493 3921 dixit
1519 3875 1557 3922 se
1585 3875 1660 3924 non
1687 3875 1768 3923 cre-

342 3975 430 4051 dere
457 3976 736 4054 multitudinem
768 3975 931 4083 aliquam
964 3975 1119 4054 fratrum
1138 3975 1254 4081 ipsius
1275 3976 1422 4083 Templi
1441 3975 1521 4054 fore
1542 3977 1764 4061 confessam,

342 4105 437 4179 sicut
453 4105 635 4182 invenitur
655 4105 693 4182 in
712 4107 866 4183 articulo
887 4105 1115 4212 supradicto,
1134 4124 1171 4182 et
1192 4106 1220 4182 si
1241 4105 1336 4184 forta
1358 4105 1472 4214 aliqui
1495 4109 1568 4183 sint
1588 4108 1764 4194 confessi,

342 4233 434 4308 dixit
453 4262 491 4308 se
521 4235 671 4310 credere
697 4235 781 4312 illos
803 4265 880 4313 non
910 4263 989 4314 esse
1015 4235 1190 4312 homines
1209 4263 1278 4314 nec
1296 4235 1426 4328 fuisse,
1448 4238 1515 4314 sed
1534 4238 1681 4344 penitus
1703 4238 1767 4314 de-

341 4391 471 4440 mones
491 4361 687 4440 infernales
702 4365 766 4470 qui
785 4365 1001 4441 naturaliter
1012 4365 1101 4442 falsa
1117 4366 1240 4444 dicere
1261 4385 1542 4445 consueverunt.
1765 4461 1776 4480 ι
1799 4459 1801 4466 q

398 4493 456 4571 Ad
475 4494 618 4582 lxxxm,
641 4493 776 4572 lxxxnu
793 4511 829 4572 et
845 4494 951 4572 lxxxv
967 4495 1140 4572 articulos
1155 4496 1346 4584 inclusive,
1366 4495 1566 4603 diligenter
1581 4515 1618 4574 et
1630 4499 1770 4604 sigilla-³

342 4626 410 4701 tim
432 4626 678 4732 interrogatus
704 4642 750 4702 et*
768 4652 879 4732 super
899 4643 1071 4703 contenta
1095 4627 1132 4700 in
1154 4623 1241 4714 illis,
1261 4625 1379 4703 credit
1398 4627 1502 4734 quod
1521 4627 1651 4706 fratres
1675 4628 1763 4703 dicti

342 4753 483 4832 ordinis
496 4755 644 4862 Templi
665 4755 731 4862 qui
752 4752 908 4832 confessi
931 4772 1018 4833 sunt
1037 4783 1181 4834 errores
1201 4755 1389 4861 predictos
1414 4758 1453 4834 in
1473 4758 1582 4836 dictis
1602 4756 1767 4834 articulis

325 4902 533 4963 contentos
555 4884 645 4963 falso
666 4885 779 4962 modo
800 4886 960 4963 confessi
981 4904 1066 4964 sunt
1088 4905 1124 4962 et
1143 4905 1271 4965 contra
1289 4889 1499 4978 veritatem,
1522 4907 1565 4965 ut
1585 4889 1662 4994 ipse
1687 4917 1765 4964 crc-
