4242 5890
376 554 451 628 sor
766 525 963 621 rnoots
989 545 1085 620 nus
1110 545 1411 620 murmuris.
1503 641 1508 648 ¹

431 700 525 776 Item
545 723 661 783 anno,
684 689 896 777 indicione,
916 717 1061 780 mense,
1091 687 1171 779 die,
1198 687 1421 797 pontificatu
1440 706 1480 770 et
1497 687 1581 768 loco
1606 691 1806 798 predictis,

375 831 413 904 in
429 830 518 908 dicti
543 823 795 936 inquisitoris,
818 839 989 902 nostrum
1008 822 1242 900 notariorum
1263 841 1301 900 et
1317 822 1639 931 infrascriptorum
1654 825 1808 904 testium

373 963 566 1068 presencia
581 956 828 1067 personaliter
852 955 1077 1034 constitutus
1089 951 1203 1031 frater
1216 955 1349 1034 Petrus
1369 953 1416 1033 de
1440 954 1544 1034 Sxfet
1567 955 1753 1036 oriundus
1766 957 1809 1036 in

373 1091 495 1184 Acon,
515 1089 770 1170 serviensdioti
792 1085 950 1176 ordinis,
969 1103 1007 1163 et
1027 1085 1253 1164 constitutus
1271 1085 1312 1163 in
1333 1086 1448 1166 domo
1467 1085 1619 1194 majoris
1640 1087 1809 1196 Magistri

374 1225 517 1302 ordinis
542 1220 846 1327 Templariorum
869 1246 983 1324 super
1006 1215 1284 1326 garnisionibus
1309 1218 1408 1297 dicte
1430 1219 1585 1308 domus,
1612 1219 1718 1297 testis
1743 1249 1809 1298 eo·

374 1343 468 1433 dem
482 1357 597 1432 modo
619 1354 764 1461 juratus
791 1349 838 1427 de
864 1377 904 1428 se
930 1365 968 1426 et
993 1348 1077 1428 aliis
1101 1349 1141 1426 in
1169 1378 1278 1428 causa
1303 1349 1394 1428 fidei
1422 1379 1573 1458 puram,
1599 1379 1743 1430 meram
1761 1369 1809 1434 ‚et

372 1487 554 1594 integram
572 1486 697 1562 dicere
709 1481 916 1558 veritatem.

428 1620 680 1724 Interrogatus
696 1613 743 1691 de
760 1629 933 1717 tempore
955 1627 995 1688 et
1010 1609 1127 1689 modo
1150 1639 1217 1688 sue
1237 1613 1487 1720 recepcionis,
1510 1614 1602 1694 dixit
1622 1643 1690 1722 per
1705 1615 1809 1722 juru-

372 1767 543 1826 mentum
569 1775 680 1825 suum
703 1745 807 1852 quod
827 1759 989 1850 quatuor
1009 1742 1095 1818 anni
1116 1741 1174 1819 vel
1193 1742 1363 1852 quinque
1384 1762 1470 1825 sunt
1492 1744 1609 1853 elapsi
1633 1746 1692 1824 vel
1710 1747 1807 1825 circa

371 1880 477 1986 quod
497 1882 577 1986 ipse
600 1879 673 1955 tuit
693 1892 867 1982 receptus
892 1874 931 1950 in
954 1873 1055 1952 dicto
1076 1873 1209 1951 ordine
1230 1903 1299 1980 per
1320 1875 1465 1954 dictum
1486 1877 1668 1984 majorem
1691 1879 1808 1986 Magi-

371 2029 509 2100 strum,
539 2013 579 2087 in
613 2009 756 2088 civitate
788 2006 1014 2096 Nieoeiensi,
1044 2005 1284 2113 presentibus
1314 2005 1429 2086 fratre
1458 2007 1570 2087 Petro
1601 2008 1648 2088 de
1674 2009 1806 2088 Bouoii

372 2143 541 2249 ejusdem
563 2141 723 2229 ordinis,
748 2138 859 2216 fratre
884 2136 1067 2216 Gauirido
1098 2137 1271 2228 Picardo,
1302 2140 1403 2218 socio
1437 2139 1603 2247 magistri
1629 2141 1806 2247 predicti,

372 2291 409 2350 et
427 2274 602 2380 pluribus
627 2271 710 2348 aliis
735 2272 783 2348 de
810 2298 975 2377 quorum
1002 2268 1220 2348 nominibus
1240 2297 1318 2348 non
1341 2271 1485 2350 recolit.
1506 2272 1609 2350 Dixit
1633 2273 1750 2352 eciam
1770 2293 1809 2352 et

369 2433 437 2510 per
451 2406 707 2513 juramentum
724 2431 834 2482 suurn
858 2402 962 2510 quod
983 2417 1068 2507 post
1087 2401 1225 2480 multas
1243 2402 1514 2509 promissiones
1535 2403 1582 2481 de
1606 2403 1809 2484 observan-

370 2537 428 2613 dis
447 2537 593 2616 statutis
609 2552 647 2614 et
665 2533 817 2613 secretis
839 2532 929 2610 dicti
955 2533 1100 2610 ordinis
1119 2531 1167 2610 ab
1189 2559 1235 2610 eo
1255 2531 1383 2626 factas,
1406 2550 1443 2611 et
1461 2535 1639 2614 mantello
1661 2535 1733 2613 sibi
1759 2537 1807 2614 ad

354 2667 508 2745 collum
539 2667 681 2775 posito,
711 2665 831 2743 dictus
860 2665 1046 2770 recipiens
1078 2665 1242 2743 ostendit
1270 2664 1342 2742 sibi
1378 2693 1528 2744 crucem
1556 2667 1596 2744 in
1624 2696 1699 2774 qua
1728 2687 1807 2746 eret

368 2827 502 2907 ymago
528 2799 644 2876 Jbesu
664 2797 802 2876 Christi
830 2796 992 2904 depicta,
1021 2814 1059 2874 et
1079 2795 1126 2874 de
1146 2815 1324 2904 precepto
1352 2796 1443 2875 dicti
1469 2799 1686 2905 recipientis
1705 2801 1807 2906 spuit

368 2948 426 3008 ter
445 2958 555 3037 supra
569 2959 672 3008 eam.
686 2929 788 3008 Dixit
800 2947 927 3006 tamen
947 2957 1017 3036 per
1031 2931 1291 3037 juramentum
1306 2957 1418 3008 suum
1435 2930 1540 3038 quod
1560 2930 1682 3010 credit
1699 2933 1806 3038 quod

368 3063 533 3142 intencio
550 3062 639 3140 dicti
655 3060 869 3167 recipientis
884 3076 981 3138 esset
992 3059 1099 3168 quod
1112 3059 1186 3138 boc
1202 3058 1341 3139 iaceret
1356 3061 1396 3139 in
1412 3079 1634 3168 contemptu
1647 3061 1803 3155 Cbristi;

367 3213 493 3272 tamen
513 3219 591 3272 non
610 3193 831 3272 recordatur
845 3193 950 3299 quod
965 3193 1040 3270 boc
1054 3191 1127 3269 sibi
1143 3191 1278 3286 dixerit
1298 3211 1492 3284 oretenus,
1513 3210 1550 3272 et
1569 3195 1643 3272 boc
1661 3212 1807 3304 preter·

367 3325 484 3415 misit,
505 3343 546 3404 ut
562 3324 697 3414 credit,
715 3325 804 3432 quia
817 3342 969 3428 tempus
985 3342 1063 3401 eret
1081 3324 1306 3429 prandendi.

424 3459 674 3563 Interrogatus
702 3455 749 3532 de
776 3453 923 3542 osculo,
951 3454 1045 3532 dixit
1068 3481 1137 3561 per
1158 3455 1417 3562 juramentum
1439 3483 1554 3534 suum
1572 3457 1676 3563 quod
1699 3485 1806 3538 oscu-

366 3587 463 3666 latus
481 3589 555 3666 suit
575 3586 716 3664 dictum
735 3587 980 3693 recipientem
1001 3585 1245 3664 demandato
1265 3585 1384 3693 ipsius
1406 3587 1446 3664 in
1466 3585 1542 3665 sine
1567 3587 1674 3694 spine
1701 3588 1803 3667 dorsi

367 3723 463 3798 etin
491 3748 568 3798 ore.
595 3719 698 3797 Dixit
722 3719 839 3796 eciam
864 3747 933 3824 per
953 3718 1211 3825 juramentum
1232 3746 1344 3795 suum
1372 3717 1477 3824 quod
1500 3718 1603 3796 idem
1627 3718 1805 3826 Magister

365 3854 533 3960 precepit
557 3870 593 3928 et
619 3849 786 3926 inhibuit
812 3848 884 3927 sibi
910 3849 1017 3954 quod
1046 3848 1201 3926 omnino
1230 3847 1434 3926 abstineret
1459 3877 1485 3925 a>
1504 3847 1745 3941 nudieribus,
1766 3867 1805 3928 et

366 3984 471 4091 quod
489 4011 566 4061 non
588 3981 792 4089 denegaret
806 3977 981 4056 iratribus
997 3978 1086 4055 dicti
1112 3978 1256 4056 ordinis
1271 3978 1416 4084 aliquid
1434 3979 1539 4085 quod
1556 3978 1604 4057 ab
1625 4005 1671 4056 eo
1689 4007 1804 4086 super

365 4115 437 4193 hoc
472 4130 655 4220 peterent.
683 4110 790 4186 Unde
822 4109 914 4186 dixit
942 4135 1011 4214 per
1035 4108 1292 4215 juramentum
1322 4136 1434 4186 suum
1463 4110 1570 4217 quod
1601 4111 1799 4217 contingit,

366 4275 451 4324 cum
476 4245 638 4354 quadam
666 4259 775 4319 nocte
805 4241 922 4317 exiret
948 4239 995 4318 de
1021 4267 1166 4318 cernere
1192 4241 1282 4319 dicti
1307 4241 1473 4347 Magistri
1502 4239 1658 4348 quidam
1688 4240 1804 4320 trater

367 4379 455 4457 dicti
476 4377 620 4456 ordinis
639 4376 822 4481 Yspanus,
840 4372 905 4480 qui
930 4369 1132 4450 vocabatur
1143 4372 1324 4450 Martinus
1338 4371 1506 4466 Martini,
1530 4372 1673 4452 vocarit
1692 4399 1800 4464 oum,

367 4529 404 4588 et
420 4511 561 4590 abusus
576 4509 647 4586 suit
660 4534 705 4584 eo
721 4503 932 4596 camaliter3
951 4520 989 4581 et
1004 4505 1078 4581 boc
1096 4501 1260 4582 nonfuit
1279 4502 1351 4581 sibi
1371 4533 1484 4582 ausus
1498 4503 1704 4612 denegare,
1719 4532 1803 4612 pro·

364 4662 449 4752 pter
466 4658 685 4752 preceptum
700 4637 803 4746 quod
823 4635 893 4715 sibi
913 4635 1052 4714 fecerat
1070 4636 1192 4714 dictus
1211 4634 1400 4742 Magister.

422 4775 639 4883 Requisitus
659 4799 727 4880 per
740 4770 1000 4879 juramentum
1020 4797 1132 4846 suum
1152 4783 1283 4846 utrum
1296 4767 1347 4861 vi,
1370 4765 1429 4846 vel
1448 4783 1573 4859 metu,
1595 4785 1660 4846 aut
1674 4766 1801 4877 aliqua

366 4910 435 4986 alia
453 4909 499 4986 de
511 4935 637 4996 causa,
650 4903 847 4983 salsitatem
864 4901 1034 4990 dixisset,
1056 4917 1122 4981 aut
1135 4900 1310 4983 tacuisset
1329 4901 1521 4980 veritatem
1540 4901 1582 4979 in
1601 4929 1669 4980 stu
1683 4899 1802 5006 depo·
