4320 5898
706 501 904 593 eaocss
932 519 1026 591 nas
1054 519 1355 592 rennuens.
1697 519 1744 592 aa

317 683 516 761 adorarent
536 679 648 790 ydola
664 697 702 757 et
722 681 839 787 capita
856 678 1078 788 ydolorunr;
1096 706 1166 755 nec
1180 679 1286 786 quod
1300 679 1455 757 cordule
1472 697 1620 786 sumpte
1642 681 1745 758 unde

315 813 507 899 volebant,
533 809 674 920 quibus
701 811 748 888 de
775 807 952 888 mandato
980 808 1221 917 superiorum
1252 809 1500 917 cingebantur
1529 811 1568 886 in
1595 813 1743 918 signum

316 946 491 1024 castitatis
511 973 625 1052 super
639 943 807 1021 camisias
828 971 914 1021 cum
935 942 1077 1049 quibus
1092 941 1279 1049 jacebant,
1300 959 1500 1050 tangerent
1516 943 1635 1048 capita
1651 943 1744 1047 ydo-

315 1076 452 1154 lorum.
469 1077 579 1166 ltem,
598 1074 691 1152 dixit
715 1073 817 1180 quod
845 1101 995 1151 crucem
1015 1090 1180 1150 sanctam
1201 1073 1299 1151 ultra
1322 1101 1425 1150 mare
1445 1073 1577 1150 devote
1597 1101 1745 1149 venera-

314 1207 464 1296 bantur,
482 1223 521 1283 et
535 1206 574 1282 in
590 1205 653 1283 die
665 1203 821 1283 Veneris
835 1220 959 1281 sancta
975 1221 1189 1281 reverenter
1200 1233 1349 1280 crucem
1364 1203 1571 1281 adorabant
1586 1203 1741 1310 ubique.

315 1337 449 1415 Statim
475 1365 544 1445 pro
564 1336 741 1442 professis
765 1334 1014 1412 habebantur.
1036 1334 1279 1413 Clandestine
1304 1333 1596 1442 recipiebantur,
1626 1334 1741 1411 nullis

314 1468 554 1576 presentibus
573 1469 645 1545 nisi
666 1466 843 1544 fratribus
863 1466 1027 1554 ordinis,
1056 1495 1100 1543 ex
1117 1495 1195 1573 quo
1211 1467 1331 1544 credit
1345 1466 1452 1574 quod
1466 1496 1534 1573 per
1549 1467 1668 1543 malos
1684 1497 1742 1542 su-

313 1599 429 1706 spicio
441 1616 569 1677 contra
588 1597 764 1677 ordinem
780 1597 995 1674 haberetur.
1012 1597 1119 1688 ltem,
1138 1596 1231 1672 dixit
1243 1625 1282 1673 se
1294 1597 1446 1674 credere
1463 1597 1569 1703 quod
1586 1597 1741 1675 diversis

311 1730 437 1808 modis
453 1729 713 1837 reciperentur
728 1728 768 1804 in
783 1728 929 1822 ordine,
947 1727 1034 1835 quia
1051 1727 1089 1802 in
1104 1728 1322 1834 recepcione
1339 1744 1460 1806 suaet
1476 1727 1630 1805 illorum
1644 1755 1741 1836 quos

310 1859 404 1938 vidit
421 1861 551 1967 recipi,
567 1859 624 1937 vel
639 1875 737 1966 post,
753 1886 830 1936 non
845 1859 1045 1936 intervenit
1066 1857 1210 1966 aliquid
1226 1858 1401 1936 illicitum
1417 1857 1476 1934 vel
1493 1859 1738 1936 inhonestum

311 1991 417 2097 quod
432 1991 511 2098 ipse
523 1989 671 2068 sciverit
685 1988 743 2067 vel
756 1989 942 2066 audiverit
956 1989 1044 2077 dici,
1061 1989 1128 2066 sed
1145 1989 1265 2066 credit
1278 1988 1383 2095 quod
1397 1988 1436 2064 in
1452 1988 1738 2095 recepcionibus

310 2121 526 2228 aliquorum
549 2120 729 2212 aliorum,
748 2119 808 2196 vel
836 2137 939 2226 post,
971 2120 1242 2196 intervenirent
1265 2119 1390 2225 aliqua
1421 2118 1550 2197 illicita
1576 2119 1624 2196 de
1647 2148 1738 2197 con-

309 2252 423 2329 tentis
443 2253 483 2328 in
503 2251 681 2340 articulis,
698 2278 768 2357 pro
784 2278 831 2327 eo
847 2250 951 2358 quod
965 2277 1124 2360 magnus
1142 2251 1317 2357 Magister
1333 2265 1371 2325 et
1388 2248 1451 2326 alii
1467 2251 1540 2326 hoc
1556 2248 1738 2326 dicuntur

240 2396 244 2402 ’
310 2380 422 2461 fuisse
444 2382 616 2460 confessi.
638 2383 854 2490 Requisitus
875 2382 922 2459 de
943 2382 1081 2489 quibus
1112 2380 1251 2458 illicitis
1280 2380 1456 2458 credebat
1473 2381 1655 2486 predicta,
1677 2410 1737 2457 re-

310 2512 464 2617 spondit
481 2541 521 2590 se
542 2512 687 2590 nescire
706 2511 746 2588 in
767 2511 929 2619 speciali.
952 2512 1167 2619 Requisitus
1182 2512 1211 2587 si
1232 2511 1371 2588 sciebat
1382 2509 1524 2616 aliquid
1538 2510 1680 2587 malurn
1698 2511 1736 2587 in

311 2641 457 2731 ordine,
474 2642 670 2750 respondit
689 2643 795 2750 quod
808 2642 921 2720 nimis
941 2658 1049 2719 erant
1067 2642 1153 2719 elati
1170 2641 1281 2718 multi
1299 2642 1423 2728 exeis,
1440 2657 1478 2718 et
1492 2669 1561 2747 per
1574 2641 1735 2720 abusum

310 2771 520 2850 litterarum
540 2771 830 2878 apostolicarum
855 2772 1034 2880 vetabant
1054 2772 1205 2849 multos.
1229 2773 1340 2860 Item,
1359 2771 1452 2847 dixit
1471 2770 1575 2877 quod
1601 2772 1654 2847 eis
1678 2771 1736 2847 in-

304 2900 538 3008 jungebatur
556 2889 625 3007 per
645 2917 920 2979 sacramentum
940 2900 1047 3008 quod
1065 2928 1143 2977 non
1165 2898 1372 2978 revelarent
1395 2917 1534 2978 secreta
1554 2900 1735 3006 capitulo-

309 3060 407 3124 rum,
425 3033 473 3109 de
491 3032 608 3109 modo
625 3033 856 3140 recepcionis
877 3031 1026 3140 speciali
1047 3060 1124 3109 non
1145 3031 1270 3111 habita
1290 3033 1501 3119 mancione,
1525 3049 1562 3110 et
1578 3033 1684 3138 quod
1703 3034 1733 3110 si

309 3162 552 3248 revelassent,
574 3163 733 3272 graviter
745 3162 870 3269 puniti
891 3162 1067 3249 luissent,
1085 3163 1152 3240 sed
1173 3163 1290 3240 nescit
1307 3162 1479 3270 qualiter.
1496 3165 1578 3242 Non
1592 3163 1733 3241 audivit

308 3292 472 3370 inhiberi
498 3292 603 3400 quod
627 3320 705 3370 non
730 3293 1002 3370 confiterentur
1031 3294 1104 3370 nisi
1136 3293 1394 3371 sacerdotibus
1424 3295 1579 3372 ordinis.
1605 3295 1643 3372 Si
1666 3295 1732 3402 qui

309 3438 414 3497 erant
440 3422 571 3498 fratres
596 3423 755 3499 scientes
783 3449 929 3500 errores
953 3424 992 3499 in
1021 3423 1172 3512 ordine,
1198 3423 1352 3502 luerunt
1381 3423 1613 3532 negligentes
1644 3424 1732 3531 quia

310 3578 388 3628 non
405 3569 647 3629 correxerunt
662 3578 727 3629 eos
737 3580 807 3629 nec
822 3553 1144 3630 denunciaverunt
1158 3553 1334 3630 Ecclesie.
1351 3553 1585 3631 Elemosinas
1604 3573 1641 3631 et
1663 3557 1733 3632 ho-

306 3681 544 3786 spitalitatem
564 3682 658 3758 vidit
677 3683 943 3762 convenienter
963 3682 1045 3759 lieri
1068 3701 1107 3761 et
1125 3685 1261 3761 servari
1280 3685 1319 3760 in
1340 3684 1518 3763 domibus
1533 3685 1675 3761 ordinis
1691 3685 1730 3760 in

306 3810 446 3917 quibus
460 3812 599 3890 exstitit
617 3831 881 3905 commoratus,
896 3831 934 3892 et
945 3814 1086 3891 audivit
1105 3813 1272 3891 deffendi
1288 3843 1336 3890 ne
1350 3814 1478 3892 illicite
1494 3813 1732 3921 acquirerent

307 3941 443 4018 ordini.
465 3943 507 4019 ln
528 3970 661 4021 eorum
686 3943 859 4051 capitulis
883 3973 956 4051 que
985 3961 1070 4051 post
1088 3945 1335 4033 matutinum,
1357 3945 1508 4023 missam
1530 3961 1568 4021 et
1589 3971 1731 4020 sermo-

307 4098 406 4163 nem,
429 4071 525 4150 c'lam
545 4072 788 4166 tenebantur,
811 4073 898 4152 satis
917 4075 1149 4181 tempestive,
1172 4073 1286 4153 nullis
1305 4075 1544 4182 presentibus
1563 4074 1635 4152 nisi
1656 4073 1729 4150 fra-

305 4202 425 4279 tribus
440 4202 599 4293 ordinis,
622 4203 786 4281 excubiis
803 4231 881 4283 non
900 4205 1032 4312 positis
1052 4233 1120 4281 nec
1140 4203 1281 4281 familia
1298 4233 1375 4283 non
1393 4205 1577 4284 exclusae
1599 4206 1726 4293 domo,

303 4331 572 4438 providebatur
590 4333 695 4440 quod
715 4361 791 4411 non
812 4333 1007 4412 audiretur
1031 4335 1192 4412 exterius
1216 4335 1322 4442 quod
1346 4334 1504 4413 interius
1533 4335 1724 4444 agebatur.

304 4461 486 4540 ordinata
503 4491 572 4570 per
590 4463 810 4571 Magistrum
830 4493 916 4542 cum
938 4475 1326 4543 conventu'servasset
1341 4481 1444 4542 totus
1463 4465 1573 4556 ordo,
1598 4483 1726 4543 contra

304 4618 419 4698 quem
440 4621 541 4671 nunc
561 4594 715 4701 grandia
728 4594 909 4684 scandala,
928 4594 1090 4702 suspicio
1108 4611 1145 4671 et
1160 4593 1311 4672 infamia
1331 4612 1420 4672 sunt
1440 4613 1576 4674 exorta.
1600 4595 1639 4674 Si
1652 4595 1728 4673 illi-

304 4723 374 4799 cita
390 4741 565 4801 contenta
584 4724 623 4801 in
643 4724 809 4803 articulis
823 4723 967 4802 fiebant
985 4725 1024 4801 in
1042 4725 1186 4814 ordine,
1210 4725 1330 4802 credit
1346 4725 1451 4834 quod
1466 4745 1590 4804 essent
1609 4731 1727 4805 mani-

303 4853 396 4932 festa
410 4853 486 4934 illis
505 4857 571 4963 qui
588 4855 757 4934 sciebant
776 4873 814 4933 et
832 4854 1017 4934 faciebant
1038 4856 1217 4962 predicta.
1235 4857 1450 4963 Requisitus
1468 4856 1552 4950 ubi,
1574 4859 1724 4964 quando

1530 5015 1576 5058 tt,
