4210 5882
414 536 485 607 sn
803 515 998 608 rnocss
1024 533 1118 606 nns
1144 533 1442 607 murmuras.

468 677 719 780 Interrogatus
739 649 864 751 utrum
883 675 935 763 vi,
958 674 1015 751 vel
1037 691 1143 752 metu
1170 676 1325 751 carceris
1356 703 1423 752 seu
1452 690 1742 764 tormentorum,
1767 693 1831 752 aut

411 804 480 878 alia
501 803 547 879 de
568 831 691 894 cansa,
714 803 877 909 aliquam
898 804 1031 881 dixerit
1049 804 1246 881 falsitatem
1266 821 1331 882 aut
1349 804 1597 882 immiscuerit
1623 805 1663 880 in
1684 804 1830 910 deposi-

412 933 517 1008 cione
537 961 619 1020 sua,
642 931 733 1008 dixit
748 961 816 1037 per
829 933 1086 1039 juramentum
1106 962 1218 1010 suum
1231 934 1336 1039 quod
1351 962 1443 1024 non;
1466 935 1581 1012 immo
1596 934 1688 1010 dixit
1700 962 1829 1040 puram

412 1063 614 1140 veritatem.

468 1323 560 1398 Item
582 1321 694 1397 frater
716 1322 979 1428 Raymbaudus
999 1322 1045 1398 de
1067 1324 1188 1400 Ceron
1214 1323 1324 1400 miles
1346 1323 1433 1400 dicti
1456 1324 1614 1412 ordinis,
1637 1341 1830 1429 preceptor

412 1450 558 1554 Chipri,
582 1452 688 1527 etatis
708 1451 893 1557 sexaginta
914 1481 1114 1542 annorum,
1137 1471 1179 1528 ut
1199 1454 1305 1542 dixit,
1327 1453 1384 1530 vel
1400 1453 1512 1542 cirea,
1530 1455 1677 1561 juratus
1697 1455 1830 1532 eodem

412 1579 526 1655 modo
546 1579 647 1656 dese
669 1596 706 1655 et
731 1579 812 1654 aliis
835 1580 873 1656 in
897 1609 1005 1657 causa
1024 1581 1113 1658 fidei
1145 1581 1268 1659 dicere
1291 1583 1500 1671 veritatem,
1529 1601 1566 1660 et
1585 1585 1831 1692 interrogatus

413 1708 459 1784 de
482 1725 651 1814 tempore
678 1727 716 1785 et
740 1713 853 1785 modo
883 1739 948 1785 sue
977 1711 1222 1816 receptionis,
1254 1711 1346 1788 dixit
1362 1741 1430 1818 per
1443 1713 1700 1818 juramentum
1720 1741 1829 1790 suum

413 1837 515 1940 quod
529 1837 600 1913 tuit
612 1855 782 1943 receptus
800 1839 839 1912 in
856 1839 970 1916 domo
989 1841 1035 1916 de
1052 1841 1325 1918 Richerenches
1346 1842 1386 1916 in
1403 1842 1580 1918 comitatu
1595 1841 1641 1918 de
1658 1843 1828 1928 Venicio,

412 1967 653 2071 quadraginta
669 1983 745 2042 tres
759 1968 845 2042 anni
859 1986 970 2044 erunt
981 1970 1019 2042 in
1032 1969 1180 2045 instanti
1197 1969 1290 2046 sesto
1305 1971 1586 2058 Penthecostes,
1602 1998 1671 2075 per
1681 1971 1831 2048 fratrem

413 2094 632 2171 Rocelinum
652 2096 699 2171 de
724 2098 815 2172 Forz
831 2115 921 2172 tunc
940 2115 1198 2203 preceptorem
1215 2100 1422 2186 Provincie,
1445 2100 1604 2178 militem
1622 2099 1711 2177 dicti
1731 2099 1833 2178 ordi·

289 2263 294 2271 ·
412 2226 481 2300 nis.
504 2225 604 2300 Dixit
618 2225 732 2300 eciam
754 2255 821 2330 per
829 2225 1087 2329 juramentum
1109 2257 1219 2304 suum
1240 2230 1343 2334 quod
1363 2229 1536 2334 promisit
1557 2246 1828 2336 paupertatem,

413 2354 615 2430 castitatem
636 2371 673 2428 et
689 2353 950 2430 obedienciam
963 2383 1125 2445 servare,
1149 2375 1185 2432 et
1200 2375 1328 2433 tenere
1347 2385 1477 2434 omnes
1491 2359 1614 2437 bonos
1633 2387 1723 2436 usus
1738 2358 1831 2435 ordi-

413 2484 487 2570 nis,
516 2499 553 2558 et
575 2483 742 2595 laborare
762 2511 830 2587 pro
850 2511 958 2587 posse
991 2501 1028 2559 et
1047 2485 1177 2589 juvare
1210 2487 1400 2590 acquirere
1427 2517 1586 2592 regnum
1610 2488 1827 2576 Jerusalem,

412 2629 446 2686 et
468 2611 603 2688 multas
625 2611 712 2688 alias
732 2612 849 2690 bonas
868 2612 1134 2716 promissiones
1153 2614 1240 2690 dicti
1263 2615 1422 2704 ordinis;
1454 2633 1492 2691 et
1511 2617 1617 2723 quod
1638 2645 1829 2722 nunquam

412 2741 566 2818 sciverat
585 2741 727 2846 aliquid
745 2741 885 2816 malum
901 2741 960 2818 vel
979 2741 1222 2820 inhonestum
1238 2743 1276 2818 in
1293 2745 1511 2849 recepcione
1529 2746 1686 2822 fratrum
1705 2775 1775 2824 nec
1793 2749 1830 2824 in

415 2870 563 2958 ordine,
580 2899 649 2946 nec
662 2869 866 2960 audiverat,
883 2871 956 2947 hoc
971 2889 1122 2977 excepto
1139 2874 1246 2977 quod
1264 2872 1327 2950 die
1345 2903 1420 2980 qua
1434 2875 1506 2974 fuit
1524 2859 1711 2982 receptus,
1728 2893 1830 2954 ante-

414 3027 527 3102 quam
543 3001 771 3106 reciperetur
790 2999 848 3076 vel
868 3000 1097 3089 indueretur,
1115 3002 1269 3106 quidam
1284 3001 1397 3080 frater
1415 3003 1573 3091 ordinis,
1591 3005 1629 3080 in
1644 3005 1830 3110 presencia

414 3128 577 3234 episcopi
602 3129 649 3205 de
670 3128 890 3232 Carpentras
915 3128 1085 3205 avunculi
1109 3131 1182 3220 sui,
1206 3131 1370 3208 ostendit
1388 3131 1513 3208 eidem
1532 3131 1733 3238 quamdam
1751 3161 1831 3210 cru·

356 3327 361 3334 .
414 3286 512 3349 cem,
535 3275 573 3334 et
592 3258 683 3335 dixit
703 3257 827 3336 eidem
842 3291 851 3333 :
867 3295 879 3324 ι
894 3259 1009 3336 Vides
1026 3276 1069 3336 tn
1084 3260 1197 3336 istum
1218 3259 1452 3348 crucifixum3
1474 3262 1504 3338 si
1524 3279 1568 3338 tu
1585 3261 1639 3338 vis
1658 3262 1773 3367 recipi
1793 3263 1830 3340 in

414 3387 572 3464 «ordine
594 3389 681 3477 isto,
704 3404 850 3494 oportet
862 3390 967 3495 quod
983 3388 1145 3498 abneges
1157 3419 1264 3480 eum;
1282 3427 1294 3458 r
1309 3392 1376 3466 sed
1388 3389 1494 3468 aliud
1509 3419 1584 3468 non
1596 3389 1670 3468 fuit
1682 3390 1827 3470 sactum.
1956 3487 1959 3492 Α

412 3518 551 3593 Eadem
572 3535 699 3595 tamen
720 3518 799 3608 die,
815 3518 909 3596 circa
921 3520 1053 3597 horam
1067 3548 1221 3610 nonam,
1241 3521 1392 3598 accessit
1407 3519 1454 3597 ad
1466 3522 1695 3625 presenciam
1712 3521 1830 3600 fratris

411 3647 553 3724 Nicolai
579 3648 625 3724 de
650 3648 850 3726 Anessiaco
881 3651 1124 3728 commissarii
1156 3650 1243 3728 dicti
1274 3650 1519 3756 inquisitoris,
1546 3668 1584 3728 et
1611 3653 1829 3758 corrigendo

413 3775 554 3854 dictum
571 3808 696 3868 suum,
714 3780 807 3856 dixit
824 3808 893 3884 per
905 3783 1161 3888 juramentum
1181 3809 1294 3858 snum
1311 3781 1414 3887 quod
1434 3781 1497 3856 ille
1513 3780 1624 3858 frater
1639 3783 1722 3887 qui,
1738 3783 1830 3859 sicut
1852 3883 1855 3892 .

412 3905 498 3983 alias
526 3908 715 4014 depo'suit,
750 3909 874 3986 eidem
899 3911 1114 3987 ostenderat
1135 3911 1271 3988 dictam
1295 3939 1443 3988 crucem
1468 3940 1554 3987 cum
1575 3909 1697 4016 effigie
1717 3912 1829 3989 Jhesu

413 4035 550 4112 Christi
573 4035 753 4126 crucifixi,
776 4055 813 4113 et
827 4038 906 4142 ipse
922 4039 986 4143 qui
1002 4039 1179 4144 loquitur,
1199 4057 1283 4143 post
1295 4040 1410 4116 dictas
1426 4040 1711 4146 promissiones,
1734 4057 1772 4116 et
1786 4068 1828 4118 eo

414 4181 582 4270 recepto,
605 4182 642 4241 et
654 4167 869 4272 juramento
894 4168 940 4244 ab
961 4197 1006 4245 eo
1025 4169 1179 4275 prestito
1201 4169 1248 4246 de
1269 4169 1412 4247 statutis
1433 4186 1471 4245 et
1490 4170 1640 4247 secretis
1664 4171 1754 4248 dicti
1773 4201 1829 4248 or-

414 4292 512 4370 dinis
533 4293 786 4384 ohservandis,
808 4314 845 4375 et
864 4297 1039 4374 mantello
1053 4299 1100 4374 ad
1119 4298 1259 4375 collum
1278 4301 1416 4404 posito,
1434 4297 1540 4394 duxit
1555 4299 1602 4374 ad
1617 4317 1777 4404 partem,
1795 4317 1829 4375 et

413 4439 555 4500 secreto
574 4423 711 4501 dictam
731 4455 878 4504 crucem
902 4428 1026 4504 eidem
1041 4429 1220 4518 ostendit,
1238 4445 1275 4506 et
1293 4428 1458 4534 precepit
1471 4427 1542 4505 sibi
1556 4427 1660 4534 quod
1673 4427 1828 4534 abnega-

413 4569 471 4628 ret
485 4581 570 4630 eum
588 4556 695 4662 cnjus
712 4585 843 4662 ymago
863 4575 942 4634 erat
960 4559 998 4633 in
1019 4587 1128 4635 cruce
1144 4575 1412 4663 representatis,
1435 4559 1561 4636 dicens
1574 4558 1678 4663 quod
1691 4574 1770 4635 erat
1784 4559 1827 4634 de

413 4684 557 4760 statutis
578 4685 736 4775 ordinis;
760 4705 798 4762 et
813 4686 885 4763 hoc
904 4687 982 4793 ipse
996 4689 1060 4793 qui
1071 4688 1239 4794 loquitur
1253 4686 1340 4764 tecit
1352 4707 1410 4766 ter
1426 4716 1507 4776 ore,
1529 4687 1684 4764 sednon
1700 4686 1825 4772 corde,

413 4829 455 4888 ut
471 4811 573 4888 dixit.
594 4813 696 4890 Dixit
716 4816 833 4892 eciam
854 4845 921 4920 per
934 4816 1192 4922 juramentum
1217 4846 1327 4894 sunm
1346 4819 1451 4924 quod
1469 4816 1589 4893 dictus
1608 4815 1721 4892 frater
1740 4814 1828 4892 dixit
