4210 5882
700 529 897 622 enoots
923 548 1019 620 ons
1044 547 1343 649 remouens.
1663 545 1735 618 nos

313 692 390 769 suis
406 707 542 797 aparte
558 690 751 780 anteriori,
768 690 935 798 precepit
949 689 1018 766 sibi
1030 687 1134 796 quod
1147 689 1376 766 oscularetur
1387 715 1473 764 eum
1487 686 1527 764 in
1540 686 1735 776 umbilico,

263 835 266 842 '
314 840 351 900 et
366 823 439 900 hoc
455 822 533 927 ipse
547 820 646 900 fecit.
662 823 912 929 Interrogatus
927 839 1057 899 utrum
1067 821 1119 910 vi,
1133 821 1191 898 vel
1207 837 1311 896 metu
1323 819 1479 896 carceris
1495 835 1560 894 aut
1571 835 1737 896 tormen-

312 971 455 1044 torum,
470 951 651 1042 seualias,
675 954 713 1028 in
729 953 920 1059 premissis
932 952 1176 1028 immiscuerit
1192 968 1255 1028 aut
1275 950 1409 1028 dixerit
1423 947 1587 1056 aliquam
1604 947 1739 1026 salsita-
1837 961 1839 968 ’

313 1101 406 1173 tem,
420 1100 482 1160 aut
493 1083 715 1160 subticuerit
722 1085 932 1170 veritatem,
945 1082 1038 1158 dixit
1052 1109 1120 1187 per
1129 1082 1385 1188 juramentum
1401 1109 1511 1158 suum
1524 1080 1629 1187 quod
1644 1108 1736 1168 non,

314 1231 353 1291 et
373 1213 475 1321 quod
492 1241 625 1319 puram
645 1214 839 1291 veritatem
860 1214 952 1292 dixit
972 1229 1009 1290 et
1028 1240 1185 1288 meram.

371 1345 462 1420 Acta
482 1361 568 1420 sunt
588 1343 659 1420 bec
678 1345 716 1420 in
736 1344 844 1422 dictis
868 1343 1045 1420 domibus
1057 1341 1223 1449 Templi,
1240 1340 1478 1447 presentibus
1497 1342 1544 1419 ad
1562 1343 1740 1447 premissa

316 1475 414 1553 dicta
441 1475 584 1554 decima
609 1503 708 1552 nona
739 1475 801 1552 die
830 1474 1042 1552 novembris
1066 1490 1160 1561 acta,
1188 1472 1371 1578 religiosis
1396 1487 1434 1548 et
1461 1470 1629 1550 honestis
1653 1473 1740 1550 viris

313 1605 427 1682 fratre
462 1604 633 1684 Johanne
668 1605 715 1682 da
744 1605 930 1683 Dinancio
968 1621 1005 1681 et
1035 1603 1188 1680 Alberto
1221 1602 1527 1681 Catbalaunensis
1562 1603 1737 1692 diocesis,

316 1752 353 1812 et
379 1753 585 1814 conventus
603 1733 758 1814 fratrum
778 1736 1058 1814 Predicatomm
1078 1734 1357 1822 Parisiensium,
1375 1732 1531 1811 testibus
1551 1734 1687 1812 vocatis
1705 1752 1741 1810 et

315 1867 462 1974 rogatis.
488 1958 491 1964 ¹

372 2129 464 2204 Item
486 2154 602 2214 anno,
625 2125 830 2214 indicione,
846 2125 1077 2232 pontificatu,
1103 2153 1201 2204 anno
1221 2143 1257 2202 et
1278 2126 1338 2202 die
1358 2153 1403 2202 xx
1424 2124 1637 2214 novembris
1656 2154 1741 2232 pre·

318 2257 447 2348 dictis,
468 2258 508 2334 in
529 2257 617 2334 dicti
641 2257 784 2334 domini
806 2255 1054 2364 inquisitoris,
1079 2273 1248 2336 nostrum
1263 2254 1406 2346 Amisii,
1423 2253 1607 2345 Gaufridi,
1626 2255 1740 2333 Eveni

316 2406 354 2466 et
375 2387 502 2466 Jacobi
528 2389 760 2466 notariorum
786 2386 1045 2495 publicorum,
1073 2404 1111 2464 et
1133 2386 1285 2465 testium
1311 2385 1624 2493 subscriptorum,
1655 2417 1742 2493 per·

317 2517 493 2596 sonaliter
512 2519 752 2608 constitutus,
778 2518 927 2625 juratus
948 2537 985 2596 et
1013 2517 1217 2624 requisitus
1239 2544 1308 2622 per
1322 2512 1578 2624 juramentum
1606 2517 1741 2594 eodem

316 2649 432 2726 modo
444 2647 558 2724 frater
570 2648 742 2727 Nicolcus
756 2649 804 2726 de
817 2649 962 2736 Trecis,
982 2649 1090 2726 etatis
1104 2673 1236 2726 xxxvxxr
1255 2675 1440 2726 annorum
1452 2645 1510 2724 vel
1522 2647 1629 2738 circa,
1652 2649 1743 2726 dixit

316 2806 385 2884 per
408 2781 664 2886 juramentum
684 2807 796 2856 suum
823 2779 926 2886 quod
959 2779 1031 2856 suit
1058 2795 1229 2886 receptus
1258 2779 1297 2854 in
1330 2778 1444 2859 domo
1474 2780 1521 2856 de
1551 2779 1744 2857 Cheuruto

320 2909 479 2988 diocesis
502 2909 728 3000 Meldensis,
757 2938 823 3015 per
848 2907 999 2986 fratrem
1028 2908 1238 2988 Gerardum
1265 2910 1312 2986 de
1332 2909 1484 2999 Villers,
1509 2926 1599 2986 tunc
1620 2908 1745 3016 jacen-

317 3056 395 3118 tem
422 3059 460 3118 et
490 3040 706 3118 infirmitate
736 3040 931 3119 detentum
954 3041 993 3117 in
1013 3039 1129 3132 lecto,
1150 3067 1184 3116 vx
1200 3041 1288 3118 anni
1308 3041 1366 3118 vel
1391 3041 1488 3118 circa
1508 3059 1592 3118 sunt
1610 3041 1742 3151 elapsi,

317 3172 557 3275 presentibus
587 3170 697 3247 fratre
723 3169 922 3276 Radulpho
948 3170 995 3246 de
1018 3170 1184 3260 Gisiaco,
1217 3188 1254 3248 et
1276 3169 1388 3249 fratre
1411 3171 1615 3250 Guillelmo
1633 3171 1744 3250 fratre

317 3302 500 3378 serviente
529 3301 619 3378 dicti
645 3299 769 3378 fratris
792 3298 961 3378 Gerardi.
995 3301 1097 3378 Dixit
1127 3301 1243 3377 eciam
1267 3327 1335 3407 per
1353 3276 1612 3408 juramentum
1635 3332 1743 3380 suum

318 3432 439 3537 quod,
460 3449 545 3538 post
558 3430 695 3508 multas
713 3431 979 3536 promissiones
995 3431 1042 3506 de
1063 3430 1209 3508 statutis
1229 3447 1267 3508 et
1284 3432 1436 3510 secretis
1456 3431 1598 3510 ordinis
1617 3435 1746 3510 obser-

319 3561 449 3638 vandis
468 3562 516 3638 ab
537 3589 582 3638 eo
602 3559 731 3650 iactas,
757 3577 795 3637 et
813 3560 992 3639 mantello
1013 3559 1082 3638 sibi
1104 3559 1152 3636 ad
1172 3561 1311 3638 collum
1329 3562 1470 3669 posito,
1494 3562 1615 3642 dictus
1634 3562 1747 3640 srater

320 3693 480 3770 serviens
494 3692 581 3768 dicti
603 3692 724 3768 fratris
736 3691 910 3780 Gerardi,
928 3667 1021 3768 dixit
1039 3692 1111 3770 sibi
1132 3691 1236 3798 quod
1251 3692 1448 3797 oportebat
1468 3694 1573 3799 quod
1588 3693 1746 3803 abnega-

320 3840 379 3900 ret
396 3824 535 3912 Deum,
558 3840 595 3900 et
618 3822 691 3902 hoc
715 3823 856 3900 diceret
889 3824 937 3901 de
964 3851 1040 3902 ore.
1065 3824 1112 3902 Et
1136 3823 1214 3930 ipse
1240 3824 1306 3930 qui
1332 3823 1503 3930 loquitur
1532 3825 1624 3902 dixit
1641 3826 1745 3933 quod

320 3951 422 4028 nullo
448 3954 563 4030 modo
591 3952 744 4044 laceret3
773 3970 899 4030 tamen
927 3952 1090 4030 finaliter
1120 3951 1314 4061 abnegavit
1333 3983 1418 4044 ore,
1449 3973 1486 4032 et
1509 3984 1586 4033 non
1617 3958 1742 4035 corde.

319 4083 422 4161 Dixit
446 4085 564 4162 eciam
583 4083 688 4191 quod
710 4101 838 4190 postea
863 4086 1042 4191 aportavit
1064 4085 1136 4163 sibi
1161 4085 1360 4192 quamdam
1387 4115 1534 4164 crucem
1557 4088 1604 4164 de
1624 4091 1745 4166 cruci-

321 4214 392 4292 bus
415 4243 489 4322 que
513 4216 633 4292 solent
659 4243 738 4294 esse
767 4216 805 4292 in
829 4215 1010 4304 ecclesiis,
1039 4234 1076 4294 et
1098 4217 1265 4322 precepit
1293 4218 1365 4296 sibi
1383 4217 1492 4325 quod
1510 4237 1663 4326 spueret
1682 4250 1745 4298 su-

321 4374 387 4451 pra
402 4374 502 4438 eam;
523 4363 560 4422 et
579 4346 652 4422 hoc
667 4347 746 4452 ipse
760 4345 880 4424 lacere
900 4347 1120 4454 aliquandiu
1137 4341 1337 4439 recusavit,
1362 4350 1491 4428 dicens
1511 4352 1615 4457 quod
1639 4351 1744 4432 nullo

322 4477 437 4554 modo
461 4492 632 4582 spueret;
658 4493 784 4554 tamen
806 4475 967 4556 finaliter
991 4477 1095 4555 finxit
1121 4506 1160 4556 se
1188 4507 1323 4584 spuere
1344 4508 1455 4586 supra
1479 4509 1646 4572 crucem,
1679 4483 1745 4560 sed

323 4633 397 4684 non
417 4608 534 4713 spuit,
556 4608 672 4684 immo
691 4608 790 4714 spuit
804 4608 852 4685 ad
866 4626 1016 4686 terram.

380 4739 592 4843 Requisitus
603 4755 730 4816 utrum
748 4739 891 4846 aliquos
908 4739 1040 4819 fratres
1051 4742 1186 4819 viderit
1201 4742 1332 4849 recipi,
1347 4742 1439 4822 dixit
1449 4745 1553 4852 quod
1569 4746 1620 4822 sic
1635 4746 1742 4836 duos,

324 4885 362 4946 et
380 4888 466 4947 sunt
486 4870 624 4977 recepti
644 4897 713 4977 per
739 4871 847 4950 illum
867 4873 1023 4952 modum
1047 4901 1115 4980 per
1144 4873 1296 4952 fratrem
1323 4875 1561 4983 Radulphum
1586 4877 1634 4954 de
1664 4877 1745 4956 Gisi
