4242 5890
728 533 924 624 raeces
952 550 1048 623 nus
1074 551 1377 656 remetiens.
1684 555 1757 626 aas

330 725 446 802 regno
460 694 630 781 Francis,
647 691 864 770 auctoritate
880 692 1080 798 apostolica
1093 693 1259 800 deputati
1271 694 1310 772 in
1326 693 1439 772 domo
1455 691 1593 772 milicie
1610 695 1759 800 Templi

330 826 491 912 Parisios
510 854 579 932 pro
600 823 827 932 inquirendo
844 841 971 902 contra
991 825 1169 932 quasdam
1188 853 1363 932 personas
1381 824 1524 904 ibidem
1542 825 1756 916 existentes,

331 961 455 1039 eidem
481 958 619 1037 delatas
648 983 760 1062 super
787 955 888 1033 dicto
917 957 1072 1033 crimine
1096 931 1301 1046 existentis,
1329 973 1498 1034 nostrum
1518 955 1757 1061 publicorum

329 1092 559 1169 notariorum
579 1105 616 1165 et
635 1087 955 1192 infrascriptorum
973 1089 1125 1166 testium
1148 1091 1338 1194 presencia
1359 1087 1605 1194 personaliter
1627 1091 1758 1166 eonsti-

235 1327 237 1332 ,
329 1240 432 1300 tutus
448 1220 563 1300 frater
581 1221 712 1297 Petrus
732 1217 780 1296 de
799 1219 1016 1308 Tortavillu‚
1040 1219 1152 1298 Irater
1166 1221 1330 1298 serviens
1347 1220 1434 1297 dicti
1454 1219 1599 1298 ordinis
1619 1219 1757 1299 milicie

329 1353 499 1460 Templi,
527 1352 632 1429 etatis
651 1351 924 1458 quinquaginta
941 1379 1126 1430 annorum
1145 1350 1202 1429 vel
1229 1352 1341 1439 circa,
1362 1371 1406 1428 nt
1430 1350 1591 1440 dicebat,
1608 1353 1757 1459 juratus

327 1488 375 1564 ad
392 1501 513 1563 sancta
532 1484 603 1562 Dei
624 1481 836 1590 Evangelia,
863 1482 987 1560 eidem
1005 1481 1193 1590 preposita
1214 1501 1250 1558 et
1269 1483 1315 1560 ab
1336 1483 1416 1588 ipso
1437 1498 1546 1571 tacta,
1569 1482 1696 1560 dicere
1717 1485 1755 1562 in

328 1645 436 1694 causa
456 1615 564 1702 fidei,
597 1631 673 1691 tam
693 1613 740 1689 de
760 1640 799 1690 se
820 1640 932 1718 quem
955 1612 1002 1690 de
1027 1612 1125 1702 aliis,
1152 1611 1315 1719 plenam,
1345 1640 1477 1718 puram
1507 1630 1546 1688 et
1571 1613 1755 1720 integram

326 1749 530 1825 veritatem.
547 1746 594 1822 Et
613 1744 863 1851 interrogatus
878 1744 927 1820 de
945 1760 1117 1849 tempore
1136 1761 1174 1820 et
1191 1743 1307 1822 modo
1324 1743 1553 1848 recepoionis
1569 1773 1651 1833 sue,
1665 1745 1757 1822 dixit

325 1908 393 1985 per
396 1880 654 1985 juramentum
666 1903 777 1954 suum
792 1875 896 1982 quod
911 1877 1038 1982 viginti
1054 1905 1117 1955 sex
1132 1877 1218 1954 enni
1236 1891 1325 1953 sunt
1339 1877 1451 1982 elapsi
1465 1876 1570 1984 quod
1586 1895 1755 1982 receptus

325 2010 397 2088 fnit
417 2013 456 2087 in
471 2011 586 2117 domo
607 2009 654 2086 de
674 2007 831 2084 Furchis
851 2009 1077 2086 Senonensis
1098 2009 1274 2096 diocesis,
1293 2035 1362 2113 per
1378 2008 1528 2084 fratrem
1545 2007 1754 2087 Iohannem

326 2142 373 2219 de
394 2145 524 2220 Turno
544 2140 780 2227 defunctum,
804 2155 895 2216 tunc
913 2139 1189 2218 thesaurarium
1206 2140 1353 2245 Templi
1375 2140 1550 2230 Parisios,
1575 2143 1756 2245 presenti·

324 2272 397 2350 hus
414 2270 526 2349 fratre
546 2273 657 2352 Petro
679 2269 780 2347 dicto
805 2269 852 2346 de
878 2269 1077 2348 Cormeliis
1103 2268 1232 2348 valde
1259 2271 1408 2357 Turno,
1436 2299 1511 2348 non
1536 2272 1754 2348 recordatur

323 2403 421 2481 bene
441 2403 489 2481 de
509 2431 602 2510 quo,
626 2400 904 2508 atquibusdam
925 2400 1006 2480 aliis
1025 2401 1073 2478 de
1093 2373 1254 2508 quorum
1276 2401 1494 2479 nominibus
1514 2430 1590 2478 non
1610 2402 1751 2478 recolit.

323 2537 576 2640 Interrogatus
596 2533 644 2610 de
664 2531 780 2611 modo
802 2532 1033 2638 recepcionis
1057 2561 1140 2625 sue,
1170 2532 1263 2608 dixit
1280 2560 1349 2639 per
1366 2532 1621 2638 juramentum
1642 2561 1752 2610 suum

323 2663 427 2772 qnod
447 2665 568 2772 primo
585 2665 756 2742 fecerunt
775 2692 862 2741 eum
873 2663 1093 2770 promittere
1114 2664 1250 2743 multas
1270 2665 1523 2742 observancias
1543 2664 1631 2740 dicti
1654 2665 1754 2742 ordi·

323 2797 397 2885 nis,
421 2815 458 2874 et
474 2797 602 2903 jurare
620 2823 764 2873 servare
784 2812 919 2872 statuta
948 2795 1111 2886 ordinis;
1134 2812 1186 2882 et,
1214 2797 1287 2874 hoc
1317 2795 1429 2886 Iacto,
1463 2795 1647 2900 recipiens
1666 2795 1753 2872 lecit

323 2927 448 3004 eidem
463 2926 573 3004 indui
584 2924 806 3004 mantellum
823 2925 977 3008 ordinis.
992 2926 1078 3020 Quo
1094 2925 1209 3014 lacto,
1226 2926 1328 3003 idem
1345 2926 1530 3033 recipiens
1545 2926 1651 3002 duxit
1662 2953 1751 3003 eum

323 3058 370 3134 ad
381 3057 585 3164 quemdam
605 3056 732 3134 locum
747 3056 861 3132 alium
877 3074 914 3132 et
924 3073 1129 3144 secretum,
1148 3075 1200 3148 ct,
1212 3073 1359 3134 ostensa
1377 3056 1668 3134 eidemcrucein
1679 3087 1752 3163 qna

324 3207 402 3266 erat
427 3188 573 3294 depicta
596 3215 729 3294 ymago
749 3185 866 3264 Jhesu
892 3187 1051 3276 Christi,
1082 3189 1249 3294 precepit
1274 3189 1398 3266 eidem
1423 3189 1528 3296 quod
1553 3189 1751 3292 abnegaret

321 3349 410 3425 euni
425 3320 530 3426 cnjus
545 3334 624 3394 erat
641 3345 792 3424 ymago,
810 3333 845 3393 et
860 3333 1011 3422 spueret
1025 3345 1136 3424 supra
1150 3347 1308 3395 crucem.
1322 3321 1445 3412 Quam
1460 3318 1750 3424 abnegacionem

321 3469 360 3527 et
381 3450 613 3555 spuicionem
631 3445 720 3524 lecit
739 3464 796 3524 ter
820 3447 1064 3553 deprecepto
1085 3474 1173 3538 sue,
1200 3449 1328 3526 dicans
1354 3450 1467 3526 otiam
1492 3449 1557 3556 qui
1580 3450 1750 3556 loquitur

320 3580 444 3687 quod,
465 3579 514 3656 de
534 3594 710 3683 precepto
730 3578 848 3683 ipsius
865 3578 1083 3683 recipientis
1097 3579 1283 3656 osculatus
1302 3579 1374 3656 fuit
1394 3608 1480 3656 eum
1496 3580 1534 3656 in
1551 3581 1626 3656 fine
1643 3581 1747 3684 spine

319 3711 437 3800 dorsi,
458 3727 588 3815 postea
605 3708 643 3785 in
665 3707 862 3797 umbilico,
885 3726 923 3785 et
939 3709 1052 3788 tertio
1071 3709 1110 3785 in
1130 3736 1208 3786 ore.
1227 3708 1331 3786 Dixit
1344 3709 1462 3786 eciam
1477 3737 1545 3817 per
1553 3710 1748 3815 juramen-

319 3860 400 3918 tum
420 3869 531 3918 suum
555 3838 658 3946 quod
691 3857 777 3945 post
802 3839 872 3916 hec
890 3839 996 3918 idem
1015 3838 1198 3945 recipiens
1219 3839 1310 3916 dixit
1334 3840 1459 3918 eidem
1478 3841 1580 3946 quod
1604 3859 1748 3945 poterat

319 4001 358 4050 se
369 3973 612 4050 commiscere
626 3969 819 4048 carnaliter
829 3999 917 4047 cum
929 3969 1012 4048 aliis
1027 3969 1216 4058 fratribus,
1237 3988 1274 4046 et
1291 3970 1354 4046 alii
1370 3999 1455 4048 cum
1474 3999 1537 4056 eo,
1550 3972 1580 4048 si
1596 3971 1743 4053 vellent.

318 4104 420 4182 Dixit
437 4121 563 4182 tamen
581 4130 649 4210 per
661 4103 918 4209 juramentum
935 4129 1048 4180 suum
1066 4101 1170 4208 quod
1186 4130 1378 4208 nunquam
1398 4101 1498 4180 fecit.

373 4239 625 4341 Interrogatus
651 4232 682 4308 si
708 4260 903 4338 nunquam
923 4234 1016 4310 vidit
1040 4232 1185 4339 aliquos
1204 4232 1335 4310 fratres
1360 4234 1475 4339 recipi
1501 4235 1538 4311 in
1561 4235 1662 4313 dicto
1683 4265 1745 4312 or-

318 4366 421 4454 dine,
443 4364 535 4442 dixit
553 4391 631 4470 per.
635 4365 891 4471 juramentum
911 4389 1021 4442 suum
1037 4364 1142 4468 quod
1155 4365 1208 4442 sie
1226 4364 1354 4470 plures
1370 4365 1543 4444 Parisios.

371 4497 629 4601 Interrogatus·
641 4512 771 4572 utrum
784 4521 852 4600 per
866 4495 979 4570 istum
999 4494 1157 4579 modum
1171 4495 1441 4600 reciperentur,
1458 4497 1550 4574 dixit
1563 4525 1632 4602 per
1641 4499 1744 4605 jura-

316 4643 486 4705 mentum
503 4651 613 4706 suum
633 4625 738 4733 quod
759 4625 824 4704 sic.
1562 4627 1567 4642 '

371 4761 619 4864 Interrogatus
639 4757 831 4863 quomodo
852 4757 938 4844 scit,
959 4756 1172 4862 dicitquod
1193 4756 1299 4836 vidit.

371 4891 622 4993 Interrogatus
641 4893 774 4966 utrum¹
794 4887 926 4966 viderit
946 4887 1139 4994 quoddam
1159 4890 1279 4992 capud
1299 4892 1401 4995 qnod
1420 4891 1607 4976 adoratur,
1629 4908 1671 4966 ut
1689 4888 1742 4964 di-

1498 5044 1549 5108 36.
