4208 5886
691 531 891 626 rnocns
921 551 1016 624 nus
1047 514 1388 626 ‘ricrvnumns⁸
1640 557 1715 627 aar

295 691 403 794 aione
423 721 490 774 sua
507 694 612 801 quod
626 694 859 772 conculcaret
878 721 1043 784 crucem,
1061 693 1130 772 sed
1147 695 1226 800 ipse
1241 723 1326 770 eam
1344 691 1467 772 noluit
1485 693 1715 773 conculcare.

295 823 409 913 Item,
427 825 521 902 dixit
541 825 646 931 quod
664 825 744 931 ipsa
764 825 862 904 hene
884 825 1062 904 credebat
1083 824 1340 906 ecclesiasticis
1363 825 1617 919 sacramentis,
1638 855 1719 902 ore-

296 954 390 1031 dens
403 956 510 1062 quod
524 955 587 1032 alii
602 954 734 1034 fratres
748 955 893 1034 ordinis
903 954 1038 1034 eodem
1056 955 1171 1035 modo
1183 955 1396 1041 crederent,
1413 971 1450 1030 ct
1465 954 1568 1062 quod
1585 983 1717 1034 eorum

295 1085 507 1162 sacerdotes
528 1085 654 1162 debite
675 1085 918 1163 celebrarent.
944 1085 1127 1162 Jurabant
1148 1087 1321 1165 ordinem
1350 1113 1427 1164 non
1449 1085 1566 1172 exirm
1594 1087 1718 1164 statim

295 1242 364 1319 pro
388 1215 564 1320 professis
586 1214 833 1295 habebamur.
856 1212 1098 1292 Clandeatine
1119 1213 1408 1319 recipiebantur,
1428 1213 1543 1292 nullis
1566 1243 1720 1320 presan-

295 1345 397 1422 tibus
417 1345 488 1421 nisi
506 1343 682 1424 fratribus
700 1344 859 1429 ordinis,
882 1373 924 1422 cs
939 1373 1016 1448 quo
1032 1343 1153 1422 credit
1171 1344 1277 1450 quod
1297 1360 1394 1424 esset
1408 1345 1569 1452 suspicio
1591 1363 1721 1424 contra

297 1472 575 1552 concordatis
598 1472 700 1550 unde
727 1473 904 1554 volebant
924 1472 1123 1577 assumptis
1145 1471 1392 1578 cingebantur
1415 1501 1528 1576 super
1553 1475 1720 1552 camisias

297 1633 384 1680 oum
403 1603 543 1709 quibus
560 1602 747 1704 jacebant.
769 1601 900 1682 Credit
918 1602 1023 1706 quod
1042 1619 1257 1680 recusantes
1281 1600 1401 1680 lacere
1422 1601 1555 1679 illicita
1575 1604 1720 1680 conses-

296 1751 374 1812 sata
389 1761 458 1839 per
477 1759 583 1820 eum,
607 1731 665 1808 vel
683 1759 727 1808 ea
746 1749 810 1810 aut
824 1747 965 1808 secreta
982 1729 1245 1835 capituliotum
1264 1729 1486 1820 revelantes,
1508 1731 1548 1809 in
1559 1731 1624 1808 tali
1645 1763 1722 1812 car·

278 1889 381 1940 -cere
406 1862 517 1967 positi
540 1861 699 1940 fuissent
722 1861 761 1935 in
784 1886 861 1965 quo
884 1885 1018 1964 parum
1041 1858 1226 1936 vixissent.
1249 1861 1396 1936 Fratres
1415 1859 1559 1938 ordinis
1583 1863 1721 1965 quibus

296 1993 418 2068 credit
438 2007 528 2068 nota
548 1989 661 2066 luisse
680 1987 885 2067 ooalesceta
905 2015 972 2093 per
991 2015 1079 2064 eum
1093 1986 1249 2068 luerunt
1266 1987 1515 2095 negligentes,
1536 1992 1719 2096 quianon

296 2136 553 2205 correxerunt,
571 2146 640 2196 nec
657 2117 980 2195 denunciaverunt
1002 2115 1180 2198 Ecclesia.
1200 2117 1453 2195 Elemosinam
1472 2135 1510 2194 et
1528 2120 1723 2225 hospitali·

294 2269 411 2329 tatem
431 2251 525 2328 vidit
550 2246 815 2327 convenienter
841 2245 924 2322 lieri
945 2262 983 2322 et
1002 2245 1137 2322 servari
1167 2246 1206 2322 in
1229 2246 1326 2324 diota
1356 2245 1471 2324 domo
1497 2248 1536 2324 in
1554 2275 1628 2353 qua
1651 2249 1722 2327 fuit

296 2397 484 2486 receptus,
506 2378 574 2456 sed
595 2376 760 2455 nonfuit
778 2376 817 2451 in
833 2375 917 2454 aliis
935 2373 1114 2454 domibus
1129 2375 1283 2452 ordinis.
1305 2375 1588 2454 Delendehatur
1605 2379 1721 2456 eisne

165 2497 168 2505 ¹
297 2512 522 2591 interessent
551 2509 636 2586 loco
666 2508 705 2583 in
732 2533 810 2612 quo
837 2504 973 2612 aliquis
991 2505 1226 2588 Christianus
1249 2505 1541 2587 exheredaretur
1570 2507 1719 2614 injuste.

301 2639 483 2718 Ordinata
502 2663 570 2743 per
589 2635 809 2742 Magistrum
829 2662 915 2715 curn
937 2649 1126 2712 conventu
1140 2651 1319 2712 servasset
1337 2650 1441 2712 totus
1460 2637 1571 2727 ordo,
1593 2655 1721 2716 contra

300 2795 416 2876 quem
441 2795 542 2844 nunc
565 2781 719 2870 propter
742 2764 909 2870 predicta
936 2763 1091 2870 grandia
1118 2762 1308 2851 scandala,
1331 2765 1492 2869 suspicio
1513 2781 1551 2842 et
1568 2767 1722 2844 infamia

300 2915 389 2976 sunt
407 2913 553 2983 exorta3
581 2894 629 2971 ad
657 2893 762 2998 cujus
792 2893 935 2970 ordinis
960 2891 1233 2972 deffensionem
1261 2921 1299 2970 se
1324 2920 1402 2972 non
1421 2892 1625 2985 obtulerat,
1653 2924 1723 2976 neo

300 3027 423 3105 suerat
440 3026 668 3104 ultramare.
1008 3003 1010 3008 ¹

356 3157 574 3262 Requisitus
588 3155 619 3231 si
634 3155 686 3230 sic
695 3155 918 3258 deposuerat
928 3170 1262 3258 precc,.precepto,
1278 3153 1433 3241 timore,
1452 3183 1596 3246 amore,
1614 3156 1719 3246 odio,

301 3283 359 3360 vel
377 3279 576 3388 temporali
593 3280 755 3360 comodo
770 3279 900 3358 habito
915 3279 974 3358 vel
991 3279 1184 3371 habendo,
1201 3283 1399 3386 respondit
1416 3283 1522 3389 quod
1540 3313 1632 3374 non,
1654 3287 1723 3364 sed

299 3440 369 3518 pro
393 3412 545 3486 varitate
570 3408 750 3496 dicenda;
777 3409 836 3487 cui
863 3409 934 3488 fuit
957 3411 1170 3516 injunctum
1194 3411 1297 3516 quod
1323 3439 1405 3488 non·
1421 3413 1603 3492 revelaret
1627 3416 1722 3495 hanc

299 3569 405 3618 suam
425 3539 723 3645 deposicionem,
738 3565 936 3644 quousque
956 3539 1216 3620 attestacioaes
1227 3539 1368 3618 fuerint
1379 3541 1588 3644 publicata,
1611 3561 1649 3620 et
1665 3546 1723 3620 in-

300 3671 493 3778 telligebat
510 3671 698 3748 Latinum.

356 3935 486 4008 Frater
504 3929 715 4038 Raynaldus
734 3929 828 4010 Belli
848 3929 918 4009 Pili
934 3931 1118 4020 ,cervicata
1138 3931 1399 4014 cabilonensis
1424 3933 1597 4022 diocesis,
1618 3937 1723 4012 testis

302 4089 413 4166 supra
429 4063 590 4168 juratus,
617 4060 959 4166 quinquagenarius
978 4058 1037 4135 vel
1053 4059 1165 4149 circa,
1187 4061 1252 4165 qui
1272 4059 1481 4140 voluntarie
1501 4063 1722 4144 mantellum

305 4191 515 4278 dimiserat,
538 4207 575 4266 et
593 4190 674 4266 radi
690 4189 827 4268 lecerat
842 4189 913 4271 sibi
934 4188 1089 4269 barbam
1116 4189 1163 4266 de
1181 4189 1373 4269 voluntate
1395 4195 1626 4299 preceptoris
1645 4195 1722 4286 sui,

307 4317 378 4395 sub
395 4347 473 4426 quo
488 4319 706 4397 morabatur
723 4320 763 4395 in
784 4321 923 4396 ducatu
938 4319 1196 4428 Letharingie,
1217 4321 1256 4398 in
1273 4320 1388 4398 domo
1410 4322 1560 4428 Templi
1583 4323 1629 4400 de
1644 4322 1724 4402 Vil-

304 4446 494 4537 lencourt,
527 4467 611 4554 post
632 4450 847 4556 capcionem
870 4449 1032 4530 aliorum
1056 4447 1211 4528 fratrum
1239 4451 1278 4528 in
1302 4479 1421 4559 regno
1441 4453 1611 4544 Francia,
1638 4481 1724 4532 cum

304 4607 380 4684 quo
396 4580 571 4657 nundum
586 4580 806 4686 inquisitum
823 4579 944 4658 lucrat
955 4607 1024 4686 per
1039 4579 1203 4690 aliquem
1217 4580 1421 4685 prelatum,
1437 4600 1481 4662 ut
1492 4583 1601 4672 dixit,
1620 4584 1725 4668 lectis

305 4725 342 4783 et
369 4709 570 4816 diligenter
596 4711 772 4816 expositis
796 4710 868 4789 sibi
892 4710 1070 4790 onmibus
1089 4727 1128 4788 et
1145 4711 1302 4821 singulis
1323 4713 1504 4806 articulis,
1532 4713 1725 4819 respondit

294 4867 347 4916 ‚se
370 4840 530 4928 nescire,
552 4865 621 4916 nec
643 4838 813 4928 credere,
838 4869 910 4918 nec
936 4840 1119 4918 audivisse
1144 4840 1217 4920 dici
1238 4842 1286 4921 de
1303 4843 1490 4923 contentis
1512 4844 1552 4918 in
1575 4843 1629 4918 eis
1652 4841 1724 4921 nisi

1463 5027 1469 5035 .
1524 4980 1573 5044 34.
