4310 5906
385 513 458 612 aaa
771 516 969 608 esoces
997 535 1092 608 uns
1117 534 1419 608 restruere.

440 677 562 784 Super
586 675 669 754 aliis
694 704 782 753 vero
808 676 855 754 de
884 674 1020 783 quibus
1040 676 1244 782 precipitur
1273 675 1354 754 lieri
1385 673 1579 780 inquisitio
1606 673 1807 780 generalis,

382 827 494 915 prout
522 809 643 885 visum
676 807 746 884 luit
773 807 873 885 dicto
899 807 1054 883 domino
1080 807 1254 912 episcopo
1283 822 1320 884 et
1340 806 1517 912 predictis
1537 805 1617 882 aliis
1645 804 1810 884 dominis

381 939 568 1016 canonicis
587 955 626 1016 et
645 937 828 1044 religiosis
843 936 930 1015 viris
949 936 1225 1043 inquirentibus
1244 937 1384 1042 pariter
1398 965 1486 1014 oum
1508 936 1662 1024 eodem,
1683 936 1809 1041 requi-

382 1071 473 1148 situs
495 1068 587 1146 dixit
608 1095 646 1144 se
666 1067 784 1144 nichil
805 1065 967 1172 amplius
984 1068 1092 1144 scire.

439 1199 546 1277 Anno
563 1216 600 1277 et
620 1199 681 1275 die
695 1198 834 1305 quibus
845 1227 968 1307 supra.

439 1463 512 1540 Vll.
546 1463 676 1538 Frater
694 1461 933 1568 Raymundus
964 1461 1074 1565 Sapte
1100 1458 1311 1566 capellanus
1340 1461 1525 1566 presbiter
1550 1463 1803 1542 dictedomus

384 1595 499 1671 Mansi
518 1593 588 1671 Dei
615 1591 754 1668 milicie
773 1592 941 1696 Templi,
963 1591 1068 1668 testis
1082 1591 1228 1697 juratus
1246 1619 1360 1697 super
1384 1591 1562 1696 predictis
1581 1593 1745 1671 articulis
1770 1613 1809 1672 et

384 1751 514 1802 eorum
529 1722 699 1829 quolibet
716 1719 787 1798 sibi
809 1721 984 1827 expositis
1005 1721 1043 1796 in
1059 1719 1219 1826 vulgari,
1241 1737 1285 1798 ut
1304 1721 1517 1827 principalis
1533 1722 1581 1801 de
1601 1752 1640 1800 se
1662 1724 1753 1830 ipso,
1772 1741 1809 1800 et

382 1871 424 1932 ut
438 1854 545 1931 testis
560 1854 607 1930 de
625 1851 706 1929 aliis
722 1851 919 1958 diligenter
934 1868 971 1928 et
983 1851 1169 1956 sigillatim
1185 1852 1452 1960 interrogatus,
1470 1852 1706 1959 respondens
1716 1853 1809 1930 dixit

383 2013 494 2090 super
514 2011 665 2061 1-xx1x
684 1983 860 2060 articulos
881 1981 1081 2074 inclusive,
1103 1983 1250 2088 negavit
1266 1983 1367 2087 ipsos
1380 1984 1557 2062 articulos
1577 2001 1614 2061 et
1629 1985 1753 2062 omnia
1770 2001 1809 2061 et

383 2115 529 2222 singula
557 2129 729 2190 contenta
750 2113 788 2188 in
809 2114 884 2200 eis;
911 2112 1074 2192 adiciens
1093 2141 1131 2188 se
1150 2112 1302 2190 credere
1322 2115 1449 2192 omnia
1470 2132 1507 2191 et
1528 2115 1669 2221 singula
1688 2145 1807 2195 sacra-

385 2263 506 2322 menta
528 2261 653 2322 sancte
675 2244 746 2320 Dei
761 2243 943 2332 Ecclesia,
964 2242 1194 2349 designando
1214 2261 1250 2320 et
1274 2243 1523 2350 specificando
1547 2246 1735 2354 sigillatim
1757 2275 1809 2324 sa·
1875 2257 1880 2266 '

383 2393 570 2454 eramenta
582 2374 761 2480 predicta.
777 2375 879 2452 Dixit
893 2378 1009 2450 eciam
1020 2373 1124 2479 quod
1138 2373 1217 2480 ipse
1232 2392 1269 2450 ct
1283 2372 1344 2450 alii
1355 2373 1488 2454 iratres
1502 2403 1568 2452 sua
1581 2376 1808 2454 confitentur

382 2505 709 2612 peccatalratribus
717 2504 1088 2611 capellanisejusdem
1100 2503 1253 2592 ordinis,
1264 2533 1351 2582 cum
1361 2504 1511 2584 alterius
1519 2533 1651 2584 eorum
1659 2508 1808 2612 copiam

381 2655 536 2742 possunt
545 2635 702 2728 habere,
715 2634 896 2742 alioquin,
906 2635 944 2710 in
955 2663 1086 2712 eorum
1097 2634 1268 2724 deffectu,
1281 2633 1437 2712 licenter
1446 2654 1605 2741 possunt
1613 2637 1716 2714 adira
1727 2637 1809 2716 reli·

380 2769 527 2872 giosum
545 2766 721 2872 aliquem,
738 2783 802 2843 aut
821 2763 983 2842 finaliter
996 2765 1247 2870 presbiterum
1264 2765 1428 2871 aliquem
1445 2767 1648 2844 secularem
1667 2768 1808 2846 baben·

381 2895 905 3002 temlicenciamasuoprelato
914 2894 1092 2973 audiendi
1102 2895 1221 2974 aliena
1230 2912 1378 3001 peccata
1389 2897 1632 2976 etseluterem
1641 2899 1806 3004 peniten-

381 3029 475 3104 ciam
489 3029 708 3135 injungcndi
719 3027 907 3114 confessis,
919 3028 1036 3104 ethec
1048 3027 1227 3106 dixitesse
1239 3044 1373 3104 statuta
1385 3028 1528 3106 ordinis
1538 3030 1626 3106 dicti
1643 3030 1804 3136 Templi.

438 3157 494 3234 Ad
507 3185 743 3236 xxx—xxxin
759 3157 1125 3236 articulosinclusive
1142 3159 1340 3266 diligenter
1353 3175 1392 3236 et
1403 3159 1591 3266 sigillatim
1605 3161 1808 3266 interroga-

380 3305 457 3376 tus,
471 3288 665 3394 respondit
679 3305 717 3370 ct
731 3289 823 3365 dixit
835 3289 938 3393 quod
948 3306 1023 3366 tam
1036 3290 1220 3394 recipiens
1230 3317 1342 3395 quam
1354 3306 1526 3395 receptus
1537 3291 1736 3370 addictum
1754 3321 1807 3369 or·

382 3419 508 3496 dinem
524 3418 670 3524 Templi
689 3447 770 3496 sese
785 3419 942 3496 invicem
956 3418 1170 3496 osculantur
1182 3418 1220 3494 in
1230 3445 1295 3496 ore
1310 3435 1468 3495 tantum.
1481 3420 1638 3524 Reliqua
1648 3422 1689 3496 in
1699 3421 1806 3498 dictis

380 3549 543 3626 articulis
558 3567 732 3626 contenta
747 3567 785 3626 et
799 3547 942 3654 singula
954 3549 1117 3654 negavit,
1140 3564 1178 3624 et
1193 3547 1285 3624 dixit
1302 3576 1341 3626 se
1358 3575 1434 3623 non
1445 3547 1601 3631 credere
1613 3577 1694 3626 esse
1708 3579 1803 3629 vera.

437 3678 493 3756 Ad
509 3705 634 3761 muta
652 3697 690 3754 et
707 3705 852 3756 xxxvuu
873 3677 1257 3766 articulosinclusive,
1270 3677 1469 3782 diligenter
1485 3695 1522 3754 et
1538 3678 1726 3784 sigillatim
1748 3682 1806 3756 in·

380 3826 599 3916 terrogatus‚
617 3808 810 3914 respondit
828 3837 867 3884 se
887 3807 1028 3883 nescire
1049 3807 1193 3913 aliquid
1208 3807 1256 3884 de
1275 3806 1456 3884 contentis
1477 3807 1516 3884 in
1537 3808 1608 3894 eis,
1638 3835 1684 3884 eo
1704 3809 1805 3888 salvo

380 3939 484 4044 quod
498 3939 623 4044 januis
636 3937 771 4014 clausis
791 3937 863 4014 loci
885 3937 1016 4041 inquo
1036 3954 1207 4042 receptus
1227 3937 1299 4014 luit
1319 3939 1398 4042 ipse
1423 3938 1487 4043 qui
1514 3937 1699 4044 loquitur,
1721 3967 1806 4045 pre-

380 4068 548 4145 sentibus
565 4068 734 4174 ejusdem
747 4067 819 4144 loci
837 4066 1011 4144 iratribus
1024 4069 1090 4172 qui
1104 4083 1196 4144 tunc
1216 4083 1335 4156 erant,
1352 4067 1508 4146 exclusis
1527 4068 1722 4159 extraneis,
1735 4068 1807 4148 fuit

382 4199 459 4303 ipse
479 4213 668 4302 receptus,
691 4213 827 4303 etpost
846 4196 926 4302 ejus
941 4197 1201 4303 recepcionem
1223 4225 1301 4274 non
1323 4198 1424 4274 stetit
1444 4198 1516 4274 nisi
1535 4227 1603 4303 per
1617 4216 1703 4275 octo
1726 4199 1806 4276 dies

380 4329 417 4404 in
436 4326 572 4404 eodem
592 4326 688 4406 loco.
711 4327 788 4405 Sed
814 4343 941 4432 postea
967 4326 1038 4404 suit
1061 4327 1299 4406 transmissus
1318 4329 1366 4406 ad
1387 4329 1558 4406 mansum
1581 4327 1629 4404 de
1652 4327 1806 4434 Gar-riga

380 4457 523 4536 ordinis
555 4458 726 4566 ejusdem
761 4457 929 4564 Templi,
970 4459 1036 4536 ubi
1063 4459 1240 4536 continue
1273 4459 1393 4548 stetit,
1422 4458 1546 4536 donec
1576 4475 1704 4565 captus
1736 4459 1807 4536 suit

380 4589 562 4668 adductus
575 4589 623 4666 ad
645 4589 800 4668 domum
819 4589 938 4666 Menai
958 4589 1051 4679 Dei,
1071 4590 1220 4668 racione
1236 4590 1434 4666 cumbum
1455 4589 1577 4666 ordini
1592 4589 1806 4696 supradicto

382 4720 664 4826 impositorum,
682 4737 720 4796 et
739 4719 778 4795 in
794 4719 892 4796 dicta
909 4719 1025 4798 domo
1044 4719 1164 4798 Mansi
1184 4719 1255 4796 Dei
1275 4747 1362 4796 cum
1382 4719 1466 4798 aliis
1483 4717 1663 4798 iratribus
1684 4747 1806 4824 usque

381 4879 482 4929 nunc
500 4852 604 4929 stetit
617 4867 755 4954 captus.
