4210 5882
363 551 436 647 mo
522 587 527 598 -
752 529 1401 622 procusonsrnurxmns.

361 717 430 796 pro
446 690 663 796 recepcione
679 689 852 778 fratrum
870 704 908 764 ct
921 687 1024 764 idem
1044 685 1126 763 lieri
1147 685 1338 764 consuevit
1357 687 1395 761 in
1416 685 1514 763 dictu
1531 685 1649 764 domo
1670 689 1786 766 Mami

361 823 447 908 Dei,
468 821 785 926 quandocumque
803 819 903 924 ipsos
917 817 1047 894 fratres
1067 814 1188 893 facere
1205 817 1392 923 contingat
1410 815 1568 922 capitula
1583 846 1696 924 super
1710 819 1789 924 qui-

360 950 525 1028 buslibet
544 949 704 1038 actibus;
726 950 805 1055 ipse
825 967 967 1039 tamen,
989 964 1032 1024 ut
1052 947 1163 1034 dixit,
1183 974 1259 1023 non
1279 945 1370 1023 vidit
1389 944 1471 1024 fieri
1492 947 1697 1053 capitulum
1716 950 1787 1026 nisi

360 1081 399 1156 in
419 1079 572 1158 ecclesie
591 1080 727 1158 domus
747 1079 864 1157 blansi
884 1078 966 1154 Dei.

417 1213 666 1318 Interrogatus
689 1237 764 1316 qua
787 1210 880 1286 hora
902 1208 977 1284 diei
1003 1208 1077 1312 ipsi
1097 1207 1226 1284 frutres
1249 1225 1381 1285 tenent
1406 1225 1444 1284 et
1463 1207 1603 1286 faciunt
1626 1209 1788 1314 capitula
1816 1248 1822 1263 ·

359 1369 429 1445 pro
449 1340 672 1446 recipiendis
691 1340 884 1428 fratribus,
908 1338 1001 1416 dixit
1011 1339 1136 1445 quod,
1158 1338 1340 1415 celebrata
1355 1339 1459 1444 prius
1478 1338 1605 1428 missa,
1626 1354 1666 1416 et
1684 1340 1785 1417 invo-

360 1488 439 1547 cata
450 1472 610 1576 Spiritus
620 1469 870 1576 Sanctigrucia
885 1497 952 1575 per
965 1443 1197 1546 sacerdotem
1209 1469 1274 1574 qui
1287 1468 1438 1546 missam
1449 1468 1664 1560 celebravit,
1674 1469 1787 1546 frater

360 1601 572 1704 capellanus
585 1601 672 1678 dicti
693 1601 835 1678 ordinis
850 1599 960 1676 dicit:
973 1637 985 1666 «
999 1600 1109 1687 Veni,
1126 1599 1257 1676 Sancte
1270 1599 1448 1705 Spiritus,
1466 1637 1478 1668 ι
1495 1628 1581 1676 cum
1594 1577 1783 1688 oracione,

358 1733 453 1808 Deus
473 1736 534 1833 qui
554 1731 665 1808 cordo
679 1731 849 1834 fidelium,
884 1729 1033 1823 Quibus
1065 1729 1189 1819 dictis,
1218 1729 1308 1808 dicti
1326 1729 1458 1806 fratres
1482 1748 1674 1835 presentes
1693 1731 1786 1808 inibi

362 1878 398 1935 et
422 1860 594 1937 sedentes
616 1878 748 1937 tenent
771 1889 837 1937 sua
860 1860 1035 1966 capitula,
1056 1877 1095 1936 et
1114 1858 1256 1938 laciunt
1276 1860 1513 1966 recepciones
1538 1858 1695 1938 fratrum
1719 1862 1785 1967 qui

360 1990 566 2094 recipiendi
587 2009 698 2068 sunt:
721 2008 757 2067 et
778 1991 847 2068 hcc
863 1990 954 2067 vidit
973 1990 1106 2067 servari
1125 1991 1164 2066 in
1185 1991 1283 2067 dicta
1308 1989 1461 2067 ecclesia
1485 1991 1602 2072 Munsi
1628 1992 1699 2069 Dei
1720 1990 1785 2068 de-

360 2119 436 2194 cies
456 2136 491 2194 et
510 2120 665 2224 pluries.

415 2248 473 2323 Ad
493 2275 611 2326 xxxvu
632 2248 829 2324 articulum
849 2249 1097 2352 respondens,
1133 2248 1226 2324 dixit
1247 2277 1287 2325 se
1318 2249 1461 2326 nescire
1487 2277 1557 2355 pro
1593 2268 1696 2328 certo
1722 2249 1785 2325 ali-

360 2407 432 2482 qua
465 2377 512 2454 dc
543 2378 729 2454 contentis
758 2378 796 2452 in
823 2377 904 2482 ipso
934 2377 1105 2454 articulo
1136 2379 1388 2455 Dixit'tamen
1422 2407 1461 2456 sc
1495 2378 1648 2459 credere
1682 2380 1785 2486 quod

359 2525 489 2611 gentes
516 2537 590 2614 que
615 2507 866 2614 loquebantur
888 2535 1006 2614 quare
1034 2509 1083 2584 ita
1104 2523 1251 2586 ‘secrete
1276 2526 1316 2584 et
1342 2509 1474 2586 clausis
1494 2510 1621 2616 januis
1645 2510 1786 2588 fiebunt

358 2638 596 2744 recepciones
611 2637 765 2716 fratrum
786 2637 891 2744 quod
905 2634 1088 2716 haberent
1108 2640 1358 2745 suspicionem
1377 2659 1504 2717 contra
1520 2667 1601 2729 eos,
1624 2642 1692 2718 sed
1711 2669 1786 2718 non

354 2769 467 2870 juste.

415 2897 473 2974 Ad
494 2924 626 2975 xxxvru
646 2899 843 2975 articulum
864 2899 1114 3005 respondens,
1143 2901 1236 2978 dixit
1254 2919 1297 2978 ut
1318 2903 1609 3010 supraproxime.

417 3028 475 3103 Ad
493 3029 731 3105 xxxix-xlxix
751 3028 925 3108 articulos
944 3032 1101 3136 negavit.
1212 3086 1215 3094 ·

416 3157 474 3234 Ad
500 3159 592 3236 xlntt
616 3158 812 3236 articulum
837 3160 1086 3266 respondens,
1114 3161 1161 3237 de
1182 3190 1221 3238 se
1241 3162 1323 3266 ipso
1343 3162 1490 3270 negavit
1508 3162 1630 3266 ipsum
1652 3162 1787 3238 articu-

358 3287 437 3363 lum
455 3307 493 3364 et
507 3305 681 3366 contenta
697 3289 736 3364 in
749 3317 806 3365 eo,
825 3290 1017 3384 Quantum
1033 3307 1111 3367 erat
1125 3291 1172 3367 ud
1190 3291 1282 3370 alios
1299 3290 1446 3379 fratres,
1466 3290 1558 3374 dixit
1573 3319 1613 3368 se
1628 3292 1783 3380 nescire,

359 3418 436 3494 imo
458 3446 627 3524 expresse
648 3419 740 3494 dixit
761 3447 799 3495 se
822 3419 974 3497 credere
1002 3420 1149 3497 nullum
1174 3451 1217 3497 ex
1236 3421 1413 3500 fratribus
1436 3421 1524 3498 dicti
1545 3421 1690 3498 ordinis
1713 3422 1785 3500 hoc

359 3546 506 3636 fecisse,
529 3549 670 3624 cumin
690 3548 968 3626 committentes
981 3549 1079 3627 illud
1094 3568 1306 3656 peccatum,
1324 3569 1502 3657 tanquam
1517 3551 1557 3626 in
1574 3549 1674 3626 filios
1684 3550 1785 3626 diffi—

361 3675 503 3766 dentie,
527 3677 731 3755 descendat
751 3696 788 3754 et
807 3680 929 3757 veniat
947 3679 1001 3756 ira
1021 3681 1104 3758 Dei.

414 3807 472 3883 Ad
493 3807 552 3885 xlv
568 3808 1032 3915 articulumrespondens‚
1055 3830 1098 3888 ut
1118 3812 1157 3887 in
1178 3814 1348 3918 proximo
1369 3811 1540 3888 articulo.

415 3936 473 4012 Ad
493 3937 567 4015 xlvi
589 3939 790 4015 articulum
810 3941 1061 4045 respondens,
1086 3943 1233 4049 negarit
1249 3971 1337 4020 eum
1356 3957 1396 4020 et
1419 3942 1544 4017 omnia
1574 3957 1612 4016 et
1636 3941 1781 4047 singula

360 4084 531 4142 contenta
559 4068 598 4142 in
620 4097 683 4156 eo,
706 4068 834 4146 dicens
860 4070 976 4146 eciam
996 4099 1035 4147 se
1055 4099 1248 4179 nunquam
1270 4072 1453 4149 atxdivisse
1481 4071 1555 4147 dici
1586 4069 1711 4178 aliqua
1736 4071 1781 4146 de

361 4197 547 4273 contentis
561 4197 601 4272 in
617 4197 718 4275 dicto
738 4199 909 4276 articulo.

386 4323 389 4330 ’
417 4325 474 4402 Ad
493 4327 651 4404 xlvu--l
668 4325 847 4406 articulos
861 4331 1018 4436 negavit.
1812 4429 1819 4436 ,

414 4455 473 4532 Ad
490 4455 516 4533 l1
536 4458 732 4535 articulum
747 4460 995 4565 respondeus,
1017 4461 1109 4538 dixit
1125 4490 1164 4539 se
1179 4462 1226 4538 de
1241 4463 1347 4539 nullo
1364 4462 1518 4540 fratrum
1537 4461 1625 4538 dicti
1640 4459 1783 4537 ordinis

369 4645 375 4660 .
397 4645 404 4659 .
425 4613 465 4661 ,ο
490 4605 663 4664 contenta
683 4591 721 4663 in
741 4589 842 4665 dicto
867 4591 1026 4668 articulo
1047 4621 1214 4699 unquam
1234 4591 1377 4670 fecisse.

415 4717 473 4792 Ad
488 4717 648 4796 l11-lvu
668 4719 824 4826 negavit.

415 4845 471 4924 Ad
503 4848 581 4926 lvxu
607 4849 807 4926 articulum
833 4852 1083 4956 respondens,
1105 4853 1251 4960 negavit
1280 4871 1452 4931 contenta
1476 4854 1514 4930 in
1535 4881 1598 4941 eo,
1624 4869 1777 4957 excepto
