4210 5882
664 543 860 636 enocts
887 563 984 634 ons
1010 555 1320 636 teupernus
1630 564 1700 638 nr

276 707 471 816 gardiano‚
495 718 533 782 et
552 702 758 782 Guillelmo
787 704 966 782 Brundini
992 703 1136 781 ordinis
1154 701 1311 780 fratrum
1335 702 1523 781 Minorum
1545 731 1705 782 conven-

276 856 384 914 tuum
406 836 492 915 ville
511 835 722 941 Perpiniani
744 851 870 912 nostre
896 833 1068 912 Elnensis
1096 835 1273 924 diocesis,
1309 861 1421 940 super
1452 837 1637 912 contentis
1663 838 1718 912 in‘

277 967 385 1046 dictis
395 967 592 1074 papalibus
602 966 737 1043 litteris
752 983 790 1042 et
801 965 968 1042 articulis
983 964 1131 1042 insertis
1143 966 1180 1040 in
1192 966 1246 1042 eis
1256 965 1503 1072 perhibitum,
1517 965 1650 1042 dicturi
1664 985 1703 1042 et

276 1098 492 1206 responsuri
511 1125 653 1174 meram
667 1113 706 1174 et
718 1123 852 1203 puram
863 1123 977 1202 quam
993 1096 1166 1174 noverint
1178 1096 1385 1173 veritatem.
1398 1097 1456 1172 De
1471 1095 1568 1172 dicta
1585 1098 1702 1173 eciam

155 1305 160 1313 ,
278 1231 457 1308 citecione
470 1229 647 1306 canonice
658 1225 843 1316 facienda,
863 1255 952 1305 etun
964 1253 1112 1333 perros
1126 1225 1367 1316 sactafuerit,
1383 1225 1525 1304 faciatis
1539 1226 1622 1304 fieri
1638 1255 1704 1333 pu-

277 1359 419 1436 blicum
442 1359 745 1436 instrumentum.
767 1359 906 1436 Datum
926 1358 1026 1464 apud
1037 1374 1201 1434 castrum
1218 1356 1266 1435 de
1280 1357 1449 1448 Trulars,
1466 1383 1525 1434 xrx
1535 1357 1703 1433 kalendis

277 1487 471 1576 februarii,
492 1515 591 1566 anno
610 1488 762 1564 Domini
783 1487 987 1565 millesimo
1008 1501 1088 1564 occ⁰
1104 1513 1219 1564 nono.
1325 1477 1327 1482 ⁵

333 1749 390 1823 De
406 1776 479 1851 qua
492 1747 649 1852 quidem
664 1747 844 1824 eitacione
859 1745 953 1822 laeta
966 1773 1036 1852 per
1052 1746 1195 1822 dictum
1207 1743 1404 1822 officialem
1418 1743 1521 1821 idem
1537 1743 1704 1821 officialis

278 1877 366 1954 lecit
380 1875 464 1954 lieri
483 1877 678 1982 publicum
697 1878 991 1954 instrumentum
1010 1875 1082 1954 sub
1100 1893 1232 1962 tencre
1252 1877 1318 1983 qui
1339 1875 1525 1981 sequitur:

335 2008 513 2086 Noverint
526 2008 689 2085 universi
709 2007 814 2114 quod
827 2009 979 2085 veniens
991 2008 1174 2085 discretus
1188 2007 1243 2082 vir
1254 2005 1415 2084 lacobus
1430 2005 1613 2083 Martinus
1628 2007 1706 2084 offi-

279 2139 382 2220 cialis
402 2139 592 2228 Elnensis,
609 2141 657 2216 ad
675 2140 830 2216 domum
851 2139 970 2216 Mansi
985 2140 1055 2215 Dei
1077 2139 1218 2214 milicie
1232 2137 1382 2244 Templi
1400 2137 1560 2214 diocesis
1574 2138 1706 2214 Elnen-
1743 2201 1747 2208 .

279 2271 343 2358 sis,
366 2271 456 2347 etin
476 2270 609 2346 eadem
632 2270 746 2346 domo
768 2269 943 2360 existens,
965 2269 1086 2346 vocari
1106 2265 1194 2346 fecit
1209 2269 1256 2344 ad
1277 2297 1315 2343 se
1333 2294 1465 2344 omnes
1484 2285 1521 2344 et
1539 2268 1705 2374 singulos

184 2415 188 2422 '
277 2399 409 2477 fratres
425 2400 465 2474 in
480 2400 613 2477 eadem
626 2401 741 2477 domo
755 2415 895 2506 captos,
917 2416 954 2474 et
967 2399 1139 2478 detentos
1150 2401 1190 2475 in
1205 2398 1358 2477 ecclesia
1374 2425 1439 2475 seu
1452 2397 1595 2505 capella
1606 2401 1705 2504 ejus-

280 2531 367 2607 dem
384 2531 531 2606 domus.
553 2532 600 2606 Et
619 2530 728 2608 dictis
747 2529 924 2606 fratribus
943 2529 1037 2607 inibi
1050 2529 1300 2637 congregatis,
1316 2529 1418 2606 idem
1432 2529 1609 2606 dominus
1622 2529 1705 2606 offi-

280 2659 381 2736 cialis
401 2660 454 2775 eis
473 2660 545 2767 legi
566 2658 669 2748 lecit,
691 2689 759 2766 per
778 2689 839 2737 me
860 2661 1048 2738 notarium
1069 2659 1362 2767 infrascriptum,
1385 2660 1589 2766 qrtamdam
1612 2660 1706 2736 litte·

278 2817 357 2866 ram
371 2789 565 2868 reverendi
581 2791 621 2866 io
637 2792 793 2877 Christo
810 2791 925 2898 patris
939 2791 1087 2869 domini
1104 2792 1313 2898 Raymundi
1324 2789 1394 2867 Dei
1405 2789 1525 2898 gracia
1534 2789 1706 2870 Elnensis

280 2921 463 3026 episcopi,
486 2920 608 3029 sigillo
630 2921 800 3027 ejusdem
815 2923 856 2997 in
878 2921 992 2999 dorso
1012 2921 1230 3027 sigillatam,
1253 2923 1361 3028 cujus
1378 2920 1499 2996 forma
1520 2920 1603 2996 talis
1624 2938 1703 2997 est:

281 3049 551 3157 «Raymundus
582 3053 826 3129 miseracione
857 3053 981 3129 divina
1010 3051 1183 3130 Elnensis
1212 3053 1429 3158 episcopus,
1457 3069 1633 3128 executor
1660 3051 1707 3128 ad

279 3179 509 3288 infrascripta
523 3209 544 3258 e
557 3182 657 3259 Sede
677 3182 879 3289 apostolica
895 3183 1109 3289 deputatus,
1131 3182 1291 3260 discrete
1307 3183 1384 3258 viro
1402 3181 1539 3259 Jacobo
1556 3181 1705 3258 Martini

280 3310 427 3387 officiali
444 3329 574 3388 nostro
594 3313 745 3389 Elnensi
766 3312 923 3390 salutem
945 3315 984 3389 in
1002 3315 1168 3390 Domino
1184 3314 1470 3419 sempiternam,
1493 3329 1579 3401 etc,
1599 3327 1635 3387 ut
1649 3341 1707 3386 su-

277 3469 354 3543 pro.
372 3475 385 3507 ι
401 3441 630 3518 Auctoritate
646 3443 753 3549 majus
766 3442 888 3520 littere
905 3443 1008 3520 idem
1022 3441 1191 3520 officialis
1209 3442 1335 3518 citavit
1347 3458 1528 3518 omneset
1539 3441 1707 3548 singulos

280 3586 439 3646 astantes
454 3570 546 3646 inibi
565 3587 602 3647 et
615 3589 825 3678 presentes,
844 3573 940 3649 sicut
955 3590 993 3650 et
1006 3601 1120 3679 super
1134 3571 1209 3649 hiis
1224 3600 1299 3678 que
1311 3574 1351 3648 in
1365 3572 1461 3648 dicta
1479 3571 1602 3648 littera
1618 3600 1708 3646 con·
1758 3637 1766 3650 ,

280 3700 458 3776 tinentur.
474 3701 530 3778 De
546 3700 686 3807 quibus
697 3701 845 3809 [quidem
858 3702 1051 3810 citocalone
1068 3719 1105 3780 et
1122 3701 1301 3781 omnibus
1317 3701 1399 3780 aliis
1417 3719 1455 3778 et
1475 3700 1632 3808 singulis
1646 3731 1709 3777 su-

280 3831 473 3936 predictis,
491 3830 593 3910 idem
605 3831 774 3910 officialis
789 3833 978 3911 mandavit
988 3863 1056 3941 per
1066 3863 1127 3911 me
1137 3833 1325 3911 notarium
1338 3831 1614 3938 infrascriptum
1626 3830 1708 3908 fieri

281 3959 475 4063 publicum
496 3961 806 4054 instrumentum,
820 3964 928 4068 quod
948 3964 1022 4041 luit
1038 3963 1176 4042 lactum
1199 3962 1237 4040 in
1256 3963 1364 4040 dictis
1383 3961 1525 4069 capella
1536 3978 1577 4039 et
1592 3962 1708 4038 domo

281 4091 401 4166 Mansi
417 4091 504 4180 Dei,
521 4117 581 4168 xrx
597 4093 772 4170 kalendas
788 4092 983 4184 februarii,
999 4123 1097 4171 anno
1113 4095 1268 4172 Domini
1284 4084 1487 4172 millesimo
1499 4108 1707 4170 ccc⁰nono

282 4220 322 4294 ln
343 4217 570 4326 [presencioP]
601 4239 640 4298 et
662 4224 1084 4302 testimoniozlolrennis
1110 4225 1158 4302 de
1181 4224 1392 4316 Villeclare,
1410 4224 1625 4330 llaymundi
1647 4224 1710 4300 Sa-

282 4349 365 4424 vine
385 4365 423 4425 et
439 4351 651 4456 Raymundi
672 4354 800 4458 Troyn
821 4353 869 4429 de
889 4353 1128 4460 Perpinian0‚
1149 4371 1188 4430 et
1207 4355 1282 4430 mei
1301 4354 1401 4430 Petri
1422 4352 1608 4460 Gayraudi
1627 4351 1712 4460 [cle-

284 4477 384 4584 rici?]
405 4480 547 4564 ,notarii
572 4480 715 4587 publici
741 4483 831 4561 dicti
860 4484 1005 4560 domini
1037 4483 1222 4590 episcopi,
1245 4484 1311 4589 qni
1334 4483 1513 4590 predictis
1531 4484 1710 4562 omnibus

283 4609 453 4698 interlui,
469 4627 557 4688 etea
574 4614 702 4690 omnia
721 4614 868 4722 scripsi,
892 4631 929 4692 et
941 4612 1150 4693 informem
1167 4613 1355 4720 publicam
1377 4613 1524 4723 redegi,
1542 4631 1583 4690 et
1602 4615 1709 4721 signo

286 4736 370 4844 [meo
390 4741 574 4850 sipnooi?].
