4210 5882
703 543 899 638 proces
925 561 1022 634 nus
1046 561 1344 636 rnurumus.
1664 564 1737 636 seo

315 703 402 782 dem
422 702 535 782 salsus
553 704 755 810 propheta3
777 723 815 784 et
832 705 921 782 lecit
942 731 1030 782 eum
1054 702 1238 814 abnegans
1257 721 1317 782 ter
1336 703 1478 781 dictum
1496 704 1736 810 prophetem,

316 851 354 912 et
376 835 543 942 precepit
568 834 638 912 sibi
660 834 762 942 quod
776 851 927 941 spueret
953 861 1065 942 supra
1084 862 1247 912 crucem.
1277 832 1355 913 Sed
1379 833 1517 922 noluit,
1539 834 1617 911 imo
1640 835 1740 940 spuit

309 968 412 1074 juxta
432 995 530 1059 eam,
552 964 696 1073 fingens
714 966 819 1074 quod
835 993 945 1075 supro
960 993 1043 1043 eom
1058 983 1230 1071 spueret,
1254 981 1292 1042 et
1303 964 1396 1041 dixit
1410 962 1514 1072 quod
1527 964 1741 1072 abnegacio-

313 1125 401 1176 nem
420 1095 638 1205 hujusmodi
667 1096 756 1174 lecit
774 1125 856 1187 ore,
885 1114 923 1174 et
941 1124 1017 1174 non
1038 1095 1164 1174 corde.
1185 1095 1401 1203 chnisitus
1416 1094 1464 1175 de
1481 1094 1627 1182 osculo,
1649 1095 1741 1172 dixit

234 1331 236 1336 ,
314 1257 382 1336 per
401 1229 657 1337 juramentum
686 1255 797 1305 suum
823 1226 929 1334 quod
949 1226 1070 1304 dictus
1093 1225 1277 1332 recipiens
1299 1224 1388 1304 fecit
1407 1253 1497 1303 curn
1517 1225 1683 1330 spoliari,
1704 1242 1742 1302 et

315 1360 501 1438 osculatus
519 1357 592 1436 luit
610 1359 753 1436 eumin
772 1357 970 1464 posteriori
989 1374 1093 1464 perte
1114 1357 1219 1462 spine
1237 1355 1360 1445 dorsi,
1384 1357 1423 1433 in
1442 1352 1622 1432 umbilico
1644 1373 1680 1432 et
1701 1357 1741 1432 in

315 1517 392 1568 ore.
413 1490 515 1570 Dixit
529 1490 645 1567 eciam
665 1516 733 1596 per
742 1489 999 1596 juramentum
1020 1515 1133 1565 suum
1152 1487 1257 1594 quod
1278 1486 1399 1564 dictus
1415 1485 1598 1591 recipiens
1613 1513 1740 1590 prece·

313 1619 370 1725 pit
387 1620 460 1698 sibi
484 1619 639 1726 quodsi
659 1617 773 1724 aliqui
800 1619 848 1696 de
872 1615 1046 1694 frutribus
1071 1616 1160 1695 dicti
1186 1616 1329 1694 ordinis
1348 1614 1486 1694 vellent
1508 1615 1739 1692 commisceri

313 1777 400 1826 cum
415 1777 461 1826 eo
482 1749 687 1840 carnaliter,
707 1748 811 1854 quod
826 1748 906 1854 ipse
925 1763 1131 1854 pateremr,
1154 1765 1193 1824 ct
1211 1747 1328 1824 eciam
1344 1746 1375 1825 si
1391 1746 1591 1851 indigeret,
1610 1742 1740 1822 abute-

313 1898 418 1959 retur
437 1882 507 1968 eis,
528 1881 618 1986 quia
636 1905 713 1958 non
729 1897 806 1956 eret
824 1897 1033 1984 peccatum.
1152 1891 1156 1898 ’

369 2015 616 2116 Interrogatus
629 2025 757 2086 utrum
768 2010 820 2098 vi,
832 2009 890 2087 vel
909 2026 1016 2086 metu
1032 2008 1188 2084 carceris
1201 2035 1269 2083 seu
1282 2023 1575 2093 tormentorum,
1593 2023 1657 2082 cut
1670 2002 1739 2082 alio

313 2141 360 2218 de
381 2169 504 2228 ceusu,
526 2139 838 2247 aliquamdixerit
861 2138 1057 2216 falsitatem
1082 2155 1145 2215 eut
1169 2136 1417 2214 immiscuerit
1438 2135 1479 2214 in
1499 2136 1739 2243 deposicione

313 2299 398 2360 sua,
421 2271 512 2348 dixit
523 2299 592 2378 per
607 2273 866 2378 juramentum
882 2297 994 2348 suum
1007 2267 1112 2375 quod
1125 2295 1219 2360 non3
1242 2268 1320 2345 imo
1341 2267 1434 2344 dixit
1452 2295 1585 2372 puram
1605 2284 1644 2342 et
1662 2295 1740 2342 mc·

312 2429 390 2478 ram
415 2418 619 2478 veritatem.

367 2663 461 2740 Item
475 2659 590 2739 freter
606 2658 846 2767 Rsymundus
861 2658 909 2736 de
923 2660 1014 2736 Fora
1033 2657 1143 2736 miles
1162 2657 1253 2736 dicti
1273 2657 1437 2746 ordinis,
1459 2657 1566 2734 etatis
1580 2685 1639 2734 xm
1652 2658 1738 2734 anni

311 2792 370 2870 vel
390 2791 501 2881 eirca,
522 2790 668 2898 juretus
696 2789 830 2868 eodem
849 2788 984 2880 modo,
1003 2787 1104 2867 bona
1125 2787 1314 2866 voluntate
1343 2805 1381 2864 et
1404 2805 1605 2893 spontanea
1630 2786 1678 2864 de
1699 2816 1739 2862 se

313 2939 350 3001 et
369 2922 451 3000 eliis
471 2923 510 3000 in
534 2949 641 3000 cause
660 2919 751 3000 fidei
772 2920 899 2998 dicere
917 2920 1129 3009 veritatem,
1158 2933 1196 2996 et
1219 2919 1467 3025 interrogatus
1494 2918 1542 2996 de
1567 2935 1738 3025 tempore

312 3072 349 3131 et
369 3054 485 3132 modo
501 3081 567 3130 sue
588 3051 837 3158 reeepcionis‚
860 3051 954 3128 dixit
972 3079 1041 3157 per
1051 3050 1308 3157 juramentum
1332 3077 1445 3128 suum
1464 3048 1570 3156 quod
1590 3047 1663 3124 luit
1681 3077 1740 3124 re-

312 3201 441 3290 ceptus
460 3185 498 3260 in
514 3183 629 3261 domo
645 3181 794 3288 Templi
811 3181 859 3259 de
879 3179 1060 3260 Montelio
1077 3179 1270 3272 Ademexi,
1287 3208 1357 3286 per
1373 3178 1527 3258 fratrem
1540 3179 1739 3287 Hugonem

312 3315 360 3391 de
375 3313 562 3404 Pereudo,
579 3329 656 3390 trcs
675 3312 762 3390 anni
782 3329 870 3388 sunt
880 3311 939 3388 vel
955 3312 1067 3398 circe,
1080 3311 1318 3416 presentibus
1327 3310 1439 3388 fratre
1454 3309 1740 3389 GuidoneGoe-
1783 3385 1786 3388 .

312 3445 421 3522 morii
450 3461 488 3521 et
510 3442 738 3550 quibusdem
758 3440 841 3519 aliis
864 3441 912 3518 de
936 3467 1101 3548 quorum
1131 3440 1348 3552 nominibus
1373 3468 1449 3518 non
1470 3440 1615 3518 recolit.
1638 3440 1740 3516 Dixit

311 3575 428 3650 eciem
442 3601 511 3679 per
524 3573 780 3680 juramentum
794 3600 906 3650 suum
921 3572 1043 3680 quod,
1063 3587 1149 3677 post
1167 3570 1305 3649 multos
1319 3569 1589 3678 promissiones
1605 3567 1652 3644 de
1669 3567 1739 3644 ob-

310 3703 496 3780 servandis
519 3703 663 3782 statutis
682 3701 771 3780 dicti
786 3701 931 3780 ordinis
955 3701 1001 3778 eb
1022 3729 1068 3778 eo
1087 3699 1216 3790 factes,
1240 3718 1279 3776 et
1295 3697 1473 3776 mantello
1492 3697 1565 3776 sibi
1586 3696 1634 3774 ad
1662 3697 1739 3774 col·

309 3833 390 3912 lum
410 3833 550 3941 posito,
579 3833 702 3910 dictus
727 3833 909 3938 recipiens
936 3849 975 3910 et
998 3829 1060 3908 atii
1090 3830 1303 3908 assistentes
1325 3845 1559 3906 recesserunt
1582 3826 1630 3904 de
1653 3827 1737 3904 loco

310 3963 553 4070 reeepcionis‚
577 3979 615 4038 et
635 3963 729 4039 dixit
740 3962 843 4040 idem
862 3961 977 4038 frater
990 3961 1101 4066 Hugo
1121 3958 1272 4036 cuidem
1287 3957 1391 4035 fratri
1409 3957 1583 4036 servienti
1599 3958 1664 4064 qui
1684 3985 1740 4034 re·

310 4094 445 4172 mansit
463 4092 566 4172 solus
582 4121 669 4170 cum
694 4092 758 4172 illo
781 4092 847 4198 qui
869 4090 1049 4198 loquitur,
1075 4088 1183 4196 quod
1201 4089 1402 4166 instrueret
1423 4105 1510 4166 eunt
1530 4089 1571 4164 in
1590 4089 1737 4166 stxtutis

311 4223 401 4301 dioti
414 4223 574 4314 ordinis
591 4251 669 4330 quo
683 4222 780 4302 lacto
795 4221 860 4299 ille
875 4222 1183 4330 quiremanserat
1197 4245 1327 4298 secum
1345 4217 1508 4297 ostendit
1520 4217 1593 4296 sibi
1606 4246 1739 4326 quem·

310 4353 395 4431 dem
422 4383 571 4433 crucem
597 4383 684 4430 oum
705 4353 828 4460 effigie
847 4352 963 4431 Jbesu
989 4350 1146 4440 Christi,
1169 4366 1208 4427 et
1224 4348 1314 4428 lecit
1338 4377 1427 4428 eum
1444 4349 1631 4457 abnegare
1649 4348 1737 4427 Jbe-

308 4513 395 4563 sum
409 4484 603 4564 Christum
616 4500 676 4562 ter
694 4499 733 4562 et
750 4501 809 4562 ter
825 4509 960 4590 spuere
979 4507 1092 4588 supra
1106 4506 1255 4558 crucem
1270 4511 1279 4556 ε
1295 4480 1478 4588 quodque
1492 4479 1581 4558 lecit
1600 4505 1683 4568 ore,
1701 4496 1739 4556 et
1761 4472 1763 4476 ’

308 4644 385 4695 non
400 4617 530 4706 corde,
544 4631 588 4694 ut
602 4615 706 4692 dixit.
723 4615 825 4692 Dixit
838 4613 956 4691 eciam
972 4639 1041 4719 por
1047 4608 1307 4720 juramentum
1321 4638 1435 4690 suum
1450 4609 1558 4717 qnod
1569 4609 1737 4716 precepit

310 4746 381 4824 sibi
403 4744 557 4852 quodsi
577 4744 710 4822 fintres
734 4743 823 4822 dicti
848 4741 993 4821 ordinis
1011 4741 1149 4820 vellent
1168 4741 1413 4819 commiscere
1438 4738 1634 4818 carnaliter
1649 4765 1734 4815 cum

311 4905 375 4970 co,
393 4877 497 4984 quod
510 4877 590 4984 ipse
605 4875 855 4984 permitteret,
873 4891 911 4952 et
922 4874 1038 4951 eciam
1055 4873 1313 4951 commisceret
1325 4900 1364 4950 se
1383 4870 1580 4950 cemeliter
1591 4869 1622 4946 si
1639 4866 1736 4946 indi·
