4434 5900
410 527 454 596 10
799 497 995 594 rnocts
1021 515 1116 590 ons
1141 487 1441 588 rnnrnr'nns

406 683 523 758 retur,
542 662 610 742 sed
626 691 693 770 per
706 660 853 770 aliquos
873 662 913 766 iu
934 659 1126 770 aliquibus
1145 659 1251 737 locis.
1268 661 1363 737 Item
1383 657 1496 747 dixit,
1514 657 1620 765 quod
1637 658 1717 765 ipse
1737 643 1836 736 heire

406 795 586 874 credebat
614 793 874 874 ecclesiasticis
903 791 1162 882 sacramentis,
1190 809 1227 869 et
1249 791 1371 868 credit
1394 789 1502 898 quod
1529 789 1591 868 alii
1618 790 1750 867 iratres
1767 783 1837 878 ,ors

407 927 506 1006 dinis
520 927 619 1006 bene
639 926 909 1038 crederentet
928 925 1035 1032 quod
1054 951 1188 1002 eorum
1206 921 1421 1001 sacerdotes
1441 921 1569 1000 debite
1590 921 1835 1000 celebrarent.

405 1059 507 1138 Laici
531 1075 703 1138 tenentes
725 1056 890 1176 capitula
909 1057 950 1134 iu
973 1085 1110 1134 eorum
1134 1055 1406 1134 terminatione
1432 1053 1610 1132 dicebant
1631 1055 1671 1130 in
1699 1055 1837 1132 ellectu
1926 1053 1930 1058 ’

407 1190 495 1268 talia
523 1189 665 1268 verba:
693 1189 750 1268 De
778 1187 852 1266 hiis
881 1217 955 1296 que
985 1186 1197 1266 obmittetis
1226 1185 1369 1276 dicere,
1394 1203 1549 1294 propter
1568 1185 1836 1264 verecundiam
1947 1247 1954 1256 .

407 1322 529 1400 carnis
555 1321 615 1400 vel
635 1338 791 1429 propter
816 1321 997 1400 timorem
1026 1317 1227 1426 discipline
1253 1317 1415 1408 ordinis,
1448 1315 1519 1394 nos
1542 1316 1700 1396 facimus
1731 1317 1837 1397 vobis

406 1453 522 1532 talem
547 1452 830 1564 indulgenciam
849 1451 1002 1560 qualem
1025 1479 1243 1559 possumus,
1271 1449 1339 1526 sed
1361 1448 1575 1557 loquamini
1602 1448 1649 1526 de
1671 1448 1745 1526 hoc
1765 1448 1839 1528 sra-

405 1582 529 1664 tribus
542 1583 812 1664 sacerdotibus.
834 1581 1050 1690 Requisitus
1069 1582 1100 1659 si
1119 1609 1187 1689 per
1203 1580 1303 1658 dieta
1323 1579 1435 1658 verba
1454 1578 1599 1688 prelata
1618 1579 1736 1687 aliqui
1759 1607 1839 1656 cre·

408 1713 549 1797 debant
572 1743 652 1794 esse
675 1714 839 1794 absoluti
855 1743 876 1792 a
895 1713 1054 1820 peccatis
1070 1711 1282 1792 venialibus
1300 1711 1360 1790 vel
1377 1711 1619 1805 mortalibus,
1641 1712 1838 1820 respondit

407 1848 512 1956 quod
524 1849 604 1955 ipse
620 1875 698 1928 non
715 1849 850 1938 credit,
869 1875 943 1927 nec
956 1847 1076 1926 credit
1088 1849 1194 1956 quod
1210 1847 1274 1925 alii
1292 1849 1509 1942 crederent,
1523 1847 1591 1926 sed
1610 1875 1655 1924 ex
1674 1847 1837 1955 quadam

407 1979 683 2060 consuetudine
697 1979 875 2060 dicebant
883 1979 1054 2087 predicta
1063 1979 1186 2062 rerba.
1198 1981 1415 2089 Requisitus
1428 1980 1458 2057 si
1473 1979 1513 2056 in
1528 1976 1704 2088 capitulis
1718 1979 1839 2056 mani-

405 2110 590 2193 festabant
608 2129 758 2219 peccata
774 2140 908 2192 eorum
928 2110 1107 2202 carnalia,
1129 2113 1329 2220 respondit
1348 2111 1455 2222 quod
1474 2113 1549 2190 hoc
1569 2139 1767 2219 nunquam
1787 2111 1839 2186 ri·

408 2242 515 2322 derat
543 2271 614 2320 nec
637 2242 831 2322 audiverat
859 2241 956 2321 lieri.
984 2245 1103 2333 Item,
1130 2243 1225 2321 dixit
1247 2244 1354 2352 quod
1377 2271 1421 2321 ex
1440 2242 1645 2350 privilegiis
1669 2241 1835 2334 ordinis,

406 2373 532 2454 statim
554 2403 623 2482 pro
640 2373 817 2482 professis
841 2374 1091 2465 habebantur,
1118 2392 1162 2453 ut
1182 2393 1337 2484 possent
1356 2375 1461 2453 micti
1487 2373 1586 2451 ultra
1613 2401 1717 2450 marc
1744 2401 1839 2480 quo-

407 2532 570 2610 cumque
589 2504 852 2613 injungeretur
873 2505 939 2584 eis.
963 2505 1170 2584 Dicebatur
1189 2507 1243 2588 eis
1260 2506 1366 2615 quod
1386 2506 1528 2612 absque
1553 2501 1709 2582 licencia
1729 2531 1839 2610 supe-

406 2636 552 2714 riorum
574 2663 651 2716 non
672 2653 847 2744 poterant
867 2637 966 2714 exire
989 2637 1177 2716 ordinem.
1199 2637 1377 2718 Cordulis
1391 2637 1594 2746 assumptis
1613 2635 1719 2713 unde
1738 2635 1840 2715 vole-

406 2765 499 2846 bant
516 2747 766 2876 cingebantur
784 2796 900 2876 super
917 2770 1088 2846 camisias
1109 2799 1196 2846 cum
1220 2771 1360 2878 quibus
1376 2770 1573 2877 jacebant,
1595 2795 1666 2845 nec
1683 2767 1751 2844 scit
1769 2795 1839 2844 nec

407 2899 527 2980 credit
553 2900 660 3009 quod
687 2917 887 3008 tangerent
915 2901 1035 3008 capita
1063 2901 1283 3010 ydolorum,
1316 2931 1387 2980 nee
1416 2903 1523 3010 quod
1551 2893 1737 2980 baberent
1769 2927 1839 2977 nec

407 3031 607 3112 adorarent
624 3031 747 3139 ydola.
767 3032 844 3127 Qui
865 3032 1093 3111 revelassent
1112 3051 1253 3112 secreta
1274 3033 1528 3141 capitulorum
1555 3031 1679 3112 vel'ea
1697 3059 1773 3139 que
1797 3032 1837 3108 in

407 3161 496 3267 ipsis
519 3161 691 3270 capitulis
710 3162 917 3272 agebantur
937 3164 1032 3242 circa
1056 3165 1297 3272 recepciones
1316 3165 1374 3242 vel
1398 3164 1487 3253 alia,
1515 3165 1633 3241 eciam
1660 3160 1846 3241 fratribus

407 3293 484 3400 quia
500 3321 579 3373 non
603 3293 819 3387 adfuerant,
844 3295 1005 3374 luissent
1026 3296 1244 3374 incarcerati
1270 3313 1309 3374 et
1330 3296 1470 3406 puniti:
1499 3294 1652 3404 Absque
1682 3294 1839 3373 licencia

408 3453 487 3504 non
503 3443 678 3532 poterant
696 3426 769 3504 nisi
788 3428 1051 3506 sacerdotibus
1069 3428 1214 3507 ordinis
1231 3425 1416 3508 confiteri.
1438 3431 1587 3507 Fratres
1601 3428 1762 3507 scientes
1780 3457 1838 3504 er-

407 3555 680 3638 romsfuerunt
693 3558 938 3668 negligentes,
961 3561 1049 3668 quia
1066 3589 1145 3639 non
1158 3577 1402 3641 correxerunt
1416 3587 1482 3638 eos
1498 3589 1570 3638 nec
1588 3555 1840 3638 denunciave-

408 3706 497 3768 runt
514 3687 691 3768 Ecclesie.
709 3689 982 3799 injungebatur
1002 3693 1044 3768 in
1062 3693 1197 3772 ordine
1212 3694 1319 3800 quod
1338 3691 1564 3770 elemosinas
1585 3707 1624 3769 et
1642 3690 1838 3798 hospitali-

406 3836 525 3901 tatem
544 3820 672 3900 debite
693 3822 956 3911 observarent,
979 3840 1018 3900 et
1036 3825 1104 3938 'eas
1118 3817 1223 3902 vidit'
1233 3824 1502 3902 convenienter
1521 3822 1561 3899 in
1582 3821 1682 3900 dicto
1703 3822 1839 3900 ordine

408 3951 491 4032 fieri
512 3967 550 4028 et
568 3951 722 4042 servari3
743 3969 782 4034 et
796 3953 1041 4033 inhibebatur
1060 3955 1165 4062 quod
1189 3956 1326 4064 injuste
1347 3982 1424 4034 non
1444 3954 1684 4062 acquirerent
1698 3953 1835 4032 ordini.

407 4081 538 4162 Januis
553 4080 707 4173 clausis,
725 4083 843 4164 nullis
857 4086 1099 4193 presentibus
1112 4087 1185 4165 nisi
1200 4087 1380 4165 fratribus
1399 4087 1561 4179 ordinis,
1585 4113 1718 4165 eorum
1741 4087 1840 4191 capi·

408 4211 502 4292 tulia
526 4215 766 4296 tenebantur.
794 4217 909 4314 Quod
928 4247 1088 4327 magnus
1117 4219 1295 4330 Magister
1319 4247 1407 4296 cum
1433 4236 1621 4296 conventu
1648 4215 1841 4294 statuisset

409 4364 589 4426 servasset
610 4363 717 4428 totus
735 4349 851 4441 crdo,
876 4367 1004 4428 contra
1027 4377 1143 4456 quem
1164 4379 1266 4429 nunc
1285 4346 1654 4460 grandiascandala,
1675 4349 1841 4456 suspicio

409 4476 611 4559 et'infamia
630 4497 719 4558 sunt
740 4497 878 4560 exorta.
900 4479 1118 4560 Confessata
1137 4509 1206 4591 per
1226 4511 1314 4563 eum
1340 4481 1462 4560 credit
1480 4481 1586 4588 quod
1607 4496 1733 4558 essent
1750 4497 1839 4558 nota

409 4607 540 4688 multis
553 4638 597 4688 ex
609 4609 787 4690 iratribus
800 4612 964 4706 ordinis,
986 4615 1033 4692 ad
1048 4613 1159 4722 cujus
1173 4641 1211 4692 se
1226 4613 1503 4694 deffensionem
1516 4640 1594 4691 non
1607 4609 1808 4690 obtulerat.

466 4740 682 4848 Requisitus
696 4742 727 4819 si
742 4742 796 4821 sic
810 4741 1037 4850 deposuerat
1049 4773 1177 4853 prece,
1199 4763 1395 4854 precepto,
1415 4746 1568 4835 timore,
1586 4768 1731 4829 amore,
1750 4738 1839 4818 odio

409 4869 470 4950 vel
488 4874 651 4953 comodo
666 4874 865 4982 temporali
884 4875 1014 4955 habito
1029 4877 1089 4956 vel
1105 4877 1301 4967 babendo,
1323 4877 1519 4987 respondit
1538 4874 1642 4983 quod
1659 4901 1754 4964 non,
1772 4871 1839 4951 sed
