4208 5886
385 541 458 611 asc
777 519 972 612 naocts
997 537 1094 611 ons
1119 536 1424 614 aeramnae.

379 696 453 768 tur,
470 677 585 756 nullis
604 677 842 784 presentibus
857 677 928 756 nisi
943 675 1118 756 fratribus
1136 677 1291 770 ordinis,
1310 707 1353 756 ex
1366 706 1444 787 quo
1459 677 1579 758 credit
1590 680 1696 786 quod
1708 700 1806 760 esset

381 809 542 914 suspicio
563 821 785 886 contraeas.
814 805 990 885 Cordulis
1013 807 1116 884 unde
1143 807 1320 887 volebant
1336 808 1536 916 assumptis
1557 807 1805 918 cingebantur

380 967 494 1044 snper
508 939 676 1016 camisias
696 967 781 1016 cum
802 938 942 1044 quibus
951 937 1136 1044 jacebant.
1154 938 1332 1017 Nolentes
1352 938 1472 1018 facere
1488 939 1653 1046 predicta
1674 939 1804 1020 illicita

380 1069 583 1147 consessata
603 1099 670 1176 per
696 1097 782 1146 eum
800 1067 956 1146 fuissent
975 1070 1209 1162 incarcerati,
1227 1087 1271 1146 ut
1290 1070 1432 1148 audivit
1451 1069 1541 1158 dici,
1559 1087 1597 1147 et
1617 1070 1683 1176 qui
1700 1099 1804 1148 reve·

378 1201 516 1277 lassent
542 1217 680 1278 secreta
700 1198 982 1306 capitoliorum,
1011 1200 1170 1308 graviter
1187 1201 1311 1306 puniti
1339 1200 1508 1280 luissent.
1533 1203 1682 1279 Fratres
1707 1229 1803 1308 quos

380 1330 497 1408 credit
511 1301 658 1408 scivisse
673 1357 817 1408 errores
838 1328 1065 1407 confessatos
1084 1357 1152 1435 per
1167 1357 1255 1407 eum
1270 1329 1425 1407 fuerunt
1442 1330 1693 1439 negligentes,
1714 1334 1803 1439 quia

378 1487 453 1536 non
475 1475 716 1538 correxerunt
744 1487 808 1538 eos
836 1487 906 1536 nec
930 1459 1251 1537 denunciaverunt
1275 1460 1453 1538 Ecclesic.
1483 1459 1737 1566 Elemosinam
1765 1480 1802 1540 et

378 1589 667 1695 hospitalitatem
684 1589 776 1668 vidit
792 1590 1057 1668 convenienter
1079 1587 1162 1667 fieri
1182 1605 1220 1666 et
1236 1591 1371 1668 servari
1392 1592 1433 1668 in
1455 1590 1633 1669 domibus
1658 1593 1800 1671 ordinis

376 1720 575 1827 inquibus
599 1721 738 1798 exstitit
760 1736 1027 1797 commoratus.
1056 1719 1209 1797 Audivit
1232 1720 1305 1797 dici
1334 1722 1440 1828 quod
1467 1748 1599 1798 eorum
1627 1723 1800 1828 capitulis

376 1851 472 1926 clam
486 1851 726 1928 tenebantur.
744 1850 874 1929 Credit
896 1850 999 1957 quod
1012 1867 1114 1928 totus
1133 1850 1228 1929 ordo
1243 1869 1421 1930 servasset
1441 1851 1614 1930 ordinata
1637 1880 1707 1958 per
1725 1853 1800 1930 Ma-

377 1981 535 2086 gistrum
554 2009 639 2058 cum
656 1997 859 2071 conventu,
888 1997 926 2058 et
939 1981 1044 2086 quod
1064 2007 1165 2058 nunc
1184 1981 1340 2087 grandia
1368 1980 1555 2072 scandala,
1584 1981 1747 2087 suspicio
1764 1999 1802 2059 et

376 2109 525 2188 infamia
546 2103 632 2188 sunt
648 2127 773 2188 exorta
794 2128 920 2189 contra
936 2111 1130 2206 ordinem,
1148 2127 1277 2188 contra
1296 2140 1412 2218 quem
1434 2111 1555 2190 dictm
1569 2109 1744 2217 Magister
1763 2127 1801 2189 et

376 2241 436 2318 alii
459 2243 635 2318 dicuntur
655 2242 778 2349 aliqua
802 2240 915 2320 fuisse
942 2241 1123 2332 confessi3
1150 2243 1198 2318 ad
1226 2243 1332 2350 cujus
1356 2242 1502 2320 ordinis
1525 2239 1799 2320 deffensionem

374 2399 413 2448 se
434 2400 510 2450 non
531 2373 734 2461 obtulerat,
758 2399 826 2449 nec
845 2371 965 2450 fuerat
981 2371 1078 2450 ultra
1097 2399 1210 2450 mare.

430 2504 645 2609 Requisitus
658 2503 688 2578 si
703 2503 755 2580 sic
770 2503 997 2609 deposuerat
1006 2529 1128 2609 prece,
1150 2520 1344 2609 precepto,
1362 2501 1510 2594 timore,
1527 2528 1673 2591 amore,
1691 2502 1797 2590 odio,
1851 2593 1855 2606 Ι

233 2677 238 2688 ,
373 2631 431 2708 vel
450 2632 649 2736 temporali
666 2632 829 2712 comodo
841 2632 972 2710 habito
985 2631 1044 2708 vel
1065 2631 1259 2722 babendo,
1280 2631 1477 2739 respondit
1495 2631 1603 2738 quod
1617 2659 1710 2721 non,
1732 2633 1799 2711 sed

374 2787 442 2865 pro
463 2762 615 2838 veritate
636 2761 817 2854 dicenda3
838 2763 901 2839 cui
924 2761 997 2839 snit
1020 2762 1234 2869 injunctum
1259 2763 1363 2868 quod
1391 2789 1468 2838 non
1493 2759 1675 2839 revelaret
1702 2761 1799 2838 banc

272 2879 276 2886 ’
373 2919 479 2968 suam
497 2892 797 2998 deposicionem‚
820 2919 1021 2999 quousque
1036 2892 1297 2972 attestacioncs
1310 2890 1452 2970 luerint
1464 2889 1671 2996 publicate;
1694 2907 1733 2968 ct
1750 2893 1799 2968 vi-

255 3072 258 3078 ·
374 3019 534 3102 debatur
553 3051 632 3104 esse
650 3023 755 3102 valde
776 3022 950 3131 simplex,
973 3021 1207 3133 intelligebat
1221 3040 1348 3102 tamen
1365 3023 1552 3100 tanam.

428 3290 516 3366 Post
535 3291 606 3366 hec
631 3289 787 3367 suerunt
805 3291 957 3368 addocti
972 3316 1042 3394 pro
1058 3286 1236 3375 testibus,
1255 3284 1302 3361 ad
1320 3281 1553 3388 presenciam
1573 3280 1796 3359 eorumdem

373 3421 617 3499 dominorum
632 3421 991 3509 commissariorum,
1007 3417 1137 3496 fratres
1150 3415 1342 3494 lohannes
1354 3413 1401 3489 de
1415 3410 1614 3498 Noviomo,
1629 3411 1799 3489 Bertran·

372 3553 443 3628 dus
463 3550 583 3630 Guasc
606 3551 859 3628 Ruthenensis
880 3567 917 3628 et
936 3547 1167 3628 Guillelmus
1193 3543 1398 3625 Cardalbac
1426 3542 1689 3620 Convenarum
1714 3541 1798 3620 dio-

371 3683 528 3772 cesium,
540 3681 758 3770 servientes,
769 3683 833 3790 qui
847 3681 955 3758 tactis
965 3676 1205 3758 sacrosanctis
1219 3673 1418 3782 evangeliis
1430 3673 1654 3780 juraverunt
1671 3670 1796 3750 dicere

371 3814 564 3892 veritatem
583 3811 735 3919 plenam
757 3829 794 3890 et
814 3839 956 3888 meram
978 3809 1016 3884 in
1034 3807 1106 3886 isto
1123 3807 1292 3914 negocio,
1302 3802 1514 3882 secundum
1524 3801 1686 3880 formam
1691 3803 1797 3909 jura-

370 3944 489 4020 menti
504 3943 664 4020 aliorum
677 3943 831 4022 testium
850 3939 1024 4046 superius
1039 3938 1291 4045 registratam,
1314 3934 1517 4042 expositam
1540 3948 1578 4010 et
1593 3930 1796 4038 vulgariza-

369 4093 446 4150 tam
467 4074 623 4152 eisdem.

427 4336 514 4429 Quo
544 4333 656 4426 sacto,
684 4331 807 4410 dictus
835 4329 949 4408 frater
973 4328 1203 4408 Guillelmus
1234 4327 1283 4405 de
1313 4323 1539 4412 Cardalbac,
1569 4322 1793 4400 mantellum

370 4465 572 4554 defferens,
587 4463 742 4542 barbam
756 4491 876 4540 rasam
892 4460 1051 4552 habens,
1072 4483 1165 4538 xxxv
1189 4484 1375 4536 annorum
1393 4449 1452 4532 vel
1472 4454 1587 4541 circa,
1608 4479 1696 4530 curn
1715 4478 1793 4557 quo

368 4595 592 4703 inquisitum
604 4593 726 4671 luerat
738 4619 807 4699 per
822 4591 1022 4668 dominum
1038 4589 1256 4696 episcopum
1273 4586 1537 4675 Parisiensem,
1555 4580 1661 4660 lectis
1682 4597 1720 4658 ct
1735 4580 1794 4657 di-

368 4726 529 4835 ligenter
554 4724 730 4831 expositis
753 4721 825 4800 sibi
855 4721 1033 4802 omnibus
1061 4735 1100 4797 ct
1127 4717 1285 4826 singulis
1316 4714 1497 4802 articulis,
1530 4709 1727 4818 respondit
1754 4737 1793 4786 se

367 4859 527 4949 nescire,
550 4883 619 4934 nec
631 4854 805 4944 credere,
823 4881 894 4930 nec
911 4851 1096 4930 audivisse
1111 4850 1185 4928 dici
1204 4848 1251 4928 de
1268 4846 1453 4927 contentis
1466 4845 1506 4922 in
1526 4843 1580 4922 eis
1598 4841 1670 4918 nisi
1689 4839 1795 4948 quod
