4364 5886
413 408 487 480 asa
797 395 993 488 anoons
1024 415 1120 487 ons
1150 415 1458 490 renuamus·

363 579 365 582 ·
412 545 568 626 luerunt
587 554 780 657 protestati
800 536 1163 661 antejuramentum
1181 555 1397 662 predictum
1417 559 1520 665 quod
1542 586 1621 636 non
1641 559 1877 640 intendunt·

413 677 590 756 recedere
617 709 639 756 a
663 681 967 788 deposicionibus
993 713 1061 791 per
1085 711 1151 764 eos
1175 683 1265 764 elias
1292 685 1399 766 lactis
1426 715 1553 766 eoram
1581 687 1742 768 domino
1766 693 1858 797 epi·

414 833 527 914 scopo
540 808 858 905 Claramontensi,
881 815 963 891 etsi
983 814 1182 922 quidplus
1200 815 1260 894 vel
1278 817 1408 897 minus
1427 817 1615 910 dicerent,
1639 819 1748 927 quod
1768 847 1854 900 non

413 935 624 1041 prejudicet
649 940 713 1018 eis.
736 944 823 1037 Quo
844 943 957 1034 lacto,
983 944 1106 1024 dictus
1125 945 1240 1026 frater
1263 949 1374 1055 Hugo
1402 949 1450 1028 de
1468 949 1616 1040 lansec,
1637 949 1854 1057 quadrage-

414 1065 542 1143 narius
560 1067 619 1146 vel
637 1071 748 1165 circa,
771 1075 835 1182 qui
856 1075 1077 1154 mantellum
1101 1076 1312 1158 voluntarie
1337 1079 1531 1158 dimiserat
1549 1097 1590 1158 et
1606 1079 1690 1157 radi
1707 1079 1849 1160 fecerat

415 1193 486 1270 sibi
506 1194 680 1293 barbam,
697 1231 784 1282 curn
804 1234 882 1312 quo
902 1207 1126 1314 inquisitum
1146 1205 1285 1300 luerat,
1308 1209 1504 1288 absolutus
1524 1227 1562 1288 et
1580 1209 1846 1290 reconciliatus

415 1352 483 1430 per
495 1325 695 1410 dominum
716 1335 933 1442 episcopum
949 1336 1319 1431 Claromontensem,
1343 1339 1449 1418 lectis
1464 1357 1505 1416 et
1518 1339 1719 1447 diligenter
1734 1369 1844 1447 expo

415 1454 496 1532 sitis
523 1457 594 1536 sibi
625 1464 804 1544 omnibus
829 1483 867 1543 et
892 1465 1050 1575 singulis
1076 1466 1262 1559 articulis,
1291 1470 1489 1575 respondit
1513 1497 1553 1548 se
1578 1471 1741 1562 nescire,
1776 1498 1844 1548 nec

416 1573 589 1683 credere,
619 1621 689 1672 nee
709 1595 893 1674 audivisse
915 1596 987 1674 dici
1008 1597 1057 1674 de
1073 1597 1259 1676 contentis
1286 1597 1324 1676 in
1347 1599 1402 1678 eis
1420 1600 1493 1678 nisi
1519 1600 1625 1708 quod
1650 1601 1843 1707 sequitur:

415 1718 590 1799 videlicet
609 1725 716 1831 quod
736 1727 816 1833 ipse
839 1745 1014 1836 receptus
1033 1726 1152 1808 iuerat
1179 1755 1248 1836 per
1272 1727 1425 1808 lratrem
1451 1731 1608 1810 Petrum
1632 1731 1680 1810 de
1703 1731 1844 1811 Madito

416 1847 577 1929 militem
594 1857 807 1961 quondam,
825 1859 865 1936 in
878 1858 1017 1967 capella
1034 1860 1171 1938 domus
1188 1857 1339 1968 Templi
1356 1860 1405 1940 de
1417 1859 1559 1940 Folhos
1572 1861 1732 1941 diocesis
1747 1862 1845 1938 Xan·

415 1983 601 2075 tunensis,
619 1986 715 2066 circa
730 1990 902 2069 medium
915 1991 1126 2100 Augustum
1146 1991 1348 2070 instantem
1365 2009 1479 2070 erunt
1504 2017 1549 2071 rx
1572 1991 1679 2080 anni,
1700 2019 1846 2098 presen-

416 2114 520 2194 tibus
538 2113 716 2202 fratribus
735 2125 875 2200 Ysarno
900 2123 949 2200 de
969 2121 1260 2230 Petregoricinio
1285 2120 1485 2211 serviente,
1506 2121 1614 2229 cujus
1634 2149 1845 2228 cognomen

417 2249 581 2356 ignorat,
609 2251 802 2359 Stephano
830 2254 878 2331 de
905 2255 1033 2332 Monte
1057 2249 1178 2330 Acnto
1204 2251 1520 2332 Claramontensis
1545 2250 1723 2340 diocesis,
1749 2273 1847 2359 quos

419 2379 541 2458 credit
557 2382 699 2472 vivere3
726 2383 934 2462 Guillelmo
959 2381 1137 2460 Pictavini
1166 2398 1385 2487 preceptore
1414 2381 1462 2460 de
1488 2381 1618 2460 Castro
1644 2381 1845 2471 bernardi,

419 2525 458 2587 et
479 2509 643 2590 boberto
663 2511 817 2591 Guideti
843 2511 1105 2602 servientibus,
1132 2507 1344 2590 deffunotis.
1366 2508 1398 2587 A
1417 2538 1495 2617 quo
1520 2528 1715 2617 receptore
1731 2511 1847 2617 petita

418 2639 594 2718 societate
617 2642 760 2718 ordinis
785 2659 823 2718 et
847 2642 881 2718 ei
904 2667 1093 2728 concessa,
1120 2638 1210 2718 iecit
1233 2667 1322 2716 eum
1337 2667 1470 2718 vovere
1496 2658 1534 2718 et
1551 2641 1678 2748 jurare
1704 2641 1847 2718 castita-

417 2789 513 2860 tem,
531 2769 811 2857 obedienciam,
829 2771 949 2847 vivere
969 2769 1049 2846 sine
1064 2769 1233 2875 proprio,
1255 2795 1400 2847 servare
1419 2767 1543 2850 bonos
1561 2799 1652 2848 usus
1671 2771 1736 2878 qui
1756 2789 1847 2848 tunc

419 2917 524 2977 erant
539 2900 579 2978 in
598 2900 732 2977 ordine
751 2899 869 3004 etqui
888 2899 1140 3004 inposterum
1157 2898 1444 3005 imponerentur
1460 2900 1509 2980 de
1530 2899 1689 2980 consilio
1709 2899 1847 3007 probo·

420 3057 506 3106 rum
533 3029 694 3116 ordinis,
726 3057 803 3106 non
830 3027 993 3106 revelare
1022 3045 1163 3108 secreta
1190 3027 1475 3136 capituliorum,
1506 3048 1545 3108 et
1563 3029 1671 3136 quod
1690 3057 1767 3108 non
1789 3028 1848 3108 di-

422 3158 587 3237 mitteret
616 3157 792 3235 ordinem
820 3186 889 3263 pro
914 3157 1064 3236 soreiori
1092 3158 1151 3236 vel
1178 3157 1368 3238 debiliori.
1399 3162 1489 3240 Post
1515 3189 1590 3268 que
1617 3161 1785 3268 precepit
1812 3161 1847 3236 ei

423 3291 523 3369 idem
548 3303 729 3394 receptor,
751 3287 790 3363 in
809 3289 1001 3394 presencia
1023 3288 1203 3380 aliorum,
1232 3291 1336 3397 quod
1363 3290 1565 3399 abnegaret
1587 3289 1731 3381 Deum,
1760 3290 1849 3397 quia

422 3425 495 3500 boc
516 3435 594 3497 erat
611 3445 654 3496 ex
673 3434 849 3525 precepto
862 3418 1023 3510 ordinis,
1046 3437 1084 3498 et
1103 3419 1182 3529 ipse
1197 3420 1322 3509 testis,
1338 3423 1406 3530 qui
1417 3423 1567 3531 juvenis
1583 3438 1663 3500 erat
1676 3439 1787 3511 tunc,
1807 3438 1849 3497 ut

423 3552 533 3644 dixit,
552 3546 746 3656 abnegavit
757 3547 880 3626 Deum
896 3576 979 3640 ore,
995 3551 1210 3630 noncorde.
1222 3549 1372 3631 Deinde
1392 3548 1503 3629 allata
1522 3550 1642 3628 nescit
1653 3577 1847 3656 perquem

423 3711 467 3762 ex
484 3681 594 3758 dietis
618 3676 795 3756 fratribus
813 3679 977 3786 quadam
997 3710 1106 3759 cruce
1134 3679 1326 3758 metallina
1349 3679 1390 3755 in
1406 3707 1481 3785 qim
1501 3696 1581 3756 erat
1598 3706 1733 3786 ymago
1753 3679 1849 3756 Cru-

423 3811 540 3903 cifixi,
570 3827 609 3887 et
630 3809 669 3886 in
695 3807 840 3918 gremio
872 3809 1044 3918 ejusdem
1068 3808 1272 3916 receptoris
1301 3804 1497 3895 collocata,
1527 3807 1696 3914 precepit
1722 3807 1848 3888 eidem

423 3940 509 4020 testi
534 3940 640 4047 quod
666 3956 819 4044 spueret
844 3968 956 4047 super
985 3939 1124 4019 dictam
1150 3965 1316 4030 crucem,
1349 3955 1388 4016 et
1412 3938 1491 4046 ipse
1516 3937 1623 4016 testis
1646 3963 1726 4016 non
1748 3940 1850 4046 spuit

423 4100 535 4178 supra
558 4069 625 4148 sed
641 4047 758 4178 juxta.
785 4069 1036 4149 Postmodum
1057 4070 1151 4150 dixit
1169 4070 1206 4150 ei
1220 4069 1326 4178 quod
1339 4067 1518 4148 iratribus
1541 4068 1687 4148 ordinis
1704 4087 1852 4178 poterat

424 4200 621 4280 carnaliter
635 4200 888 4289 commisceri,
906 4219 945 4278 et
958 4199 1029 4308 ipsi
1050 4230 1137 4280 curn
1156 4229 1222 4291 θος
1238 4201 1312 4280 boe
1322 4215 1451 4278 tamen
1467 4225 1546 4279 uon
1564 4196 1671 4290 lecit,
1690 4228 1760 4280 nec
1780 4201 1851 4278 luit

423 4332 643 4438 requisitus,
659 4331 863 4410 neceredit
874 4331 979 4438 quod
994 4332 1032 4410 in
1045 4331 1181 4412 ordine
1197 4331 1316 4410 [ieret.
1333 4330 1421 4425 Quo
1434 4329 1547 4420 lacto,
1563 4329 1667 4410 idem
1680 4349 1853 4437 receptor

425 4461 496 4540 fuit
513 4462 700 4540 osculatus
717 4461 842 4569 ipsum
859 4477 994 4539 testem
1011 4461 1050 4540 in
1061 4460 1244 4538 umbilico
1264 4487 1379 4565 super
1397 4476 1533 4552 vestes,
1551 4476 1589 4538 et
1603 4460 1850 4569 postmodum

426 4595 606 4700 imposuit
629 4590 701 4670 sibi
722 4591 962 4682 mantellum,
984 4591 1051 4672 sed
1073 4615 1143 4668 nec
1165 4591 1245 4696 ipse
1265 4607 1437 4696 receptor
1459 4617 1530 4670 nec
1548 4607 1723 4679 astantes,
1745 4587 1850 4694 quod

426 4725 505 4830 ipse
521 4721 677 4819 recolat,
704 4721 860 4802 luerunt
885 4721 1008 4828 ipsum
1029 4738 1163 4800 testem
1188 4717 1345 4798 osculati
1369 4720 1505 4798 inore.
1526 4718 1609 4798 Alia
1624 4717 1752 4798 illicita
1771 4743 1848 4793 non
