4210 5882
405 525 478 600 noo
797 464 996 600 esoces
1022 527 1119 599 nns
1144 525 1443 602 rnuvmnas

401 684 519 776 perat.
546 669 647 746 Dixit
668 668 786 745 eciam
811 697 880 774 per
896 670 1154 778 juramentum
1181 697 1292 747 suum
1315 670 1438 776 quod,
1460 686 1659 776 postquam
1677 669 1750 750 suit
1764 673 1835 751 sihi

403 800 575 906 loqutum
591 800 638 876 de
654 797 876 906 abnegando
897 800 1090 879 Christum
1106 828 1175 905 per
1194 800 1406 907 predictum
1422 819 1673 907 receptorem,
1690 821 1834 882 tantum

403 932 594 1038 displicuit
607 931 677 1009 sihi
692 931 814 1008 dictus
826 930 937 1021 ordo,
950 931 1057 1039 quod
1071 930 1213 1036 pluries
1230 931 1415 1022 exivisset,
1431 931 1607 1011 siluisset
1623 961 1755 1024 narsus,
1767 936 1835 1014 sed

402 1062 558 1140 timebat
574 1063 621 1139 de
639 1061 810 1169 potencia
830 1061 1150 1167 Templeriorum;
1174 1079 1211 1140 et
1232 1063 1339 1170 quod
1352 1064 1515 1170 quadum
1535 1063 1598 1141 die
1616 1065 1718 1142 venit
1734 1067 1836 1174 apud

402 1193 561 1270 Lochias
582 1193 647 1270 ubi
664 1197 739 1272 Rex
757 1213 851 1284 erat,
874 1213 912 1271 et
931 1195 1003 1272 luit
1020 1195 1174 1301 loqutus
1189 1195 1280 1304 Regi
1294 1195 1334 1272 in
1351 1196 1542 1304 presencia
1555 1195 1679 1274 fratris
1691 1196 1833 1275 Ytherii

403 1325 450 1401 de
471 1324 642 1402 Nantolio
662 1325 798 1430 prioris
819 1325 1020 1431 Hospitalis
1040 1326 1080 1402 in
1100 1325 1269 1417 Francia3
1292 1343 1330 1402 et
1344 1326 1508 1406 hahebat
1527 1327 1567 1403 in
1587 1327 1714 1404 enimo
1728 1328 1834 1434 quod

402 1457 513 1534 istum
540 1456 695 1534 modum
723 1457 959 1564 receptionis
983 1457 1163 1536 revelaret
1186 1458 1295 1564 Regi,
1328 1475 1364 1535 et
1388 1459 1614 1564 supplicaret
1639 1457 1710 1536 sibi
1731 1460 1834 1566 quod

280 1599 283 1610 '
403 1588 508 1663 daret
532 1587 602 1664 sibi
621 1573 825 1664 ¹consilium
843 1587 938 1694 quid
956 1604 1083 1693 posset
1106 1585 1240 1675 secere,
1268 1605 1305 1665 et
1330 1607 1477 1695 caperet
1495 1617 1583 1666 eum
1608 1589 1646 1665 in
1666 1589 1832 1668 custodia

401 1749 483 1808 sua,
504 1720 633 1824 etipse
650 1719 767 1794 exiret
780 1719 969 1807 ordinem;
991 1718 1058 1796 sed
1078 1735 1221 1825 postea,
1239 1720 1481 1797 considerans
1495 1719 1600 1826 quod
1614 1720 1741 1826 plures
1755 1749 1833 1826 pre·

402 1825 571 1955 cepiores
600 1867 637 1925 et
660 1848 721 1925 alii
744 1848 790 1924 de
811 1829 945 1926 ordine
966 1848 1085 1928 multa
1105 1848 1287 1926 dederant
1311 1850 1383 1928 sibi
1404 1879 1472 1956 pro
1494 1851 1662 1957 passagio
1688 1880 1774 1940 suo,
1797 1869 1833 1928 et

401 1981 507 2087 quod
517 1981 596 2086 jam
609 1980 772 2058 hahebat
785 1981 983 2087 pecuniam
1001 1998 1038 2057 et
1051 1979 1153 2059 bona
1166 1981 1326 2074 ordinis,
1344 2010 1422 2059 non
1436 1999 1533 2060 esset
1543 1982 1688 2060 bonum
1704 2011 1769 2062 eos
1783 1983 1831 2060 ita

403 2112 608 2188 destruere.
626 2112 840 2218 Requisitus
850 2139 919 2217 por
928 2112 1188 2218 juramentum
1204 2141 1316 2190 snum
1332 2112 1436 2190 unde
1452 2113 1636 2219 processit
1650 2141 1755 2192 error
1768 2113 1831 2191 ab·

402 2242 559 2350 negandi
580 2261 618 2319 et
632 2243 793 2349 spuendi
814 2272 925 2349 supra
947 2271 1116 2332 crucem,
1148 2243 1342 2349 respondit
1365 2273 1434 2350 per
1448 2244 1704 2350 juramentum
1726 2245 1829 2352 quod

400 2375 554 2480 quidam
571 2374 622 2464 wde
643 2373 774 2450 ordine
795 2374 927 2452 dicunt
945 2375 1050 2481 quod
1070 2376 1142 2452 hoc
1156 2375 1281 2452 statuit
1291 2376 1484 2481 predictus
1493 2376 1669 2484 Magister
1682 2376 1746 2482 qui
1762 2376 1830 2454 fuit

401 2524 527 2610 captus
547 2508 586 2581 in
607 2535 752 2582 carcere
773 2506 863 2583 dicti
884 2502 1051 2594 soldani,
1077 2523 1121 2582 ut
1145 2505 1365 2612 predicitur.
1387 2505 1460 2582 Alii
1484 2505 1615 2584 dicunt
1633 2508 1739 2614 quod
1759 2507 1829 2585 hoc

400 2635 471 2711 fuit
489 2665 532 2711 ex
550 2636 656 2712 malis
672 2654 711 2714 et
723 2637 906 2742 perversis
921 2636 1268 2716 introduccionibus
1284 2653 1320 2712 et
1336 2637 1480 2714 statutis
1496 2637 1619 2714 fratris
1636 2636 1829 2716 Roncelini

400 2767 566 2873 Magistri
588 2765 778 2872 quondam
804 2767 963 2857 ordinis,
987 2767 1049 2843 alii
1071 2766 1204 2842 dicunt
1222 2767 1327 2872 quod
1347 2796 1390 2842 ex
1415 2767 1523 2858 malis
1547 2767 1694 2846 statutis
1713 2786 1750 2846 et
1769 2769 1830 2847 do-

402 2897 527 2974 ctrinis
542 2896 662 2974 fratris
674 2899 821 2976 Thome
837 2897 989 2998 Berardi
1009 2898 1203 3003 quondam
1220 2874 1309 2974 dicti
1327 2897 1471 2977 ordinis
1490 2899 1674 3006 Magistri;
1696 2899 1758 2977 alii
1775 2900 1830 2976 di-

402 3045 491 3106 cunt
505 3029 609 3134 quod
623 3029 696 3106 hoc
710 3027 754 3104 fit
764 3028 812 3106 ad
825 3031 939 3107 instar
951 3057 1019 3105 seu
1033 3030 1081 3106 ad
1096 3029 1316 3106 memoriam
1326 3028 1425 3106 beati
1441 3030 1540 3108 Petri
1561 3029 1625 3136 qui
1639 3029 1829 3138 abnegavit

402 3161 591 3238 Christum
613 3178 682 3236 ter.
704 3161 917 3266 Requisitus
944 3159 991 3238 de
1018 3159 1137 3266 capite
1164 3160 1313 3268 dequo
1339 3190 1450 3266 supra
1474 3160 1518 3238 fit
1540 3162 1705 3249 mencio,
1740 3162 1829 3239 dixit

400 3321 468 3398 per
482 3294 740 3399 juramentum
756 3321 869 3370 suum
884 3291 989 3398 quod
1004 3318 1197 3397 nunquam
1214 3291 1307 3368 vidit
1326 3290 1421 3367 illud
1440 3310 1503 3368 aut
1520 3292 1710 3369 audiverat
1725 3291 1827 3398 loqui

401 3423 448 3500 de
461 3451 522 3511 eo,
540 3451 738 3530 usquequo
750 3423 927 3501 dominus
938 3425 1033 3529 Papa
1043 3420 1132 3498 feeit
1147 3421 1323 3530 Magistro
1335 3440 1372 3498 et
1383 3422 1453 3528 ipsi
1466 3423 1531 3528 qui
1545 3421 1716 3528 loquitur
1731 3452 1829 3500 men·

399 3554 541 3631 tionem
564 3554 610 3631 de
630 3554 702 3632 hoc
722 3554 888 3632 Pictavis.
910 3556 1160 3660 Interrogatus
1177 3570 1302 3630 utrum
1324 3554 1377 3640 vi,
1399 3551 1458 3629 vel
1475 3569 1580 3630 metu
1597 3553 1754 3640 carceris
1768 3569 1829 3630 aut

399 3702 696 3773 tormentorum,
728 3685 785 3762 vel
805 3685 927 3790 aliqua
953 3683 1000 3760 de
1028 3712 1152 3772 causa,
1179 3682 1344 3789 aliquam
1369 3681 1564 3760 sulsitatem
1586 3682 1828 3762 immiscuerit

400 3817 438 3891 in
449 3843 515 3894 sue
527 3797 778 3923 deposicione,
793 3834 855 3894 aut
867 3814 1060 3894 veritatem
1073 3815 1243 3902 tacuerit,
1261 3813 1353 3890 dixit
1368 3843 1435 3920 per
1445 3814 1702 3920 juramentum
1716 3843 1825 3892 suum

400 3947 506 4052 quod
520 3975 614 4036 non,
632 3949 750 4024 immo
769 3975 903 4051 purum
919 3963 957 4023 et
972 3974 1114 4022 meram
1128 3945 1270 4023 dixerat
1289 3973 1358 4050 pro
1380 3943 1497 4021 salute
1514 3943 1638 4020 anime
1655 3971 1721 4020 sue
1736 3944 1828 4020 veri·

400 4094 527 4154 tatem.
541 4078 629 4156 Acta
644 4078 810 4155 sunthec
825 4079 864 4152 in
875 4076 990 4154 domo
1003 4075 1151 4181 Templi
1165 4075 1395 4164 Parisiensis,
1407 4103 1523 4162 anno,
1534 4073 1742 4162 indicione,
1754 4073 1826 4162 die,

401 4235 531 4284 mense
549 4225 587 4284 et
605 4209 827 4315 pontificatu
843 4207 1036 4314 predictis,
1055 4207 1291 4313 presentibus
1310 4205 1495 4314 religiosis
1511 4222 1548 4281 et
1562 4203 1729 4284 honestis
1745 4205 1828 4284 viris

402 4337 577 4417 iratribus
598 4341 707 4417 Petro
728 4339 937 4427 Lamberti,
959 4337 1165 4418 Guillclmo
1186 4339 1232 4415 de
1256 4338 1426 4425 Polonia,
1453 4336 1605 4414 Nicolao
1624 4336 1746 4416 Greco
1771 4364 1829 4414 or·

401 4469 500 4548 dinis
520 4472 816 4559 Predicatomm,
838 4469 1045 4550 Guillelmo
1068 4471 1115 4547 de
1135 4471 1313 4576 Choques
1342 4469 1420 4546 cive
1438 4468 1651 4574 Parisiensi,
1679 4487 1715 4544 et
1738 4470 1829 4574 Ray-

401 4603 544 4678 mundo
566 4601 781 4692 Castellani,
804 4621 841 4685 et
861 4602 1031 4711 pluribus
1045 4601 1128 4678 aliis
1148 4601 1195 4678 ad
1214 4602 1393 4705 premissa
1413 4599 1550 4676 vocatis
1570 4599 1728 4677 te'stihus
1747 4625 1828 4705 spe·

402 4735 544 4810 cialiter
564 4753 601 4810 et
621 4735 768 4844 rogatis.
