4208 5886
693 515 1354 618 ruocnsossrarrrcrans.
1469 555 1473 567 ·
1656 536 1731 609 aar

307 677 463 756 fratrem
478 677 632 754 Petrum
654 677 702 756 de
718 677 880 758 Grilerio
898 677 1060 756 militem
1081 679 1275 784 qnondam
1297 677 1345 754 de
1368 674 1560 768 Arvernia,
1580 702 1734 782 presen-

305 808 408 886 tibus
419 807 715 886 lratribusPetro
730 810 776 887 de
787 809 934 888 Malbec
945 825 983 886 et
1000 795 1209 886 Guillelmo
1222 809 1452 889 Guinamant
1472 805 1735 915 Arvernigenis

306 939 571 1052 servientibus,
587 939 799 1019 deffunctis.
821 939 854 1018 A
871 968 947 1046 quo
967 957 1161 1045 receptore
1181 938 1375 1046 requisivit
1394 937 1612 1016 societatem
1633 937 1735 1015 ordi-

307 1070 384 1160 nis3
406 1101 483 1179 qua
501 1097 688 1162 concessa,
712 1071 801 1150 lecit
819 1099 909 1148 eum
932 1099 1065 1148 vovere
1096 1087 1134 1148 et
1151 1071 1281 1178 jurare
1306 1070 1530 1160 castitatem,
1554 1069 1735 1146 obedien-

306 1203 421 1292 ciam,
436 1203 557 1280 vivere
568 1202 648 1279 sine
661 1203 830 1308 proprio,
849 1229 993 1280 servare
1004 1202 1128 1279 bonos
1142 1226 1234 1280 usus
1243 1200 1308 1308 qni
1321 1218 1412 1278 tunc
1424 1217 1530 1276 erant
1544 1200 1583 1277 in
1599 1202 1734 1280 ordine

307 1332 427 1440 etqui
453 1332 493 1408 in
517 1350 710 1438 posterum
729 1333 1017 1438 imponerentur
1039 1360 1108 1438 per
1132 1331 1368 1440 Magistrum,
1394 1358 1473 1408 non
1492 1329 1657 1408 revelare
1676 1361 1733 1412 se-

297 1479 407 1540 creta
426 1460 706 1568 capitoliorum,
729 1463 776 1539 de
797 1461 879 1569 ejus
896 1461 1119 1568 recepcione
1143 1462 1182 1538 in
1202 1459 1352 1566 speciali
1373 1488 1451 1538 non
1478 1459 1607 1538 habita
1626 1489 1734 1540 men-

306 1593 430 1685 cione,
452 1610 491 1671 et
512 1592 620 1700 quod
644 1619 723 1670 non
749 1593 957 1671 dimitteret
985 1593 1159 1670 ordinem
1182 1620 1251 1697 pro
1272 1590 1421 1668 meliori
1441 1590 1501 1667 vel
1526 1591 1663 1698 pej0ri3
1696 1609 1734 1672 et

305 1722 483 1831 imposito
508 1723 579 1800 sibi
599 1721 798 1816 mantello,
820 1723 898 1830 ipse
921 1739 1095 1830 receptor
1125 1721 1197 1800 luit
1218 1719 1408 1800 osculatus
1433 1719 1576 1796 dictum
1597 1738 1732 1800 testem

305 1855 345 1931 in
372 1853 556 1932 umbilico
589 1881 703 1959 super
731 1870 866 1942 vestes,
895 1871 935 1930 et
956 1854 1035 1960 ipse
1059 1852 1165 1930 testis
1189 1868 1349 1929 astantes
1381 1852 1420 1926 in
1442 1880 1519 1930 ore.
1547 1853 1733 1962 Postque

304 1983 490 2061 instructo
505 1983 587 2088 ipso
601 1999 697 2061 testo
713 2011 781 2090 per
801 1984 945 2062 dictum
960 2000 1194 2091 receptorem
1210 1999 1305 2089 quot
1323 1984 1437 2062 Pater
1452 1998 1569 2060 noster
1581 2013 1649 2091 pro
1665 1986 1736 2067 ho-

304 2113 357 2192 ris
368 2115 446 2192 suis
456 2114 616 2203 diceret,
634 2114 757 2192 dictus
769 2132 940 2220 receptor
951 2113 1120 2221 precepit
1132 2114 1257 2190 eidem
1268 2113 1371 2204 testi,
1385 2113 1424 2188 in
1436 2115 1630 2220 presencia
1642 2114 1734 2196 alio·

304 2273 415 2337 rum,
431 2244 539 2352 quod
557 2243 760 2351 abnegaret
772 2246 948 2337 lbesum,
964 2261 1002 2322 et
1021 2245 1100 2350 ipse
1120 2244 1228 2322 testis
1252 2243 1447 2352 abnegavit
1466 2245 1624 2322 lhesum
1648 2275 1730 2338 ore,

304 2403 384 2453 non
406 2375 532 2453 corde.
558 2374 707 2451 Deinde
735 2373 845 2452 allata
865 2403 934 2479 per
958 2373 1111 2450 fratrem
1139 2372 1332 2478 Ypolitum
1354 2373 1633 2482 presbyterum,
1665 2377 1731 2484 qui

305 2506 423 2583 eciam
435 2504 534 2582 dicte
550 2504 763 2611 recepcioni
783 2505 931 2596 aderat,
952 2505 1114 2611 quadam
1137 2531 1246 2580 cruce
1265 2503 1456 2581 metallina
1474 2533 1584 2612 parva
1601 2507 1642 2584 in
1660 2538 1732 2616 qua

305 2634 411 2714 nulla
426 2652 505 2712 erat
518 2661 653 2741 ymago
667 2633 863 2724 Crucilixi,
881 2633 1005 2712 dictus
1018 2647 1191 2740 receptor
1202 2633 1371 2740 precepit
1385 2635 1511 2710 eidem
1523 2636 1609 2714 testi
1627 2641 1734 2744 quod

303 2782 456 2871 spueret
467 2793 582 2869 snper
597 2763 734 2840 dictam
748 2793 915 2853 crucem,
935 2782 973 2842 et
986 2766 1064 2870 ipsc
1076 2765 1183 2841 testis
1197 2791 1275 2841 non
1290 2763 1394 2870 spuit
1404 2793 1515 2871 supra
1530 2767 1599 2846 sed
1608 2767 1730 2875 juxta3

303 2913 343 2974 et
361 2923 429 3001 per
449 2896 615 2973 eundem
629 2895 806 2985 modum,
824 2914 863 2972 et
878 2895 926 2974 ab
946 2897 1083 2974 eodem
1103 2913 1142 2972 et
1157 2895 1198 2972 in
1218 2895 1355 2975 eodem
1376 2894 1460 2974 loco
1474 2895 1547 2974 luit
1559 2915 1732 3005 receptus
1825 2929 1830 2942 ¹

304 3053 382 3102 nna
400 3053 486 3102 cum
509 3053 554 3102 eo
577 3024 814 3130 supradictus
832 3025 945 3103 irater
961 3024 1191 3104 Guillelmus
1208 3026 1457 3119 Guinamant,
1483 3027 1547 3134 qui
1574 3027 1733 3106 decessit

304 3155 344 3232 in
363 3155 537 3261 capcione
558 3153 678 3246 Acon,
700 3157 767 3234 sed
780 3155 852 3234 alia
867 3155 998 3234 illicita
1013 3185 1092 3234 non
1111 3157 1393 3236 intervenemnt
1411 3158 1450 3234 in
1469 3156 1578 3235 dictis
1598 3187 1731 3237 eorum

303 3285 591 3392 recepcionibus
607 3312 677 3362 nec
693 3303 789 3392 post.
810 3289 883 3364 Per
901 3288 1067 3366 eundem
1085 3289 1203 3365 eciam
1218 3290 1378 3367 modum
1395 3289 1489 3365 vidit
1507 3288 1643 3396 recipi,
1663 3319 1733 3398 per

303 3415 458 3492 fratrem
476 3414 693 3494 Guidonem
707 3415 887 3522 Dalpbini
902 3416 1080 3505 militem,
1102 3435 1238 3496 testem
1250 3445 1362 3524 supra
1375 3420 1644 3509 examinatum,
1659 3421 1733 3500 fra·

303 3561 402 3622 trem
423 3542 671 3623 Guillelmum
691 3543 855 3651 Aynardi
876 3546 1119 3635 servientem,
1136 3547 1177 3624 in
1191 3547 1333 3653 capella
1353 3547 1491 3626 domus
1506 3550 1657 3656 Templi
1682 3552 1731 3629 de

304 3671 420 3754 Cellis
438 3674 757 3754 Claramontensis
776 3675 952 3768 diocesis,
977 3704 1202 3782 perannum
1220 3675 1281 3756 vel
1296 3677 1390 3756 circa
1410 3696 1496 3756 ante
1515 3682 1730 3786 capcionem

304 3831 456 3892 eorum,
477 3803 718 3909 presentibus
744 3803 920 3884 fratribus
943 3804 1152 3886 Guillelmo
1176 3809 1341 3914 Marsyas
1363 3807 1502 3899 milite,
1521 3809 1730 3891 Guillelmo

302 3934 476 4012 Textoris
494 3933 721 4039 presbitero,
738 3935 898 4014 testibus
916 3965 1026 4043 supra
1046 3937 1275 4016 examinatis.
1303 3938 1473 4017 Plurium
1499 3943 1730 4048 recepcioni·

301 4061 373 4142 bus
394 4091 473 4142 non
495 4063 630 4142 recolit
649 4092 689 4142 se
712 4064 874 4144 adfirisse
899 4067 998 4144 ultra
1022 4096 1145 4162 mare,
1161 4068 1228 4146 ubi
1250 4067 1322 4146 luit
1341 4086 1485 4178 septem
1501 4073 1629 4162 annis,
1658 4100 1730 4154 nec

303 4195 415 4284 citra;
436 4194 557 4272 credit
576 4211 705 4273 tamen
725 4197 831 4303 quod
843 4198 1101 4276 communiter
1116 4216 1154 4276 et
1166 4200 1309 4306 ubique
1328 4201 1583 4307 reciperentur
1597 4233 1730 4284 secun-

303 4323 395 4402 dum
410 4323 570 4402 modum
590 4323 839 4404 confessatmn
856 4355 923 4432 per
943 4357 1042 4406 eum.
1064 4330 1179 4422 ltem,
1200 4330 1293 4407 dixit
1313 4331 1419 4436 quod
1435 4332 1515 4439 ipse
1529 4333 1627 4412 bene
1650 4365 1730 4414 cre·

302 4455 416 4534 debat
426 4454 683 4534 ecclesiasticis
693 4458 953 4549 sacramentis,
974 4459 1130 4536 credens
1151 4461 1254 4566 quod
1268 4459 1329 4537 alii
1345 4460 1478 4540 fratres
1501 4465 1647 4544 ordinis
1664 4494 1730 4546 eo·

303 4583 391 4662 dem
407 4585 524 4664 modo
542 4587 756 4677 crederent,
778 4605 816 4666 et
834 4589 938 4695 quod
956 4615 1089 4666 eorum
1108 4588 1320 4667 sacerdotes
1340 4591 1467 4670 debite
1481 4593 1727 4677 celebrarent.

299 4705 541 4794 Glandestine
564 4716 855 4822 recipiebantur,
874 4716 990 4795 nullis
1011 4717 1247 4824 presentibus
1271 4719 1344 4798 nisi
1366 4720 1545 4800 iratribus
1564 4726 1726 4820 ordinis,

301 4869 345 4920 ex
370 4871 449 4952 quo
474 4845 594 4924 credit
611 4846 718 4952 quod
742 4863 843 4928 esset
860 4847 1023 4954 suspicio
1051 4863 1276 4928 contraeas.
1300 4850 1479 4931 Cordulis
1501 4856 1604 4934 unde
1622 4854 1727 4936 vole-
