4320 5898
364 519 411 589 aa
754 492 949 587 rnocts
975 510 1069 586 nas
1095 509 1395 584 reuertens.
1520 475 1530 498 '

363 659 511 734 Trccas.
534 653 751 764 Requisitus
768 656 799 730 si
812 656 882 733 scit
894 653 954 732 vel
970 652 1090 730 credit
1103 652 1208 760 qnod
1225 651 1288 728 alii
1306 652 1439 730 fratres
1457 647 1602 728 ordinis
1621 677 1794 728 commu·

362 788 460 866 niter
473 786 731 893 reciperentur
746 785 843 864 sicut
860 785 1037 894 deposuit
1055 812 1094 862 se
1110 783 1223 862 luisse
1241 802 1454 891 receptum,
1475 780 1671 888 respondit
1687 781 1794 889 quod

360 920 434 997 hoc
454 919 659 1010 nesciebat,
684 918 750 998 sed
770 917 902 1025 pocius
923 916 1100 996 credebat
1114 915 1218 1024 quod
1235 917 1287 994 sic
1303 916 1563 1023 reciperentur
1572 943 1688 1022 quam
1704 941 1794 992 con-

361 1052 531 1132 trarium.
553 1051 661 1138 Item,
681 1049 773 1127 dixit
787 1049 892 1157 quod
906 1049 1007 1127 bene
1022 1047 1200 1128 credebat
1213 1047 1470 1128 ecclesiasticis
1487 1046 1741 1138 sacramentis,
1757 1063 1795 1124 et

362 1182 482 1260 credit
496 1182 603 1290 quod
626 1179 689 1259 alii
716 1181 933 1270 crederent,
962 1198 1001 1258 ct
1025 1181 1132 1288 quod
1152 1208 1287 1275 eorum
1308 1181 1521 1258 sacerdotes
1544 1177 1672 1256 debite
1694 1176 1794 1256 cele-

360 1313 525 1392 brarent.
539 1313 681 1391 Juravit
695 1312 869 1412 ordinem
888 1340 966 1390 non
988 1312 1106 1403 exire,
1123 1311 1281 1390 credens
1296 1312 1402 1421 quod
1417 1293 1480 1389 alii
1493 1310 1597 1388 idem
1607 1309 1790 1419 jurarent.

362 1444 604 1523 Clandestine
619 1443 908 1551 recipiebantur.
929 1443 1107 1522 Cordulis
1127 1442 1230 1521 unde
1248 1443 1425 1556 volebant
1443 1441 1644 1548 assumptis
1667 1441 1793 1550 cinge-

360 1577 500 1654 bantur
519 1603 634 1683 super
649 1575 817 1654 camisias
840 1605 927 1654 cum
948 1575 1088 1683 quibus
1107 1573 1295 1682 jacebant.
1319 1575 1592 1686 Injungebatur
1611 1572 1664 1650 eis
1687 1572 1793 1680 quod

361 1735 438 1784 non
458 1705 668 1784 revelarent
682 1723 823 1785 secreta
843 1705 1096 1813 capitulorum
1114 1722 1152 1783 et
1166 1705 1273 1813 quod
1289 1703 1431 1812 absque
1443 1703 1598 1782 licencia
1611 1731 1689 1782 non
1703 1731 1793 1782 con·
1845 1758 1851 1768 -

360 1835 561 1917 [iterentur
579 1837 651 1915 nisi
668 1836 926 1916 sacerdotibus
947 1836 1105 1914 ordinis.
1126 1837 1274 1914 Fratres
1294 1836 1454 1914 scientes
1474 1861 1621 1914 errores
1640 1833 1795 1912 firerunt

362 1969 595 2080 negligentes
615 1967 701 2076 quia
732 1998 810 2048 non
831 1985 1075 2047 correxerunt
1097 1985 1161 2046 eos
1182 1996 1252 2045 nec
1273 1967 1598 2046 denunciaverunt
1614 1965 1792 2044 Ecclesia.

362 2101 515 2179 Audiuit
527 2100 602 2177 dici
620 2099 725 2207 quod
747 2097 862 2177 frater
880 2099 1072 2178 Gerardus
1095 2098 1143 2175 dc
1156 2097 1361 2178 Villarihus
1379 2114 1598 2206 preceperat
1616 2096 1792 2206 restringi

363 2231 610 2310 eleemosinas
626 2248 664 2308 ct
679 2230 989 2337 hospitalitatem,
1009 2258 1102 2336 quas
1115 2226 1211 2306 vidit
1223 2227 1492 2307 convenienter
1506 2226 1588 2305 lieri
1604 2244 1642 2304 et
1656 2229 1791 2306 servari

361 2361 401 2437 in
415 2361 595 2441 domibus
610 2360 754 2439 ordinis
769 2361 809 2437 in
830 2360 971 2468 quibus
986 2360 1127 2438 exstitit
1141 2375 1406 2438 commoratus.
1427 2357 1728 2437 Dellcndebatur
1740 2360 1794 2436 eis

363 2492 468 2599 quod
486 2493 565 2570 non
585 2493 822 2601 acquirerent
844 2491 982 2569 illicite·
998 2490 1141 2580 ordini,
1168 2491 1208 2568 in
1230 2519 1309 2599 quo
1331 2507 1517 2570 servatum
1538 2490 1670 2570 fuisset
1688 2491 1794 2599 quod

363 2652 523 2732 magnus
553 2625 732 2734 Magister
760 2652 848 2701 cum
872 2639 1058 2701 conventu
1086 2623 1291 2716 statuisset,
1321 2641 1449 2702 contra
1473 2651 1589 2732 quem
1617 2622 1793 2700 ordinem

363 2783 465 2833 nunc
475 2755 630 2865 grandia
650 2752 838 2846 scandala,
861 2754 1025 2861 suspicio
1047 2769 1085 2830 et
1106 2752 1260 2832 infamia
1281 2772 1371 2832 sunt
1391 2771 1528 2833 exorta.
1548 2753 1702 2834 Audivit
1719 2754 1793 2831 dici

363 2905 543 2994 magnum
564 2885 786 2996 Magistrum
806 2901 844 2962 et
862 2883 955 2964 alios
974 2884 1100 2994 aliqua
1116 2883 1306 2964 confessos
1320 2884 1434 2963 fuisse
1452 2902 1580 2964 contra
1600 2886 1791 2974 ordinem,

363 3017 413 3094 ad
426 3018 533 3127 cujus
544 3016 819 3122 deffensionem
833 3045 947 3125 super
958 3001 1150 3124 aliquibus
1159 3017 1309 3124 punctis
1324 3045 1363 3095 se
1378 3015 1578 3110 obtulerat,
1592 3045 1671 3094 non
1687 3018 1793 3125 quod

363 3149 579 3226 intenderet
594 3176 684 3226 eum
700 3147 918 3227 deffendere
932 3177 953 3224 a
967 3145 1185 3226 confessatis
1200 3175 1269 3255 per
1283 3175 1393 3237 eum3
1408 3165 1446 3225 et
1460 3147 1534 3225 luit
1547 3147 1586 3225 in
1607 3148 1793 3255 principio

260 3289 267 3300 “
363 3297 593 3387 protestatus
615 3279 721 3389 quod
745 3306 823 3358 non
853 3279 1074 3359 intendebat
1094 3279 1272 3358 recedere
1293 3307 1314 3355 a
1338 3278 1580 3386 deposicione
1604 3307 1674 3386 per
1705 3306 1793 3357 eum

363 3409 460 3488 laeta
477 3438 603 3488 coram
622 3409 723 3488 dicto
739 3411 897 3488 domino
918 3411 1096 3518 episcopo
1107 3410 1341 3490 Camotensi.

420 3541 638 3648 Requisitus
653 3541 683 3620 si
697 3542 750 3619 sic
764 3542 991 3649 deposuerat
1005 3570 1134 3650 prece,
1149 3511 1344 3650 precbpto,
1356 3541 1511 3630 timore,
1524 3569 1670 3633 amore,
1685 3541 1791 3629 odio,

362 3672 421 3750 vel
437 3673 638 3780 temporali
653 3675 815 3752 comodo
830 3672 960 3751 habito
978 3672 1038 3751 vel
1053 3673 1248 3764 habendo,
1273 3671 1471 3780 respondit
1490 3672 1594 3780 quod
1617 3701 1710 3761 non,
1728 3673 1795 3750 sed

363 3831 431 3909 prn
451 3802 605 3882 veritate
633 3803 816 3894 dicenda3
846 3804 906 3880 cui
930 3802 1003 3881 suit
1027 3803 1240 3909 injunctum
1260 3802 1364 3910 quod
1389 3830 1467 3880 non
1493 3803 1676 3882 revelaret
1699 3803 1795 3880 hanc

365 3961 470 4011 suam
493 3933 773 4040 deposicionem
789 3959 988 4040 quousque
1011 3933 1270 4012 attestaciones
1284 3932 1426 4015 fiterint
1444 3933 1647 4041 publicate.

299 4223 308 4240 ’
336 4183 338 4186 ’
422 4199 552 4277 Frater
570 4201 702 4278 Petrus
728 4198 776 4277 de
798 4199 885 4276 Janz
910 4198 1075 4278 serviens
1097 4196 1329 4280 Belvacensis
1355 4199 1533 4290 diocesis,
1557 4200 1664 4278 testis
1684 4217 1795 4308 s'upra

360 4330 528 4438 juratus,
557 4331 816 4440 sexagenarius
840 4330 899 4408 vel
928 4331 1041 4423 circa,
1071 4358 1149 4408 non
1172 4331 1360 4412 defferens
1387 4331 1612 4410 mantellum
1632 4331 1793 4422 ordinis,

364 4461 454 4568 quia
473 4463 599 4568 ipsum
617 4462 810 4540 dimiserat
830 4460 869 4538 in
886 4461 1047 4541 concilio
1063 4462 1294 4555 Senonensi,
1316 4480 1444 4572 postea
1465 4463 1546 4541 radi
1566 4462 1706 4541 fecerat
1724 4463 1795 4541 sibi

365 4593 544 4684 barbam,
568 4623 654 4673 cum
676 4623 753 4704 quo
769 4595 995 4704 inquisitum
1015 4594 1158 4690 luerat,
1178 4595 1375 4682 absolutus
1393 4613 1431 4675 et
1446 4595 1710 4675 reconciliatus
1729 4624 1797 4705 per

366 4726 567 4806 dominum
587 4726 809 4835 episcopum
829 4727 1095 4818 Parisiensem,
1117 4728 1224 4808 lectis
1243 4746 1281 4807 et
1300 4728 1504 4839 diligenter
1527 4729 1703 4836 expositis
1722 4729 1793 4807 sibi

366 4859 543 4938 omnibus
576 4878 614 4939 et
637 4860 796 4970 singulis
832 4860 1014 4955 articulis,
1042 4861 1238 4969 respondit
1264 4890 1303 4939 se
1328 4861 1494 4953 nescire,
1522 4889 1593 4938 nec
1619 4861 1792 4955 credere,
