4320 5898
354 501 356 504 ·
395 508 439 582 rs
779 485 975 584 Procas
1002 503 1097 578 ons
1122 496 1427 596 annectens.

387 649 494 759 quod
502 645 663 728 faciebat
675 649 729 731 eis
743 650 849 730 illam
862 646 1144 758 indulgenciam
1159 669 1273 752 quam
1285 654 1445 748 poterat.
1462 635 1679 744 Requisitus
1691 637 1722 714 si
1734 653 1821 745 post

389 780 534 860 dictum
548 780 754 889 capitulum
769 783 955 891 potuisset
969 779 1106 887 aliquis
1120 773 1284 854 accusari
1300 772 1348 853 de
1364 769 1490 878 aliqua
1501 767 1612 876 culpa
1621 769 1821 848 commissa

389 941 458 1021 per
473 939 563 992 eum
578 931 664 992 ante
680 913 825 994 dictum
842 913 1063 1023 capitulum,
1082 906 1279 1016 respondit
1289 904 1395 1013 quod
1405 903 1468 982 sic.
1483 903 1592 996 Item,
1609 899 1703 979 dixit
1715 901 1822 1009 quod

389 1045 429 1121 in
448 1043 671 1153 receptione
689 1073 757 1127 sua
772 1047 962 1156 juraverat
987 1043 1162 1122 ordinem
1183 1067 1262 1118 non
1283 1037 1403 1127 exire,
1426 1050 1464 1112 et
1483 1033 1587 1112 idem
1604 1034 1824 1142 juraverant

390 1175 446 1256 illi
476 1204 573 1285 quos
605 1177 702 1257 vidit
726 1178 863 1288 recipi,
894 1177 1036 1285 absque
1060 1172 1218 1253 licencia
1242 1168 1484 1278 superiorum
1513 1195 1682 1246 suorum.
1711 1165 1824 1246 Clan-

391 1308 537 1388 destine
558 1309 851 1419 recipiebantur,
874 1339 918 1390 ea
938 1337 1015 1418 qno
1033 1307 1154 1386 credit
1172 1303 1279 1414 quod
1298 1318 1398 1382 esset
1416 1299 1579 1408 suspicio
1596 1315 1728 1379 contm
1743 1328 1820 1378 eos.

388 1439 518 1520 Credit
539 1443 647 1549 quod
670 1443 815 1551 ubique
840 1442 1104 1550 reciperentur
1129 1439 1170 1516 in
1189 1435 1326 1516 ordine
1347 1431 1589 1512 uniformiter
1609 1433 1822 1512 seeundum

391 1572 551 1652 modum
569 1571 822 1654 conlassatum
834 1603 905 1684 per
923 1603 1024 1652 eum.
1042 1569 1316 1682 injungebatur
1331 1566 1386 1645 eis
1399 1565 1506 1673 quod
1520 1593 1600 1643 non
1614 1565 1825 1644 revelarent

391 1721 532 1783 secreta
550 1704 823 1813 capitulorum,
853 1707 974 1785 eciam‘
995 1705 1072 1784 illis
1091 1701 1270 1780 fratribus
1292 1699 1358 1808 qui
1384 1727 1462 1776 non
1490 1697 1705 1791 adfuerant,
1728 1717 1768 1777 et
1793 1700 1824 1776 si

391 1834 629 1928 revelassent,
644 1838 903 1945 perdidissent
915 1838 1090 1928 domum,
1106 1833 1194 1944 quia
1206 1834 1277 1912 iste
1293 1848 1372 1909 erat
1384 1859 1486 1909 nnus
1497 1830 1546 1908 de
1560 1830 1673 1909 'dictis
1687 1857 1823 1910 novem

392 1968 551 2050 casibus.
576 1968 771 2064 Quamdiu
799 1969 941 2050 habere
970 1984 1147 2076 poterant
1173 1961 1431 2044 sacerdotibus
1463 1961 1548 2071 [sic]
1576 1962 1720 2041 ordinis
1746 1991 1822 2041 non

392 2099 584 2180 debebant
597 2099 680 2179 aliis
699 2101 887 2193 confiteri,
901 2099 969 2177 sed
986 2099 1017 2176 si
1037 2127 1103 2176 eos
1118 2096 1258 2175 habere
1273 2122 1351 2174 non
1371 2111 1557 2203 poterant,
1574 2111 1749 2203 poterant
1768 2123 1825 2172 sa-

392 2229 613 2311 cerdotibus
625 2232 859 2310 secularibus
875 2230 935 2310 vel
950 2229 1130 2342 frutribus
1148 2226 1363 2308 Minoribus
1382 2226 1566 2306 confiteri.
1588 2227 1629 2303 ln
1652 2226 1825 2335 capitulis

390 2363 632 2471 generalibus
642 2345 923 2472 precipiebatur
932 2361 1111 2439 fratribus
1123 2358 1230 2468 quod
1239 2359 1338 2436 bene
1353 2356 1618 2466 recolligerent
1628 2357 1826 2466 religiosos

391 2511 430 2572 et
448 2494 569 2574 bonas
581 2521 777 2602 personas,
796 2511 835 2572 et
849 2492 955 2602 quod
970 2517 1105 2570 eorum
1120 2489 1281 2598 capellas
1295 2506 1472 2568 tenerent
1490 2488 1590 2567 bene
1607 2506 1774 2584 omatas;
1788 2507 1826 2568 et

393 2625 643 2706 eleemosinas
668 2643 706 2706 et
727 2624 1024 2734 hospitalitatem
1047 2622 1142 2703 vidit
1165 2620 1434 2700 convenienter
1460 2613 1504 2698 in¹
1522 2620 1659 2698 ordine
1679 2621 1762 2700 fieri
1787 2637 1825 2700 et

392 2757 541 2836 servari.
557 2754 1155 2868 Precipiebatureisquoddebito
1168 2754 1285 2833 modo
1301 2754 1540 2862 acquirerent
1553 2752 1691 2833 ordini.
1704 2755 1823 2847 Clam,

394 2888 511 2969 nullis
532 2890 773 2998 presentibus
797 2890 868 2970 nisi
898 2887 1078 2966 fratribus
1103 2887 1264 2976 ordinis,
1289 2914 1423 2964 eorum
1446 2885 1623 2993 capitulio
1642 2886 1826 2965 teneban-

392 3037 466 3100 tur.
494 3023 611 3117 Quod
639 3051 798 3132 magnus
826 3020 1005 3130 Magister
1031 3048 1119 3096 cum
1144 3037 1333 3097 conventu
1360 3019 1549 3097 statuebat
1574 3018 1745 3098 servabat
1766 3037 1826 3098 to-

394 3171 456 3230 tus
474 3153 589 3245 ordo,
615 3171 744 3233 contra
766 3183 884 3262 quem
908 3181 1011 3230 nunc
1034 3151 1189 3260 grandia
1208 3151 1397 3244 scandala,
1422 3151 1585 3258 suspicio
1612 3167 1651 3229 et
1672 3151 1825 3230 infamia

394 3303 483 3364 sunt
501 3303 639 3365 exorta.
660 3289 742 3365 Non
764 3285 955 3364 obtulerat
974 3284 1080 3362 seed
1106 3281 1381 3362 deffensionem
1401 3281 1556 3362 ordinis.
1577 3282 1730 3362 Audivit
1752 3284 1825 3362 dici

395 3445 576 3526 magnum
595 3418 818 3526 Magistrum
834 3433 873 3496 et
891 3415 987 3495 elios
1003 3414 1151 3522 aliquos
1167 3443 1325 3508 errores,
1342 3415 1463 3495 nescit
1478 3445 1586 3524 quos,
1603 3414 1718 3494 finisse
1736 3443 1827 3494 con-

394 3547 654 3630 fessoscontm
673 3531 859 3648 ordinem.

450 3669 667 3790 Requisitus
678 3682 709 3762 si
724 3681 778 3762 sic
791 3681 1020 3789 deposuerat
1034 3708 1164 3787 prece,
1179 3697 1377 3788 precepto,
1394 3682 1550 3771 timore,
1568 3708 1715 3771 amore,
1734 3682 1825 3760 odie

394 3812 453 3892 vel
472 3814 675 3921 temporali
695 3815 858 3894 comodo
878 3811 1010 3889 habito
1028 3812 1086 3890 vel
1101 3813 1295 3903 babendo,
1312 3814 1510 3921 respondit
1525 3814 1630 3920 quod
1645 3841 1740 3904 non,
1760 3815 1828 3892 sed

394 3972 465 4051 pro
484 3945 641 4024 veritate
669 3943 855 4038 dicenda3
878 3943 938 4021 cui
963 3942 1036 4021 suit
1058 3944 1271 4054 injunctum
1292 3945 1399 4052 quod
1426 3973 1505 4023 non
1532 3943 1715 4025 revelaret
1733 3939 1829 4022 hanc

397 4104 503 4156 suam
524 4077 809 4186 deposicionem
825 4103 1025 4186 quousque
1047 4067 1307 4156 attestaciones
1327 4075 1468 4155 fiterint
1487 4077 1692 4186 publicata.

455 4341 585 4420 erue
599 4331 951 4420 caertesae
963 4319 1143 4432 serviam,
1161 4357 1359 4448 preceptor
1378 4340 1517 4420 comus
1531 4340 1683 4448 Tempu
1703 4341 1750 4420 ae
1769 4343 1833 4420 ca-

398 4490 475 4552 stro
495 4473 676 4553 bernardi
696 4472 949 4555 xantonensis
969 4471 1145 4561 diocesis,
1165 4473 1273 4550 testis
1292 4501 1405 4581 supra
1415 4473 1581 4582 juratus,
1604 4473 1829 4553 mantellum

399 4604 545 4684 ordinis
558 4624 596 4685 et
610 4605 765 4684 barbam
783 4603 987 4696 defferens,
1005 4603 1253 4714 quadraginta
1266 4633 1454 4685 annorum
1467 4604 1530 4683 vel
1545 4605 1662 4696 circa,
1678 4603 1831 4683 absolu-

397 4755 458 4816 tus
470 4752 508 4816 et
526 4738 790 4817 reconciliatus
802 4767 871 4845 par
884 4736 1084 4817 dominum
1098 4737 1322 4846 episcopum
1332 4737 1614 4818 Xantonensem
1626 4737 1693 4846 qui
1705 4736 1831 4846 inqui-

280 4915 284 4924 ι
399 4869 534 4950 siverat
553 4898 639 4948 cum
660 4898 722 4958 eo,
745 4887 789 4947 ut
801 4869 910 4960 dixit,
927 4868 1035 4947 lectis
1050 4887 1088 4947 et
1101 4867 1305 4976 diligenter
1316 4869 1496 4977 expositis
1507 4869 1579 4948 sibi
1596 4868 1776 4948 omnibus
1793 4884 1831 4946 et
