4320 5898
416 527 464 602 sa
802 507 1000 602 rnocts
1027 528 1122 601 uns
1148 528 1453 602 reuertens.

413 669 527 782 recipi
549 669 591 747 in
614 669 766 760 ordine,
793 697 864 747 nec
889 668 1111 750 interfuerat
1134 670 1307 779 capitulis
1332 698 1482 763 eorum,
1507 669 1596 779 quia
1620 669 1844 749 intendebat

413 801 462 880 ad
481 801 765 912 agriculturam,
784 803 888 880 unde
905 801 1098 881 nesciebat
1114 804 1161 881 de
1176 803 1364 883 contentis
1383 802 1424 880 in
1440 802 1551 902 dictis
1570 801 1752 893 articulis,
1774 830 1845 880 nec

413 934 591 1014 credebat
609 963 680 1014 nec
699 935 892 1014 audiverat
907 934 981 1012 dici
997 934 1068 1013 nisi
1083 937 1188 1044 quod
1207 911 1391 1043 sequitur.
1409 934 1512 1014 Dixit
1526 934 1629 1014 enim
1645 935 1751 1042 quod
1763 934 1843 1042 ipse

412 1084 600 1175 receptus,
613 1066 737 1146 fuerat
761 1065 802 1144 in
829 1065 971 1174 capella
997 1066 1134 1147 domus
1154 1065 1306 1176 Templi
1331 1066 1380 1146 de
1407 1065 1513 1145 bello
1543 1066 1654 1148 Vissn
1684 1065 1845 1146 diocesis

308 1205 309 1208 ’
414 1199 659 1290 Senonensis,
674 1199 864 1278 dominica
875 1215 963 1308 post
976 1201 1120 1279 instans
1134 1198 1274 1279 festum
1287 1202 1528 1278 Pentecosten
1542 1215 1654 1278 crunt
1664 1225 1742 1278 nun
1755 1200 1844 1278 anni

412 1331 471 1410 vel
491 1333 602 1425 circa,
622 1359 692 1440 per
710 1331 866 1410 fratrem
887 1331 1101 1411 lohannem
1126 1333 1173 1412 de
1194 1305 1327 1412 Turno
1347 1331 1560 1441 quondam,
1581 1347 1673 1410 tunc
1690 1331 1845 1410 thesau-

413 1463 554 1543 rarium
588 1463 854 1555 Parisiensem,
888 1464 1131 1573 presentibus
1164 1463 1344 1544 fratribus
1376 1463 1543 1543 Roberto
1575 1462 1722 1541 Picardi
1753 1479 1845 1542 tunc

411 1613 632 1703 preceptore
654 1595 701 1674 de
721 1594 869 1688 Furcis,
897 1611 935 1673 et
958 1596 1130 1674 Jobanne
1150 1595 1249 1705 Lupi
1260 1596 1464 1674 'vineatore
1490 1595 1590 1674 dicte
1613 1594 1750 1674 domus
1773 1624 1846 1674 ser·

411 1727 616 1817 viantibus,
639 1725 859 1820 deffunctis3
880 1755 998 1836 aquo
1021 1728 1123 1806 dicto
1141 1744 1336 1836 receptore
1360 1757 1448 1806 cum
1468 1726 1653 1806 instanter
1672 1725 1846 1836 periisset

411 1885 549 1966 panem
575 1876 614 1937 et
640 1887 793 1968 aquarn,
816 1858 1033 1938 societatem
1056 1876 1094 1938 et
1117 1886 1325 1967 pauperem
1348 1858 1526 1938 vestitum
1551 1857 1712 1948 ordinis,
1745 1847 1844 1937 ea'ei

410 1990 668 2100 respondisset
692 1991 798 2099 quod
822 1987 923 2069 bene
947 1991 1194 2081 deliberaret,
1223 1990 1312 2099 quia
1337 2006 1532 2099 oporteret
1549 2019 1639 2070 eum
1659 1990 1843 2070 voluntati

411 2123 546 2233 subjici
565 2123 703 2215 aliene,
727 2141 765 2202 et
784 2121 906 2200 multa
924 2121 1018 2204 dura
1038 2139 1077 2201 et
1088 2151 1219 2231 aspera
1236 2123 1440 2212 sustinere,
1461 2121 1629 2205 finaliter
1645 2122 1735 2202 fecit
1754 2151 1844 2202 enm

411 2281 543 2334 vovere
563 2273 602 2335 et
610 2257 739 2366 jurare
759 2255 987 2345 castitatem,
1008 2253 1291 2347 obedienciam,
1314 2272 1352 2335 et
1370 2256 1492 2336 vivere
1512 2256 1594 2335 sine
1613 2256 1784 2364 proprio,
1806 2273 1845 2332 et

409 2413 553 2467 servare
575 2387 676 2467 bona
702 2387 864 2480 ordinis3
884 2405 972 2496 post
991 2415 1068 2496 que
1091 2387 1275 2496 imposuit
1293 2387 1365 2467 sibi
1384 2387 1626 2478 mantellum,
1649 2386 1787 2495 etipse
1806 2404 1846 2465 et

408 2519 540 2598 fratres
555 2536 718 2628 astantes
736 2519 893 2597 fuenmt
906 2547 997 2598 eum
1016 2517 1174 2599 osculati
1193 2519 1236 2596 in
1254 2547 1332 2600 ore.
1355 2521 1442 2617 Quo
1457 2519 1572 2610 lacto,
1595 2519 1678 2598 aliis
1692 2519 1844 2599 dnobus

411 2651 459 2730 de
479 2651 624 2759 capella
642 2651 883 2745 excuntibus,
905 2642 1030 2730 dictus
1042 2669 1214 2760 receptor
1227 2653 1398 2761 precepit
1413 2653 1485 2762 ipsi
1502 2653 1588 2731 testi
1607 2652 1714 2762 quod
1729 2651 1844 2732 abne-

409 2799 515 2891 garet
532 2783 659 2862 Deum
683 2811 749 2862 ore
769 2811 849 2862 non
870 2783 1001 2875 corde;
1026 2801 1064 2862 et
1090 2785 1278 2891 cumipse
1301 2785 1408 2864 testis
1426 2785 1602 2892 periisset
1625 2811 1743 2894 quare
1770 2767 1845 2863 boc

408 2913 564 3004 faceret,
583 2913 677 2993 dixit
690 2915 814 2994 dictus
829 2931 1004 3022 receptor
1016 2915 1123 3023 quod
1140 2944 1209 3024 pro
1227 2944 1272 2994 eo
1287 2917 1394 3025 quod
1408 2918 1498 3025 quia
1516 2916 1642 2996 eidem
1656 2917 1843 3025 receptori

408 3045 595 3153 placebat,
617 3064 657 3126 et
670 3063 763 3144 tuuc
781 3047 862 3155 ipse
874 3048 982 3126 testis
999 3045 1195 3156 abnegavit
1208 3049 1333 3128 Deum
1347 3075 1412 3128 ore
1429 3075 1507 3126 non
1527 3046 1659 3141 corde,
1675 3065 1721 3126 ut
1737 3048 1840 3126 dixit.

408 3176 558 3257 Deinde
569 3180 740 3288 precepit
754 3179 789 3260 ei
804 3178 910 3288 quod
927 3194 1082 3287 spueret
1092 3177 1585 3288 superquamdamcrucem
1600 3177 1782 3287 ligneam,
1802 3181 1842 3257 in

410 3337 484 3418 qua
492 3309 599 3390 nulla
609 3311 811 3418 apparebat
819 3337 955 3420 ymago
965 3310 1157 3400 Crucifixi,
1172 3310 1412 3419 appodiatam
1418 3310 1525 3419 juxta
1535 3309 1721 3392 cancellos
1732 3311 1844 3388 eccle·

409 3441 481 3536 sie,
498 3458 537 3520 et
551 3443 632 3550 ipse
645 3443 770 3533 testis,
791 3443 881 3550 quia
892 3443 1117 3551 promiserat
1129 3441 1408 3531 obedienciam,
1428 3442 1532 3550 spuit
1550 3469 1628 3521 non
1644 3453 1757 3549 super
1775 3444 1843 3521 sed

403 3577 510 3682 juxta
521 3574 660 3653 dictam
672 3603 834 3654 erucem.
846 3575 1098 3653 Postmodum
1106 3575 1276 3682 precepit
1292 3573 1324 3652 ei
1337 3575 1443 3683 quod
1457 3574 1692 3654 oscularetur
1703 3576 1841 3654 eumin

408 3733 497 3794 ano,
519 3706 685 3784 sednon
705 3705 779 3785 luit
799 3734 889 3786 eum
907 3705 962 3783 ibi
974 3706 1180 3798 osculatus,
1203 3706 1272 3784 sed
1287 3733 1402 3813 super
1412 3705 1594 3785 braccale.
1615 3705 1699 3806 Alia
1713 3704 1844 3792 illicita

408 3864 486 3916 non
510 3835 796 3914 intervenerunt
819 3838 859 3914 in
883 3837 1104 3944 recepcione
1124 3863 1192 3914 sua
1212 3836 1425 3945 supradicta
1445 3867 1515 3917 nec
1528 3856 1630 3948 post,
1652 3865 1725 3918 nec
1738 3841 1843 3918 scivit

394 3995 480 4046 nec
492 3967 635 4045 audivit
647 3968 721 4046 dici
735 3967 840 4076 quod
852 3967 1124 4046 intervenirent
1137 3967 1178 4045 in
1192 3970 1479 4076 recepcionibus
1496 3971 1660 4050 aliorum
1672 3971 1731 4050 vel
1743 3988 1839 4079 post,

410 4125 480 4177 nec
506 4100 576 4178 scit
597 4127 669 4178 nec
693 4099 814 4178 credit
837 4127 951 4208 super
972 4100 1046 4179 boc
1070 4117 1114 4177 ut
1137 4101 1335 4208 respondit
1358 4103 1576 4212 requisitus.
1601 4103 1714 4196 Item,
1749 4103 1842 4182 dixit

410 4231 516 4340 quod
524 4231 564 4309 in
581 4231 643 4310 die
661 4231 820 4313 Veneris
834 4247 960 4310 sancta
978 4231 1214 4310 adborabant
1233 4233 1366 4312 devote
1388 4250 1427 4312 et
1444 4252 1660 4313 reverenter
1671 4241 1839 4328 crucem,
1886 4278 1894 4296 ι

409 4379 448 4441 et
480 4362 587 4470 quod
618 4363 698 4472 ipse
726 4363 826 4442 bene
858 4361 1038 4442 credebat
1071 4363 1327 4444 ecclesiasticis
1358 4367 1617 4456 sacramentis,
1655 4384 1694 4444 et
1721 4366 1842 4444 credit

407 4487 515 4601 quod
543 4492 607 4572 alii
634 4493 766 4574 fratres
793 4494 939 4574 ordinis
968 4495 1107 4574 eodem
1126 4495 1243 4575 modo
1264 4497 1479 4591 crederent,
1510 4514 1549 4577 et
1572 4501 1678 4608 quod
1707 4528 1841 4578 eorum

407 4613 620 4704 sacerdotes
634 4625 763 4705 debite
780 4625 1027 4706 celebrarent.
1049 4629 1092 4706 ln
1109 4629 1333 4735 recepcione
1351 4658 1419 4708 sua
1434 4629 1508 4708 luit
1523 4631 1558 4709 ei
1576 4631 1721 4710 dietum
1736 4631 1842 4740 quod

406 4755 533 4836 statim
560 4785 630 4865 pro
653 4757 824 4867 professo
847 4757 1071 4838 habebatur.
1105 4757 1350 4842 Clandestine
1375 4763 1667 4871 recipiebantur,
1694 4791 1737 4840 er
1763 4791 1840 4872 quo

409 4887 529 4968 credit
548 4890 654 4999 quod
683 4907 781 4970 esset
805 4891 967 4998 suspicio
990 4909 1118 4970 contra
1143 4921 1225 4973 eos·
1247 4892 1424 4973 Cordulis
1449 4894 1553 4974 unde
1579 4895 1758 4974 volebant
1783 4923 1841 4973 as-
