4242 5890
215 1013 231 1048 4

344 558 418 634 ssl
460 509 466 522 ⁴
738 533 1062 644 vnocssnss
1087 547 1390 623 rsuvmsns

345 703 450 790 citur,
473 729 494 776 a
515 696 622 776 dictis
645 696 836 786 fratribus,
856 695 948 774 dixit
965 692 1070 804 quod
1085 719 1180 784 non,
1202 690 1288 798 quia
1314 717 1506 798 nunquam
1526 687 1598 768 luit
1616 688 1655 765 in
1675 688 1774 796 capi-

343 831 434 910 tulis
455 859 587 909 eorum
605 827 853 936 generalibus.

390 1096 499 1171 ¹ltem
520 1120 635 1181 anno,
658 1090 880 1174 indictione,
903 1086 1138 1196 pontificatu,
1158 1114 1274 1176 anno,
1295 1113 1425 1162 mense
1447 1101 1484 1163 et
1501 1083 1563 1162 die
1580 1081 1774 1192 predictis,

348 1225 386 1300 in
411 1222 529 1331 ipsius
553 1222 800 1329 inquisitoris,
827 1238 998 1300 nostrum
1022 1219 1254 1298 notariorum
1277 1216 1515 1324 publicorum
1536 1230 1573 1292 et
1592 1213 1777 1293 infrascri-

348 1373 498 1461 ptorum
518 1355 671 1432 testium
690 1353 881 1460 presencia
906 1350 1131 1431 constitutus
1154 1349 1266 1428 frater
1290 1350 1461 1427 Matheus
1487 1347 1535 1426 de
1560 1348 1679 1426 Bosco
1701 1345 1777 1424 lu-

351 1487 494 1564 demari
522 1485 752 1563 Belvacensis
776 1483 952 1572 diocesis,
979 1481 1154 1589 magister
1174 1479 1310 1558 domus
1333 1479 1381 1556 de
1408 1477 1614 1568 elichum,
1640 1476 1776 1556 eodem

350 1618 468 1695 modo
483 1618 645 1723 juratus,
667 1632 704 1691 et
718 1615 966 1721 interrogatus
993 1612 1040 1688 de
1063 1630 1236 1717 tempore
1257 1628 1295 1686 et
1311 1609 1426 1688 modo
1441 1608 1671 1716 recepcionis
1690 1636 1775 1700 sue,

352 1745 444 1824 dixit
471 1774 539 1854 per
556 1746 815 1853 juramentum
841 1771 952 1822 suum
978 1741 1083 1850 quod
1107 1757 1279 1848 receptus
1298 1738 1370 1818 fuit
1398 1739 1498 1846 apud
1524 1739 1778 1846 Latigniacum

353 1880 502 1956 Siccum
531 1877 732 1954 Meldensis
751 1874 928 1964 diocesis,
959 1903 1028 1981 per
1051 1872 1204 1950 fratrem
1223 1871 1434 1950 lohannem
1458 1870 1507 1950 de
1534 1872 1664 1950 Turno
1689 1887 1779 1948 tuuc

350 2007 624 2086 thesaurarium
643 2007 793 2112 Templi
813 2005 990 2094 Parisius,
1009 2003 1248 2112 presentibus
1261 2002 1373 2081 fratre
1392 2000 1562 2080 lohanne
1582 1999 1630 2080 de
1651 2003 1780 2082 Reson-

353 2141 456 2218 curia
479 2157 517 2217 et
535 2137 647 2216 fratre
667 2137 817 2216 Nicolao
838 2137 1048 2244 Flamingo,
1072 2134 1249 2214 fratribus
1268 2133 1411 2211 ordinis
1431 2131 1605 2238 predicti,
1632 2150 1670 2210 et
1698 2131 1781 2239 qui·

353 2271 512 2349 busdam
533 2270 612 2347 aliis
631 2271 678 2346 de
694 2298 856 2376 quorum
876 2268 1093 2346 nominibus
1109 2295 1186 2346 nou
1200 2265 1344 2344 recolit.

409 2407 657 2510 Interrogatus
677 2401 872 2509 quomodo
890 2377 962 2480 suit
985 2417 1174 2508 receptus,
1195 2398 1288 2476 dixit
1307 2428 1375 2507 per
1389 2398 1648 2506 jurameutum
1669 2426 1781 2476 suum

353 2534 458 2642 quod
479 2533 653 2638 expositis
678 2533 801 2610 eidem
823 2531 948 2610 multis
967 2531 1152 2638 preceptis
1183 2548 1219 2608 et
1239 2529 1486 2609 observanciis
1511 2529 1607 2607 dicti-
1621 2529 1778 2618 ordinis,

355 2681 393 2742 et
415 2665 559 2743 statutis
580 2681 617 2741 et
637 2664 804 2752 secretis,
831 2691 905 2770 que
926 2662 1122 2742 observare
1142 2661 1314 2768 promisit
1339 2680 1377 2738 et
1400 2679 1547 2752 tenere,
1572 2656 1782 2768 posuerunt

355 2797 403 2874 ad
422 2795 559 2873 collum
580 2823 690 2872 suum
709 2793 929 2872 mantellum
947 2793 1107 2882 ordinis3
1130 2809 1167 2870 et
1184 2811 1275 2870 tuno
1296 2792 1478 2900 recipiens
1499 2792 1605 2870 duxit
1627 2820 1714 2871 eum
1735 2793 1783 2869 ad

354 2944 514 3035 partem,
532 2943 588 3016 et,
609 2942 754 3003 ostensa
773 2925 844 3002 sibi
860 2923 1021 3033 quadam
1038 2951 1146 3000 cruce
1165 2924 1204 3000 in
1221 2953 1295 3031 qua
1315 2939 1393 3000 erat
1412 2923 1557 3030 depicta
1567 2951 1701 3031 ymago
1711 2925 1784 3002 Do-

355 3057 584 3136 mininostri
603 3056 720 3134 lhesu
739 3055 876 3134 Christi
900 3055 1082 3145 crucifixi,
1102 3055 1263 3163 quesivit
1276 3053 1323 3132 ab
1342 3083 1387 3133 eo
1402 3072 1530 3132 utrum
1550 3054 1720 3133 crederet
1735 3083 1782 3134 an

353 3188 419 3265 ille
441 3188 547 3296 cujus
571 3216 704 3296 ymago
735 3206 814 3265 erat
833 3186 886 3264 ihi
914 3187 1058 3294 depicta
1080 3205 1176 3264 esset
1198 3187 1317 3275 Deus,
1352 3205 1388 3264 et
1416 3188 1494 3294 ipse
1520 3185 1585 3293 qui
1617 3185 1785 3294 loquitur

356 3319 551 3426 respondit
564 3319 668 3426 quod
687 3319 784 3397 bene
806 3319 981 3398 credebat
995 3318 1102 3425 quod
1115 3318 1179 3398 sic.
1194 3319 1240 3394 Et
1253 3335 1342 3394 tunc
1358 3317 1450 3394 dixit
1466 3315 1588 3396 dictus
1600 3317 1785 3424 recipiens

357 3451 461 3558 quod
479 3451 675 3558 oportebat
695 3450 800 3558 quod
820 3479 906 3528 eum
926 3449 1142 3557 abnegarem
1163 3466 1201 3527 et
1220 3449 1300 3554 ipse
1319 3448 1512 3554 respondit
1530 3446 1637 3555 quod
1656 3447 1784 3555 aliquo

357 3583 470 3660 modo
489 3610 566 3659 non
588 3581 735 3658 laceret.
757 3581 804 3658 Et
823 3597 911 3658 tunc
936 3580 1058 3659 dictus
1079 3579 1262 3686 recipiens
1291 3579 1418 3686 posuit
1444 3607 1532 3656 eum
1557 3577 1595 3654 in
1617 3578 1783 3684 quodam

357 3741 520 3801 carcere,
540 3713 579 3789 in
599 3740 675 3820 quo
695 3713 798 3789 stetit
815 3737 938 3819 usque
957 3712 1006 3788 ad
1023 3737 1205 3816 vesperas.
1228 3713 1276 3788 Et
1297 3737 1382 3786 cum
1399 3707 1553 3787 vidisset
1570 3708 1674 3815 quod
1688 3728 1787 3790 esset

357 3845 394 3920 in
413 3843 582 3950 periculo
600 3843 749 3934 mortis,
767 3843 897 3948 petivit
914 3841 1019 3949 quod
1039 3843 1168 3930 exiret,
1185 3859 1221 3919 et
1234 3840 1372 3920 faceret
1382 3840 1611 3918 voluntatem
1630 3839 1722 3947 ejus.
1738 3841 1785 3918 Et

356 3993 461 4068 tunc,
484 3975 664 4053 liberatus
686 3973 911 4063 decessere,
935 3972 1130 4082 abnegavit
1143 3973 1370 4051 terlhesurn
1390 3971 1598 4064 Christum
1620 3969 1784 4050 sednon

357 4105 490 4183 recolit
507 4106 612 4212 quod
636 4105 779 4211 spuerit
805 4132 915 4211 supra
940 4081 1089 4182 crucem
1111 4135 1119 4180 ε
1142 4120 1181 4180 et
1198 4121 1352 4211 propter
1374 4103 1447 4181 boc
1466 4131 1545 4183 non
1571 4100 1721 4193 recolit,
1741 4119 1784 4180 ut

358 4235 467 4325 dixit,
485 4237 589 4343 quod
609 4252 688 4312 erat
707 4236 756 4312 ita
777 4235 947 4312 turbatus
967 4253 1004 4312 et
1022 4235 1174 4312 territus
1192 4253 1346 4342 propter
1360 4234 1460 4312 illam
1475 4234 1781 4342 abnegacionem,

357 4367 462 4474 quod
481 4367 539 4443 vix
559 4366 698 4443 sciebat
717 4366 811 4473 quid
833 4364 1000 4446 faciebat.
1029 4366 1130 4444 Dixit
1152 4383 1279 4443 tamen
1302 4364 1404 4442 idem
1426 4365 1491 4472 qui
1516 4364 1695 4471 loquitur,
1718 4391 1786 4470 per

352 4499 608 4603 juramentum
625 4527 751 4588 suum,
769 4499 891 4605 quod,
911 4499 958 4575 de
973 4514 1150 4604 precepto
1163 4497 1252 4575 dicti
1265 4495 1495 4602 recipientis,
1513 4494 1698 4574 osculatus
1715 4493 1786 4572 fuit

358 4656 445 4706 eum
457 4629 495 4706 in
504 4631 684 4708 umbilico
699 4648 737 4708 et
750 4630 789 4706 in
800 4658 877 4707 ore.
889 4631 975 4724 Quo
986 4629 1097 4720 sacto,
1117 4628 1209 4706 dixit
1224 4625 1638 4736 sibirecipiensquodsi
1650 4625 1787 4734 aliquis

358 4760 457 4838 calor
472 4761 647 4838 naturalis
669 4779 836 4839 moveret
856 4789 943 4838 eum
959 4760 1007 4837 sd
1018 4760 1218 4838 libidinem
1235 4759 1493 4850 exercendam,
1508 4757 1647 4836 faceret
1658 4785 1786 4836 secum

351 4893 475 5000 jacere
495 4921 615 4970 unum
636 4894 684 4971 de
700 4893 876 4971 fratribus
894 4892 972 4970 suis
989 4908 1026 4969 et
1042 4891 1200 4970 haberet
1216 4919 1296 4968 rem
1314 4872 1398 4969 curis
1414 4917 1477 4980 eo,
1501 4906 1539 4967 et
1552 4867 1788 4996 permitterel
