4320 5898
726 509 921 606 rnocts
947 529 1043 603 nus
1068 525 1366 602 rnnrtrnns.
1706 533 1754 602 cc

392 671 522 748 Frater
539 669 722 748 Martinus
746 670 794 748 de
825 669 1029 749 Marselhes
1053 669 1287 748 Belvaoensis
1318 670 1477 748 diocesis
1500 670 1679 759 serviens,
1705 689 1756 749 te·

335 799 403 878 stis
434 829 544 906 supra
568 800 736 908 juratus,
764 801 1009 910 quadraginta
1036 828 1222 879 annorum
1247 798 1307 878 vel
1326 801 1438 888 circa,
1459 800 1524 906 qui
1545 798 1754 878 voluntarie

336 929 560 1009 mantellum
576 930 769 1011 dimiserat
783 949 822 1012 et
840 932 921 1009 radi
939 930 1078 1010 fecerat
1096 931 1168 1010 sibi
1187 930 1361 1024 barbam,
1380 949 1418 1008 et
1436 929 1632 1010 absolutus
1651 947 1689 1008 et
1702 958 1757 1006 re-

336 1058 555 1139 conciliatus
587 1057 710 1139 fuerat
738 1089 807 1168 per
835 1061 1036 1140 dominum
1059 1063 1382 1168 archiepiscopum
1407 1063 1647 1150 Remensem‚
1669 1088 1756 1166 pro·

334 1188 538 1270 testacione
565 1192 745 1296 premissa
764 1193 868 1300 qood
894 1219 973 1271 non
996 1192 1163 1271 intendit
1186 1191 1363 1270 recedere
1383 1219 1404 1268 a
1429 1191 1670 1297 deposicione
1686 1217 1757 1296 per

234 1311 247 1316 ”
335 1347 424 1397 eum
439 1319 533 1398 lecta
549 1348 674 1400 comm
693 1322 848 1401 domino
861 1321 907 1400 G.
920 1321 1162 1401 Ambianensi
1181 1323 1376 1431 quondam
1388 1319 1587 1428 'episcopor
1599 1318 1705 1398 lectis
1719 1338 1756 1398 et

335 1447 539 1558 diligenter
558 1451 735 1558 expositis
756 1451 827 1529 sibi
849 1453 1026 1531 omnibus
1051 1469 1090 1530 et
1117 1451 1274 1560 singulis
1296 1449 1480 1539 articulis,
1503 1448 1699 1558 respondit
1717 1479 1756 1526 se

335 1578 500 1670 nescire,
521 1607 591 1658 nec
606 1580 779 1673 credere,
796 1609 866 1660 nec
881 1582 1066 1662 audivisse
1083 1581 1157 1660 dici
1177 1584 1225 1660 de
1241 1580 1431 1661 contentis
1444 1581 1485 1658 in
1498 1579 1552 1658 eis
1566 1579 1638 1658 nisi
1652 1579 1758 1684 quod

334 1709 517 1817 sequitur.
538 1711 641 1789 Dixit
654 1735 817 1822 nemque
837 1740 877 1791 se
896 1711 1010 1790 fuisse
1024 1731 1220 1820 receptum
1239 1709 1436 1818 incapella
1456 1710 1594 1788 domus
1606 1709 1757 1814 Templi

335 1839 383 1917 de
401 1839 608 1918 Somoreus
627 1838 890 1921 Ambianensis
909 1841 1089 1931 diocesis,
1105 1842 1146 1918 in
1168 1842 1264 1922 sesto
1293 1841 1394 1918 beati
1417 1839 1558 1918 Mathei
1587 1839 1757 1945 proximo

333 1969 512 2076 preterito
531 1968 746 2047 lueruntxu
765 1970 852 2046 anni
871 1970 931 2047 vel
947 1971 1064 2061 circe,
1080 1997 1149 2076 per
1163 1969 1316 2048 fratrem
1334 1969 1544 2048 Robertum
1557 1967 1604 2044 de
1619 1967 1756 2046 Sancto

335 2099 442 2176 lusto
461 2097 675 2206 quondam,
689 2098 929 2204 presentibus
943 2097 1121 2178 fratribus
1139 2101 1310 2179 iohanne
1330 2099 1379 2177 de
1399 2099 1512 2185 Tere,
1533 2114 1627 2176 teste
1647 2125 1757 2203 supra

335 2228 567 2318 examinato,
596 2245 636 2305 et
659 2228 831 2305 lohanne
857 2229 1000 2336 Peynet
1023 2227 1261 2336 presbytero,
1286 2243 1382 2305 teste
1410 2253 1523 2332 supra
1538 2226 1665 2332 jurato
1691 2229 1758 2304 sed

334 2358 508 2437 nondum
533 2357 759 2449 examinato,
782 2373 820 2434 et
838 2355 994 2435 Alberto
1019 2357 1068 2433 de
1092 2355 1319 2437 Grimenilio
1346 2354 1578 2462 presbitero,
1603 2355 1757 2435 Garrico

334 2487 382 2566 de
402 2486 601 2578 Nulhieco,
617 2503 655 2564 et
672 2485 873 2591 liudulpho
893 2486 942 2564 de
959 2487 1106 2594 Sornoy
1120 2485 1387 2574 servientibus,
1405 2483 1625 2574 deffirnctis;
1648 2513 1756 2594 aquo

334 2633 527 2724 receptore
542 2615 671 2723 petitis
684 2616 866 2696 instanter
879 2643 976 2722 pone
997 2632 1034 2694 et
1055 2643 1171 2721 aqua,
1191 2615 1367 2694 societate
1389 2631 1427 2692 et
1441 2642 1605 2721 paupere
1621 2615 1758 2693 vestitu
1857 2649 1860 2656 ’

333 2746 497 2838 ordinis,
518 2747 610 2824 etei
630 2746 831 2835 concessis,
850 2742 941 2821 fecit
959 2771 1050 2822 eum
1070 2770 1202 2823 vovere
1223 2761 1261 2821 et
1275 2743 1404 2850 jurare
1419 2745 1643 2834 castitatem,
1666 2745 1758 2824 obe·

335 2875 540 2966 dieucum,
559 2891 597 2952 et
609 2875 730 2952 vivere
744 2874 824 2952 sine
843 2874 1019 2980 proprio,
1041 2890 1080 2951 et
1098 2873 1277 2980 imposito
1293 2872 1364 2950 sibi
1379 2871 1574 2966 mantello,
1584 2892 1758 2981 receptor

335 3023 375 3082 et
396 3032 533 3084 omnes
558 3009 722 3084 comtes
745 3003 902 3082 luerunt
928 3028 1017 3081 eum
1038 3002 1195 3082 osculati
1222 3003 1262 3078 in
1292 3031 1370 3080 ore.
1392 3003 1572 3109 Postque
1591 3005 1759 3111 precepit

333 3133 441 3240 quod
458 3161 595 3214 omnes
618 3134 684 3241 qui
711 3133 911 3212 adfuerant
927 3133 1166 3224 recederent,
1196 3148 1351 3238 excepto
1378 3131 1479 3209 dicto
1507 3130 1695 3222 doberto,
1721 3153 1758 3213 et

333 3292 422 3342 cum
458 3263 716 3351 recessissent,
759 3263 927 3370 precepit
962 3261 1033 3369 ipsi
1068 3261 1175 3352 testi,
1215 3263 1395 3368 presente
1425 3260 1527 3340 dicto
1564 3262 1753 3354 aluberto,

332 3394 439 3500 quod
465 3393 668 3503 abnegaret
699 3393 845 3482 Deum;
873 3409 911 3470 et
937 3391 1123 3497 cumipse
1146 3391 1253 3470 testis
1279 3391 1526 3497 responderet
1547 3395 1657 3500 ¹quod
1685 3396 1757 3473 hoc

334 3523 441 3604 nullo
460 3521 576 3602 modo
595 3522 751 3614 faceret,
778 3521 873 3599 dixit
892 3521 927 3600 ei
953 3519 1059 3630 quod
1078 3523 1151 3600 boc
1178 3521 1376 3628 oportebat
1400 3549 1488 3601 eum
1511 3520 1648 3610 facere,
1668 3525 1756 3631 quia

333 3653 422 3731 talia
445 3670 552 3733 erant
574 3669 714 3760 puncta
738 3651 903 3741 ordinis;
933 3667 1088 3729 ettunc
1107 3651 1187 3758 ipse
1207 3652 1313 3730 testis
1332 3651 1527 3759 abnegavit
1545 3654 1670 3731 Deum
1691 3681 1755 3732 ore

332 3811 410 3863 non
430 3785 554 3863 corde.
572 3783 721 3886 Deinde
735 3782 904 3891 precepit
917 3782 951 3859 'ei
966 3782 1072 3889 quod
1086 3799 1239 3889 spueret
1255 3810 1370 3889 super
1384 3782 1587 3890 quamdam
1606 3812 1756 3862 crucem

333 3914 584 4008 metallinam,
605 3915 645 3992 in
662 3919 738 4023 qua
758 3931 838 3992 erat
855 3941 991 4022 ymago
1009 3913 1336 4021 Cruoilixi,qua'1n
1354 3914 1476 3992 dictus
1492 3913 1682 3992 Aubertus
1699 3943 1757 3992 ac-

334 4063 484 4154 cepcret
500 4045 548 4124 de
571 4044 678 4124 alteri
708 4062 747 4123 et
765 4042 921 4122 tenebat
944 4043 984 4121 in
1011 4071 1145 4136 manu,
1171 4060 1210 4122 et
1234 4042 1314 4150 ipse
1337 4044 1444 4122 testis
1468 4043 1591 4122 noluit
1620 4071 1755 4152 spuere
1818 4119 1823 4132 ,

333 4205 462 4284 supra,
475 4174 781 4284 sedspuitjuxta.
800 4173 904 4252 Dixit
917 4172 1034 4250 eciam
1049 4173 1084 4250 ei
1101 4173 1225 4252 dictus
1238 4189 1410 4281 receptor
1424 4173 1528 4280 qood
1544 4174 1756 4254 secundum

334 4305 433 4385 dicte
461 4322 601 4413 puncta
634 4320 782 4412 poterat
821 4301 1020 4393 carnaliter
1058 4303 1293 4382 commisceri
1326 4302 1505 4382 fratribus
1542 4304 1687 4384 ordinis
1719 4325 1757 4384 et

333 4436 403 4542 ipsi
428 4463 516 4514 curn
545 4463 608 4526 eo;
639 4435 713 4514 boc
744 4451 872 4513 tamen
907 4459 986 4514 non
1015 4432 1119 4527 lecit,
1152 4461 1223 4512 nec
1251 4433 1371 4512 credit
1407 4435 1512 4542 quod
1544 4436 1583 4512 in
1620 4436 1755 4516 ordine

334 4563 456 4646 fieret.
477 4567 567 4646 Post
586 4593 680 4674 qne,
699 4565 940 4643 demandato
959 4549 1048 4642 dicti
1069 4563 1289 4672 recepturis,
1312 4564 1500 4644 osculatus
1517 4564 1591 4642 fuit
1607 4593 1697 4645 eum
1716 4568 1755 4645 in

334 4722 444 4776 carne
458 4697 577 4790 nuda,
591 4711 692 4776 retro
707 4695 748 4774 in
765 4694 872 4802 spina
888 4692 1006 4784 dorsi,
1019 4693 1121 4772 inter
1137 4722 1270 4774 aonam
1285 4713 1324 4774 et
1337 4693 1517 4774 braccale.
1532 4695 1614 4774 Alie
1627 4695 1755 4775 illicita

334 4853 411 4904 non
437 4827 721 4907 intervenerunt
740 4825 781 4904 in
804 4824 903 4904 dicta
922 4852 989 4904 sua
1005 4826 1225 4934 recepcione
1246 4853 1316 4904 nec
1330 4844 1432 4934 post,
1457 4843 1495 4905 et
1514 4825 1634 4906 credit
1649 4828 1755 4933 quod
