4486 5890
688 563 695 570 ·
748 523 1396 618 rnocssnnsrnummns.
1479 501 1484 513 ’
1717 551 1781 620 tn

359 713 428 792 pro
458 681 611 762 veritate
635 683 815 774 diceuda3
839 684 901 762 cui
928 683 1000 763 luit
1021 685 1234 794 injunctum
1255 686 1360 792 quod
1386 713 1463 763 non
1485 687 1666 766 revelaret
1692 688 1789 766 hanc

359 844 465 894 suam
487 815 788 922 deposicionem,
809 843 1009 924 quousque
1027 816 1290 894 attestaciones
1307 815 1450 895 fuerint
1463 816 1665 923 publicato.

417 1079 547 1156 Frater
567 1075 811 1156 Audebertus
834 1077 884 1155 de
905 1077 1015 1156 Porta
1045 1078 1225 1169 serviens,
1256 1095 1455 1187 preceptor
1486 1080 1623 1158 domus
1642 1079 1792 1186 Templi

361 1209 409 1288 de
438 1210 567 1288 Auson
593 1209 819 1288 Pictavensis
843 1210 1023 1298 diocesis,
1048 1209 1153 1287 testis
1182 1240 1296 1318 supra
1317 1211 1479 1319 juratus,
1508 1211 1789 1320 quinquagena·

361 1341 441 1418 rius
458 1341 516 1418 vel
537 1341 650 1430 circa,
671 1367 749 1418 non
770 1339 959 1420 defferens
977 1339 1203 1419 mantellum
1230 1341 1390 1430 ordinis,
1411 1343 1501 1449 quia
1526 1341 1651 1448 ipsum
1680 1341 1792 1418 dimi-

362 1488 460 1550 serat
481 1488 568 1578 post
591 1471 796 1575 concilium
828 1472 1067 1562 Seuonense,
1088 1488 1126 1550 et
1154 1472 1234 1548 radi
1262 1471 1398 1550 lecerat
1418 1473 1489 1550 sibi
1509 1472 1682 1559 barbam,
1705 1499 1793 1548 cum

360 1629 440 1710 quo
476 1602 701 1710 inquisitum
736 1601 878 1692 luerat,
911 1601 1106 1680 absolutus
1138 1619 1176 1678 et
1206 1601 1468 1679 reconciliatus
1493 1631 1562 1709 per
1595 1599 1793 1680 officialem

362 1733 635 1824 Pictavensem,
658 1732 931 1839 protestacione
958 1733 1138 1840 premissa
1165 1732 1271 1840 quod
1296 1761 1373 1811 non
1393 1733 1557 1810 intendit
1578 1733 1793 1810 recederes

364 1864 605 1972 deposicione
625 1891 694 1970 per
718 1891 807 1941 eum
828 1862 922 1942 lacta
942 1891 1067 1942 coram
1094 1863 1195 1942 dicto
1220 1861 1385 1952 officiali,
1408 1863 1514 1941 lectis
1533 1880 1572 1941 et
1590 1862 1794 1971 diligenter

364 1993 541 2100 expositis
565 1992 637 2070 sibi
666 1990 845 2072 omnibus
872 2011 911 2071 et
939 1993 1096 2102 singulis
1125 1993 1306 2082 articulis,
1336 1993 1532 2100 respondit
1562 2021 1602 2070 se
1627 1993 1788 2083 nescire,

364 2153 434 2203 nec
450 2124 621 2214 credere,
648 2151 719 2201 nec
744 2123 929 2201 audivisse
950 2124 1024 2201 dici
1046 2124 1094 2202 de
1114 2124 1301 2202 contentis
1318 2125 1357 2200 in
1378 2123 1431 2200 eis
1448 2123 1519 2200 nisi
1539 2125 1646 2230 quod
1665 2123 1791 2230 sequi-

363 2273 438 2332 tur.
456 2255 558 2333 Dixit
579 2254 679 2331 enim
700 2281 741 2332 se
757 2252 874 2332 luisse
893 2271 1107 2362 receptum,
1128 2254 1169 2330 in
1190 2254 1341 2331 instanti
1362 2252 1501 2360 vigillia
1520 2254 1659 2331 Pasche
1679 2271 1792 2332 erunt

364 2387 513 2464 circiter
535 2385 690 2494 triginta
718 2384 889 2492 quinque
911 2385 1016 2476 anni,
1039 2385 1078 2460 in
1099 2383 1239 2492 capella
1264 2384 1400 2462 domus
1419 2383 1569 2490 Templi
1596 2383 1646 2461 de
1673 2385 1791 2462 Dom-

364 2517 468 2624 puho
489 2515 740 2594 Xantonensis
765 2503 942 2602 diocesis,
963 2541 1034 2621 per
1057 2513 1210 2592 fratrem
1228 2514 1408 2592 Odonem
1438 2495 1597 2592 Borrelli
1629 2513 1788 2592 militem

364 2647 572 2756 quondam,
590 2644 830 2754 presentibus
846 2643 1024 2722 fratribus
1041 2645 1211 2722 lohanne
1225 2647 1405 2723 Bormant
1417 2645 1617 2736 serviente,
1635 2645 1790 2724 detento

364 2776 465 2886 apud
492 2777 638 2855 Locbes
664 2773 898 2853 Turonensis
923 2773 1103 2864 diocesis,
1124 2775 1294 2853 Johanne
1323 2774 1400 2851 deu
1430 2774 1500 2852 Sac
1527 2792 1566 2852 et
1584 2774 1791 2856 Guillelmo

364 2907 509 2986 Bocuni
538 2905 806 2994 servientibus,
837 2903 1058 2996 deffuncds,
1083 2905 1121 2981 in
1149 2905 1252 2982 bunc
1277 2905 1437 2982 modum
1461 2935 1470 2980 ε
1495 2933 1581 2981 nam
1607 2933 1696 2984 cum
1728 2937 1792 3016 pe-

365 3037 489 3115 ciisset
507 3065 645 3144 panem
664 3052 703 3113 et
722 3064 859 3143 aquarn
872 3051 913 3114 et
938 3031 1154 3114 societatem
1176 3035 1336 3127 ordinis,
1360 3053 1398 3112 et
1418 3035 1451 3112 ei
1473 3038 1715 3116 concessisset
1734 3069 1793 3117 re-

365 3185 503 3275 ceptor,
524 3168 615 3275 quia
634 3167 791 3245 dederat
805 3165 929 3244 ordini
950 3166 1082 3245 decem
1107 3165 1220 3244 libras
1240 3167 1488 3256 reddituales,
1511 3167 1669 3248 credens
1687 3171 1792 3278 quod

364 3298 473 3376 aliter
495 3325 572 3376 non
592 3297 794 3404 recepisset
809 3297 995 3384 eundem,
1017 3313 1056 3375 et
1074 3295 1221 3375 lecisset
1241 3325 1330 3374 eum
1353 3325 1485 3376 vovere
1515 3315 1553 3376 et
1575 3299 1704 3407 jurare
1734 3329 1793 3378 ca-

366 3430 554 3518 stitatem,
577 3427 859 3515 obedienciam,
885 3444 924 3504 et
950 3425 1073 3504 vivere
1109 3427 1189 3504 sine
1219 3427 1389 3534 proprio,
1420 3445 1461 3504 et
1492 3429 1599 3535 quod
1631 3450 1793 3510 servaret

364 3557 491 3637 bonos
508 3586 598 3636 usus
617 3575 655 3635 et
673 3557 793 3636 bonas
814 3557 1109 3635 consuetudines
1131 3557 1292 3647 ordinis,
1323 3574 1362 3634 et
1385 3558 1491 3664 quod
1507 3585 1585 3636 non
1610 3560 1794 3638 revelaret

365 3705 506 3768 secreta
526 3689 796 3797 capitulorum,
819 3705 857 3766 et
873 3688 1120 3795 imposuisset,
1135 3689 1169 3765 ei
1187 3688 1428 3781 mantellum,
1452 3706 1490 3766 ct
1513 3690 1594 3796 ipse
1615 3707 1652 3767 et
1673 3709 1794 3770 asten-

365 3837 424 3898 tes
460 3818 616 3898 osculati
648 3819 808 3898 luissent
845 3819 1023 3896 eumdem
1056 3818 1096 3894 in
1129 3846 1213 3906 ore,
1249 3836 1290 3896 et
1318 3818 1553 3898 instruxisset
1585 3848 1674 3897 eum
1699 3840 1793 3928 quot

366 3952 479 4030 Peter
496 3968 611 4030 noster
628 3950 772 4028 diceret
800 3975 869 4056 pro
889 3950 993 4028 horis
1013 3949 1107 4040 suis,
1128 3965 1168 4027 et
1186 3949 1293 4056 quod
1315 3951 1458 4059 jaceret
1483 3979 1571 4027 cum
1590 3951 1725 4056 pannis
1746 3952 1792 4028 li-

366 4079 463 4169 neis,
482 4108 557 4157 una
575 4079 729 4158 cordula
749 4079 854 4156 unde
875 4077 989 4156 vellet
1009 4097 1202 4186 assumpta
1223 4079 1381 4168 cinctus,
1404 4097 1442 4158 et
1459 4079 1623 4188 qualiter
1645 4099 1793 4191 regeret

366 4237 407 4286 se
427 4211 466 4289 iu
486 4210 640 4302 ordine,
662 4225 913 4299 recesserunt,
937 4226 975 4288 et
995 4209 1101 4286 nulla
1130 4208 1259 4287 illicita
1275 4209 1336 4286 vel
1359 4210 1556 4290 inhonesta
1582 4213 1793 4291 intervene-

313 4335 323 4342 ’
366 4359 457 4419 runt
478 4342 517 4418 in
538 4343 636 4422 dicte
652 4371 721 4420 sua
739 4340 959 4450 recepcione
987 4340 1045 4420 vel
1064 4357 1164 4448 post,
1185 4369 1257 4418 nec
1279 4341 1365 4433 scit,
1386 4371 1457 4420 nee
1483 4343 1617 4432 credit,
1636 4371 1707 4421 nec
1726 4375 1793 4422 au-

368 4472 459 4550 divit
488 4473 562 4551 dici
586 4474 690 4581 quod
723 4472 994 4550 intervenirent
1020 4472 1058 4548 in
1085 4472 1371 4579 recepcionibus
1398 4473 1559 4552 eliorum
1591 4474 1649 4553 vel
1676 4493 1790 4582 post:

366 4603 456 4708 quia
486 4601 631 4681 videret
662 4604 777 4710 recipi
802 4631 872 4709 per
896 4601 1075 4680 eumdem
1100 4600 1259 4679 modum
1283 4601 1436 4681 fratrem
1466 4605 1699 4712 Stephanum
1725 4605 1795 4684 An-

367 4731 471 4838 glici‚
494 4733 532 4810 in
554 4733 651 4811 dicta
667 4730 809 4839 capella
826 4731 876 4810 de
897 4732 1041 4819 Auson,
1064 4731 1130 4839 qui
1146 4731 1339 4809 detinetur
1356 4731 1529 4826 Pictavis,
1551 4752 1641 4813 sunt
1661 4763 1683 4814 v
1703 4737 1790 4812 unni

368 4863 426 4940 vel
454 4864 565 4956 circa,
596 4891 664 4970 per
688 4863 840 4940 fratrem
871 4864 1081 4939 lobannem
1110 4862 1159 4939 de
1190 4865 1326 4941 Sancto
1355 4865 1561 4943 Benedicto
1579 4867 1793 4972 quondam,

1595 5021 1644 5062 22.
