4320 5898
706 500 903 594 procas
931 463 1028 594 nas
1054 521 1358 596 raurnrnas.
1700 522 1744 598 u

314 662 553 770 tempestive,
570 677 726 769 propter
739 662 897 771 negocia
916 664 1172 757 occurrencia,
1190 682 1228 742 et
1243 665 1362 743 credit
1376 665 1482 774 qu‘od
1498 665 1668 743 ordinata
1681 695 1752 774 per

315 793 537 902 Magistrum
550 821 637 870 cum
648 811 837 872 conventu
847 794 1008 908 luissent
1017 793 1159 874 serrata
1170 796 1210 871 in
1225 812 1309 874 toto
1323 796 1474 888 ordine,
1497 812 1622 874 eontra
1633 825 1749 904 quem

315 953 418 1003 nunc
440 925 595 1033 grandia
619 925 819 1015 scandala,
842 927 1006 1034 suspicio
1034 945 1071 1005 et
1095 926 1249 1005 infamia
1277 945 1366 1005 sunt
1390 945 1532 1020 exona,
1560 945 1598 1005 et
1622 945 1751 1005 contra

315 1086 432 1164 quem
449 1057 591 1135 audivit
607 1057 681 1136 dici
696 1087 877 1168 magnum
889 1060 1110 1169 Magistrum
1126 1077 1165 1138 et
1177 1059 1271 1138 alios
1284 1059 1410 1169 aliqua
1422 1059 1537 1138 luisse
1546 1058 1746 1139 confessos.

373 1187 590 1296 Requisitus
622 1189 653 1266 si
684 1189 737 1267 sic
764 1191 993 1298 deposuerat
1021 1220 1154 1300 prece,
1183 1207 1379 1298 precepto,
1409 1192 1566 1282 timore,
1596 1220 1744 1284 amore,

315 1319 419 1411 odio,
436 1320 494 1399 vel
508 1321 671 1401 comodo
683 1321 886 1430 temporali
899 1321 1030 1402 habito
1043 1323 1102 1402 vel
1115 1323 1311 1413 babendo,
1324 1323 1522 1431 respondit
1536 1324 1642 1432 quod
1651 1353 1746 1418 non,

315 1452 383 1532 sed
409 1483 479 1560 pro
507 1453 663 1533 veritate
696 1454 879 1546 dicenda;
909 1454 970 1532 cui
997 1454 1071 1533 fuit
1097 1455 1312 1564 injunctum
1338 1454 1445 1563 quod
1469 1483 1546 1534 non
1566 1456 1749 1536 revelaret

315 1587 412 1663 hane
432 1615 539 1664 suam
561 1584 846 1692 deposicionem
866 1614 1067 1695 quousque
1088 1587 1352 1665 attestaciones
1372 1585 1515 1664 suerint
1533 1586 1745 1694 publicate;

317 1717 542 1794 deffensioni
563 1716 708 1795 ordinis
728 1745 767 1794 se
787 1745 866 1794 non
887 1718 1091 1797 obtulerat.
1466 1725 1468 1730 ’

370 1847 462 1926 Acta
495 1845 651 1926 fisemnt
679 1848 751 1925 hec
788 1847 850 1926 die
881 1865 919 1925 et
947 1846 1032 1926 loco
1061 1847 1261 1956 predictis,
1296 1849 1537 1958 presentibus
1569 1852 1747 1958 magistro

315 1978 475 2068 Amisio,
507 2007 567 2056 me
594 1977 852 2058 Floriamonte
878 1977 1101 2070 Dondedei,
1127 1961 1322 2060 Bernardo
1350 1980 1511 2075 Filh'oli,
1539 1981 1746 2063 Guillelmo

315 2111 524 2217 Radulpbi,
544 2110 739 2190 Bernardo
759 2110 967 2190 Humbaldi
987 2129 1026 2190 et
1044 2113 1153 2220 Hugo
1173 2112 1315 2191 Nicolai
1335 2113 1491 2192 notariis
1509 2115 1716 2194 antedictis.

372 2378 461 2456 Post
487 2378 581 2468 hec,
611 2379 673 2457 die
704 2379 834 2458 Sabati
863 2380 1055 2488 sequenti,
1088 2407 1163 2490 que
1188 2378 1262 2457 fuit
1288 2406 1353 2457 rur
1379 2379 1469 2457 dicti
1488 2379 1629 2458 mensis
1651 2380 1749 2458 Mar-

317 2509 382 2598 cii,
404 2508 484 2615 ⁸luit
511 2509 697 2590 adductus
728 2513 776 2588 ad
803 2513 1036 2619 presenciam
1064 2511 1254 2590 dictorum
1283 2512 1527 2589 dominorum
1551 2509 1748 2596 Mimaten-

315 2641 365 2720 sis
386 2658 424 2718 et
449 2641 728 2721 Lemovicensis
748 2643 1032 2752 episcoporum,
1061 2661 1099 2720 et
1118 2643 1373 2721 archidiaconi
1404 2640 1637 2732 Tridentini,
1666 2641 1768 2722 aliis¹

316 2773 514 2866 excusatis,
547 2773 586 2851 in
616 2773 733 2852 domo
765 2775 934 2882 predicta
967 2774 1129 2854 fratrum
1163 2775 1375 2862 Minorum,
1412 2771 1526 2850 frater
1561 2771 1749 2853 Robertus

312 2904 530 2990 tevenier
560 2906 725 2984 serviens
755 2907 1070 3014 Rothomagensis
1102 2906 1280 2998 diocesis,
1309 2907 1416 2983 testis
1446 2933 1559 3012 supra
1581 2905 1746 3013 juratus,

316 3054 358 3113 ut
379 3036 589 3144 deponeret
603 3036 747 3115 dietum
768 3067 898 3127 suum,
921 3067 999 3116 non
1020 3038 1209 3117 defferens
1229 3035 1455 3115 mantellum
1476 3036 1635 3126 ordinis,
1660 3037 1749 3144 quia

315 3195 427 3246 suasu
457 3166 674 3274 aliquorum
707 3169 830 3275 ipsum
867 3167 1061 3246 dimiserat
1100 3170 1140 3246 in
1173 3169 1334 3247 concilio
1363 3169 1551 3247 Remensi.
1578 3167 1750 3248 Postmo-

316 3299 409 3378 dum
434 3298 515 3375 radi
543 3297 682 3377 lecerat
709 3299 780 3378 sibi
806 3300 978 3391 barbam,
1009 3328 1118 3381 xxxvr
1144 3329 1330 3380 annorum
1357 3299 1417 3378 vel
1445 3301 1557 3390 circa3
1584 3300 1650 3408 qui
1676 3300 1749 3378 suit

315 3448 543 3540 protestatus
578 3431 685 3541 quod
715 3461 794 3510 non
822 3432 989 3510 intendit
1017 3432 1195 3510 recedere
1228 3461 1250 3508 a
1281 3431 1523 3538 deposicione
1556 3460 1625 3539 per
1659 3461 1747 3510 eum

314 3563 409 3642 lacta
429 3593 555 3645 coram
577 3564 678 3642 dicto
701 3563 858 3642 domino
877 3562 1123 3642 Ambianensi
1145 3563 1321 3669 episcopo
1343 3563 1408 3669 qui
1429 3592 1532 3640 nunc
1547 3581 1619 3651 est,
1634 3591 1655 3639 a
1670 3546 1747 3671 quo

315 3695 511 3775 absolutus
532 3712 570 3774 et
589 3695 855 3794 reconciliatus
875 3695 1078 3774 exstiterat.
1096 3694 1218 3798 Lectis
1231 3710 1358 3771 autem
1373 3695 1412 3772 et
1425 3693 1629 3800 diligenter
1642 3723 1750 3802 expo

315 3830 395 3909 sitis
426 3829 496 3907 sibi
528 3828 707 3916 omuibus
738 3809 963 3938 et,sing⁸ulis
993 3825 1178 3918 articulis,
1206 3826 1405 3935 respondit
1425 3826 1532 3936 quod
1551 3854 1748 3935 nunquam

314 3961 457 4040 viderat
476 3959 644 4069 aliquem
665 3961 783 4038 alium
803 3960 919 4067 recipi
940 3959 981 4036 in
1001 3960 1152 4050 ordine,
1172 3989 1243 4038 nec
1258 3957 1487 4038 interfuerat
1499 3987 1633 4039 eorum
1650 3959 1749 4068 capi-

313 4093 405 4171 tulis
432 4091 674 4202 generalibus
698 4122 768 4171 nec
797 4093 879 4170 aliis
908 4093 948 4168 in
978 4090 1118 4200 quibus
1150 4092 1276 4199 aliqua
1306 4109 1447 4170 secreta
1475 4108 1744 4186 tractarentur;

222 4221 244 4314 J
314 4224 417 4303 unde
447 4224 655 4314 nesciebat,
688 4253 759 4302 nec
785 4224 979 4302 audiverat
1011 4222 1106 4312 dici,
1136 4251 1207 4299 nec
1234 4221 1414 4300 credebat
1433 4221 1480 4301 de
1501 4224 1687 4302 contentis
1706 4225 1747 4300 in

315 4357 404 4464 ipsis
431 4356 598 4436 articulis
623 4357 695 4435 nisi
721 4357 827 4466 quod
854 4356 1037 4465 sequitur.
1065 4354 1168 4434 Dixit
1193 4385 1330 4464 nempe
1351 4383 1391 4432 se
1411 4353 1526 4433 luisse
1550 4371 1746 4464 receptum

316 4489 355 4566 in
386 4489 528 4597 capella
558 4486 696 4566 domus
725 4459 877 4596 Tenipli
907 4487 955 4565 de
985 4486 1159 4578 Belvaco,
1190 4515 1258 4595 per
1287 4484 1441 4564 fratrem
1467 4485 1678 4564 Robertum
1699 4487 1747 4564 de

247 4611 253 4622 ⁵
315 4638 441 4698 sancto
470 4619 698 4710 Pantaleone
729 4636 992 4728 preceptorem
1023 4618 1124 4697 dicte
1157 4618 1295 4697 domus
1320 4635 1359 4695 et
1381 4615 1546 4695 baillivie
1577 4615 1624 4694 de
1648 4617 1748 4695 Pon-

315 4753 407 4843 tivo,
431 4753 529 4832 circa
547 4753 691 4832 instans
706 4752 846 4832 festum
860 4751 1122 4859 apostolorum
1137 4752 1238 4830 Petri
1256 4769 1294 4829 et
1306 4748 1415 4829 Pauli
1432 4766 1545 4828 erunt
1560 4765 1645 4827 octo
1659 4750 1748 4827 anni

315 4882 373 4960 vel
394 4885 504 4977 circa,
526 4884 770 4991 presentibus
789 4883 968 4962 fratribus
988 4883 1144 4963 Alberto
1159 4882 1392 4991 presbitero,
1409 4898 1538 4962 curato
1556 4881 1604 4959 de
1620 4880 1749 4959 Somo-

403 5019 509 5084 raoals
531 5041 585 5086 nas
606 5041 776 5086 rsuruaas.
790 5041 876 5082 -ιι,
1171 5111 1175 5118 .
1391 5091 1395 5104 Ι
1585 5019 1616 5081 ·6
