4242 5890
395 543 469 612 :ns
780 518 977 610 esoces
1002 535 1098 607 nns
1128 534 1427 607 esurimus.
1467 580 1471 588 .
1562 493 1569 504 ’

394 677 454 755 alii
468 675 655 754 similiter.
668 676 880 782 Requisitus
889 693 1016 754 utrum
1031 674 1150 765 vi,vel
1165 692 1269 752 metu
1282 690 1556 752 tormentorum
1569 676 1815 762 accerseris,

392 808 515 914 aliqua
530 805 600 882 alia
615 833 736 893 causa,-
750 806 789 882 in
803 834 869 884 sua
884 805 1126 912 deposicione
1143 804 1280 882 dixerit
1298 803 1514 892 falsitatem,
1532 801 1625 879 dixit
1638 831 1707 911 per
1721 804 1818 912 jura-

392 953 562 1013 mentum
569 963 680 1012 suum
689 934 794 1041 quod
803 964 897 1026 non,
910 937 1029 1013 immo
1043 961 1174 1039 puram
1188 951 1226 1010 et
1236 962 1378 1011 meram
1387 934 1602 1039 recognovit
1613 933 1815 1010 veritatem.

449 1067 538 1144 Acta
559 1086 647 1146 sunt
665 1067 734 1143 hec
754 1096 866 1158 anno,
890 1068 1092 1153 indicione,
1115 1093 1260 1155 mense,
1281 1064 1517 1171 pontificatu,
1534 1063 1619 1140 loco
1635 1081 1672 1142 et
1686 1064 1817 1142 diebus

394 1197 588 1302 predictis,
613 1213 785 1304 presente
817 1198 994 1305 religioso
1026 1196 1139 1272 fratre
1166 1194 1370 1301 Reginaldo
1397 1193 1443 1270 de
1468 1191 1646 1272 Credulio
1677 1192 1818 1270 ordinis

372 1327 689 1415 lPredicatorum,
717 1325 909 1404 nobilibus
933 1327 1020 1404 viris
1046 1325 1201 1405 domino
1230 1326 1388 1433 Hugone
1414 1324 1462 1400 de
1486 1322 1588 1401 Cella
1617 1322 1751 1413 milite,
1777 1351 1818 1398 ac

395 1456 595 1536 Guillelmo
616 1457 663 1533 de
683 1456 860 1564 Choques
884 1457 1027 1534 civitate
1059 1454 1272 1546 Parisiensi,
1295 1471 1332 1532 et
1350 1453 1522 1560 pluribus
1546 1452 1627 1531 aliis
1644 1453 1816 1540 testibus,

393 1586 440 1662 ad
459 1587 656 1692 premissa,
680 1585 788 1676 dictis
808 1587 942 1665 diebus
961 1587 1134 1664 vicesima
1159 1603 1304 1692 quarte,
1322 1585 1496 1662 vicesima
1515 1584 1644 1689 quinta
1664 1597 1702 1660 et
1723 1585 1817 1662 vice-

391 1716 485 1792 sima
505 1733 604 1793 sexta
625 1715 788 1793 octobris
807 1733 902 1804 ecta,
918 1716 1054 1793 vocatis
1078 1715 1286 1821 specialiter
1303 1732 1341 1791 et
1360 1715 1506 1820 rogatis.

447 1978 495 2052 Et
512 2002 581 2082 ego
597 1974 761 2052 Amisius
781 1974 829 2052 de
849 1975 1052 2054 Aureliano
1074 1975 1195 2053 dictus
1215 1975 1250 2052 le
1270 1975 1373 2052 Ratis
1375 2035 1384 2064 ,
1401 1975 1574 2064 clericus,
1592 1991 1815 2052 sacrosancte

392 2107 556 2182 Romane
582 2104 737 2182 ecclesie
764 2106 982 2184 auctoritate
1008 2107 1175 2183 notarius
1194 2102 1383 2211 publicus,
1406 2104 1597 2210 premissis
1617 2103 1816 2181 consessio-

393 2233 505 2311 nibus
530 2249 568 2312 et
587 2233 761 2311 omnibus
781 2233 861 2312 aliis
887 2251 924 2310 et
945 2234 1114 2341 singulis,
1136 2250 1248 2341 prout
1266 2234 1305 2310 in
1328 2235 1491 2340 presenti
1514 2251 1612 2312 carta
1631 2262 1698 2312 seu
1715 2235 1816 2339 pecie

394 2377 430 2438 et
450 2363 488 2438 in
506 2363 794 2469 precedentibus
814 2363 917 2470 signo
938 2390 1022 2464 meo
1039 2363 1189 2470 signatis
1210 2363 1356 2468 plenius
1376 2364 1623 2452 continentur,
1644 2391 1717 2440 une
1732 2391 1814 2439 cum

391 2493 649 2600 suprascriptis
667 2494 824 2570 testibus
844 2511 882 2571 et
900 2493 1084 2600 magistris
1102 2495 1271 2572 lobanne
1291 2493 1338 2572 de
1353 2495 1532 2584 Pruvino,
1551 2493 1734 2572 Gaulrido
1747 2497 1815 2570 En-

390 2622 522 2728 guelor
553 2623 653 2700 dicto
684 2621 851 2729 Chalop,
886 2625 1012 2702 Eueno
1038 2623 1136 2701 Phili
1164 2641 1209 2700 et·
1230 2609 1369 2703 Jacobs
1399 2623 1448 2702 de
1479 2625 1627 2704 Virtute
1660 2623 1815 2730 publicis

390 2752 560 2841 notariis,
581 2780 735 2858 presens
755 2753 923 2844 interlui,
946 2771 998 2845 et,
1022 2753 1068 2830 de
1089 2753 1263 2832 mandato
1284 2754 1373 2832 dicti
1391 2754 1637 2860 inquisitoris,
1655 2753 1743 2830 huic
1762 2754 1816 2828 in-

391 2900 595 2962 strumento
615 2913 677 2961 me
697 2884 896 2990 subscripsi
912 2884 951 2960 in
968 2885 1225 2963 testimonium
1240 2885 1526 2990 premissorum,
1552 2883 1718 2990 illudque
1730 2911 1814 2961 meo

391 3015 495 3121 signo
515 3015 625 3092 solito
643 3014 781 3122 signavi
799 3031 957 3121 rogatus.
1058 3085 1059 3090 ,

448 3275 493 3349 Et
515 3301 583 3381 ego
601 3275 804 3353 Gausridus
820 3275 1010 3381 Enguelor
1030 3275 1151 3354 dictus
1176 3275 1336 3382 Chalop,
1361 3278 1515 3354 clericus
1539 3275 1712 3354 Dolensis
1731 3275 1813 3351 dio-

392 3402 499 3491 cesis,
533 3402 733 3508 apostolica
766 3405 981 3482 auctoritate
1015 3406 1183 3483 notarius
1211 3405 1399 3512 publicus,
1424 3406 1614 3512 premissis
1641 3405 1812 3482 omnibus

393 3549 430 3609 et
453 3531 606 3639 singulis
635 3533 740 3626 actis,
768 3533 865 3612 dicte
890 3535 951 3612 die
976 3551 1090 3612 risunn
1114 3535 1294 3625 octobris,
1323 3563 1474 3642 presens
1497 3563 1571 3612 una
1595 3563 1682 3614 cum
1707 3534 1813 3610 dictis

391 3662 548 3740 testibus
569 3679 606 3770 et
623 3663 776 3742 notariis
795 3663 955 3771 publicis
973 3663 1035 3742 hic
1054 3665 1286 3772 subscriptis,
1301 3693 1455 3772 presens
1469 3665 1638 3752 interfui,
1658 3665 1696 3741 in
1710 3664 1813 3742 testi-

391 3793 561 3870 monium
581 3793 848 3898 premissorum
866 3823 927 3872 me
948 3796 1167 3902 subscripsi,
1189 3814 1228 3874 et
1246 3798 1394 3903 signum
1408 3822 1536 3873 meum
1557 3796 1710 3902 apposui
1732 3822 1814 3872 con-

390 3938 541 4000 suetum
555 3939 706 4000 vocatus
726 3941 763 4000 et
781 3941 942 4028 rogatus.

446 4182 492 4257 Et
517 4209 585 4288 ego
612 4184 758 4260 Evenus
783 4183 891 4291 Phily
920 4183 966 4262 de
994 4186 1129 4263 Sancto
1162 4186 1305 4264 Nicasio
1336 4185 1491 4266 clericus
1525 4187 1813 4291 Corisopitensis

391 4309 565 4402 diocesis,
587 4313 788 4418 apostolic'a
807 4313 982 4420 publicus
1002 4315 1216 4394 auctoritate
1232 4318 1414 4405 notarius,
1430 4317 1620 4423 premissis
1640 4313 1813 4394 omnibus

390 4456 426 4515 et
455 4439 623 4546 singulis,
654 4461 767 4549 prout
789 4445 829 4521 in
854 4445 1014 4550 presenti
1045 4463 1146 4524 certa
1171 4447 1267 4524 etin
1286 4446 1575 4554 precedentibus
1600 4447 1707 4555 signo
1726 4471 1811 4522 meo

388 4568 536 4674 signatis
548 4572 698 4677 plenius
710 4575 960 4666 continentur,
973 4605 1046 4652 una
1057 4605 1143 4654 cum
1154 4576 1310 4654 testibus
1321 4576 1499 4683 predictis
1510 4574 1811 4683 eesuprascriptis

388 4699 557 4791 notariis,
575 4729 726 4806 presens
741 4704 908 4796 interfui,
925 4705 988 4784 hic
1001 4733 1062 4784 me
1075 4707 1286 4814 subscripsi,
1303 4723 1340 4785 et
1358 4735 1528 4785 unacum
1546 4707 1658 4813 signis
1671 4723 1709 4782 et
1722 4705 1811 4781 sub·

290 4857 293 4864 ·
319 4839 320 4844 ’
388 4829 657 4936 scripoionihus
676 4833 843 4938 ipsorum
864 4835 1096 4916 notariorum
1116 4837 1266 4972 signurp
1284 4865 1411 4914 meum
1430 4837 1585 4942 apposui
1601 4851 1762 4942 rogatus.
