4208 5886
683 549 874 642 rnocts
907 565 1005 664 uns
1035 567 1338 642 rennuens.
1643 565 1716 640 257

302 709 498 814 sequitur:
515 705 689 786 videlicet
709 710 813 816 quod
830 709 909 815 ipse
929 725 1103 816 receptus
1122 708 1245 786 fuerat
1262 710 1301 786 in
1320 707 1482 815 quadam
1498 733 1642 782 camera
1658 707 1726 783 do-

303 867 388 916 mus
412 837 562 946 Templi
579 839 626 916 de
644 839 792 918 Eendra
817 839 977 917 diocesis
1003 837 1283 929 Convenarum,
1308 840 1403 917 circa
1425 838 1567 915 instans
1589 835 1726 915 festum

304 969 487 1047 Omnium
508 969 730 1048 Sanctorum
753 987 866 1047 erunt
881 970 1028 1048 circiter
1056 997 1120 1048 xnr
1140 973 1244 1058 anni,
1270 999 1338 1078 per
1361 969 1513 1047 fratrem
1538 967 1727 1046 Senebru-

304 1129 397 1178 num
414 1101 461 1178 de
474 1101 582 1178 Prani
602 1097 780 1190 militem,
799 1100 846 1178 de
865 1101 972 1208 cujus
988 1101 1061 1178 vitu
1082 1101 1141 1179 vel
1163 1117 1283 1178 morte
1303 1127 1381 1178 non
1401 1098 1517 1177 habet
1534 1098 1729 1176 certitudi-

305 1261 415 1319 nem,
434 1247 693 1338 preceptorem
716 1247 809 1308 ωηο
834 1230 880 1308 de
906 1231 1149 1308 Montsannes
1177 1231 1348 1340 ejusdem
1373 1229 1551 1316 diocesis,
1575 1257 1730 1335 presen-

304 1362 406 1441 tibus
424 1361 601 1440 fratribus
613 1361 779 1439 Arnaldo
801 1363 848 1438 de
872 1362 1038 1439 Bucourt
1056 1361 1270 1468 quondam,
1291 1359 1492 1438 Dominico
1516 1359 1564 1437 de
1589 1358 1730 1437 Linhac

306 1510 344 1571 et
364 1497 477 1573 Petro
499 1495 546 1572 de
568 1495 693 1573 Eisors
716 1490 980 1581 servientibus,
1000 1492 1048 1570 de
1067 1521 1231 1598 quorum
1255 1493 1328 1570 vita
1345 1491 1402 1569 vel
1423 1509 1545 1568 morte
1565 1520 1642 1568 non
1666 1490 1731 1567 ha-

305 1627 370 1703 bet
386 1625 664 1703 certitudinem.
682 1626 714 1702 A
727 1604 805 1732 quo
818 1641 1013 1730 receptore
1027 1624 1144 1729 petita
1157 1623 1332 1700 societate
1349 1621 1493 1700 ordinis
1507 1639 1545 1698 et
1559 1621 1631 1698 sibi
1647 1651 1732 1700 con-

307 1785 422 1848 cessa,
445 1756 602 1862 prestito
620 1756 725 1862 quod
747 1771 826 1832 erat
839 1753 964 1831 bonus
979 1753 1229 1842 Christianus,
1248 1769 1285 1830 et
1307 1752 1413 1860 quod
1432 1750 1599 1828 servabat
1613 1749 1728 1829 fidem

307 1889 482 1964 Romanae
493 1885 659 1974 ecclesie,
678 1883 769 1962 fecit
782 1913 870 1961 eum
882 1911 1014 1962 vovere
1031 1902 1068 1961 et
1076 1884 1205 1991 jurare
1221 1884 1443 1974 castitatem,
1458 1881 1730 1970 obedienciam,

307 2019 428 2092 vivere
444 2015 525 2093 sine
539 2015 709 2120 proprio,
733 2038 875 2091 servare
895 2013 1018 2092 bonos
1037 2043 1129 2093 usus
1147 2032 1185 2090 et
1205 2015 1324 2092 bonas
1345 2011 1732 2118 consuetudinesque

306 2164 398 2223 tunc
423 2163 527 2222 erent
554 2147 592 2220 in
621 2145 754 2222 ordine
780 2163 918 2253 etque
947 2147 985 2222 in
1014 2163 1207 2250 posterum
1237 2145 1535 2252 imponerentur,
1565 2159 1603 2220 et
1628 2143 1735 2249 quod

308 2275 427 2355 nichil
441 2279 580 2384 injuste
594 2279 803 2384 acquireret
820 2278 965 2368 ordini,
981 2295 1018 2354 et
1036 2277 1142 2385 quod
1158 2277 1334 2383 acquisita
1354 2305 1423 2383 pro
1442 2303 1551 2383 posse
1569 2303 1639 2352 suo
1655 2273 1734 2352 des-

308 2408 498 2498 fenderet,
525 2426 562 2486 et
582 2409 687 2516 quod
707 2411 736 2487 si
762 2438 840 2487 non
859 2425 984 2516 posset
1004 2407 1240 2496 deffendere,
1260 2407 1338 2486 suis
1358 2405 1617 2514 superioribus
1637 2433 1735 2480 nun-

310 2539 439 2630 ciaret,
458 2538 565 2645 quod
582 2567 659 2616 non
676 2538 792 2617 exiret
805 2540 998 2628 ordinem,
1017 2557 1053 2616 et
1068 2540 1172 2645 quod
1191 2565 1266 2616 non
1282 2537 1463 2614 revelaret
1477 2552 1618 2613 secreta
1637 2535 1740 2642 capi-'

308 2669 509 2759 tuliorum,
532 2669 579 2746 de
599 2668 714 2746 modo
736 2669 966 2775 recepcionis
986 2670 1025 2745 in
1047 2668 1195 2775 speciali
1214 2697 1292 2746 non
1313 2667 1440 2746 habita
1461 2667 1678 2754 mencione;
1699 2681 1737 2741 et

310 2799 490 2904 imposito
510 2799 580 2876 sibi
598 2797 796 2886 mantello,
819 2816 992 2906 receptor
1012 2816 1050 2875 et
1067 2815 1227 2876 astantes
1249 2797 1402 2876 suerunt
1417 2825 1505 2874 eum
1524 2771 1680 2875 osculati
1696 2795 1735 2872 in

310 2957 386 3006 ore.
409 2931 498 3007 Post
519 2957 594 3036 que
615 2927 704 3006 dieti
725 2927 856 3006 fratres
875 2929 1099 3006 Dominicus
1123 2947 1161 3006 et
1181 2928 1383 3018 Amaldus,
1406 2946 1445 3006 et
1464 2927 1620 3036 quidem
1641 2927 1737 3005 alius

310 3057 424 3136 frater
443 3061 607 3138 serviens
618 3061 683 3164 qui
700 3051 871 3150 adherat,
888 3061 993 3167 cujus
1008 3087 1148 3138 nomen
1164 3079 1203 3138 et
1218 3087 1430 3166 cognomen
1445 3059 1607 3167 ignorat,
1626 3061 1738 3137 dune-

310 3205 401 3263 rnnt
415 3190 540 3293 ipsum
560 3204 695 3264 testem
717 3189 764 3263 ad
785 3187 893 3263 aliam
912 3217 1113 3276 cameram,
1135 3207 1178 3267 ut
1192 3189 1369 3266 indueret
1383 3207 1502 3266 vestes
1521 3187 1734 3298 religionis:

311 3315 450 3422 quibus
470 3314 633 3406 indutis,
655 3315 726 3392 luit
752 3315 862 3394 allata
883 3345 950 3422 per
968 3321 1113 3396 dictum
1137 3321 1378 3397 Dominicum
1398 3320 1563 3426 quedam
1581 3349 1669 3396 crux
1692 3320 1735 3397 li-

310 3473 406 3552 gnea
420 3445 589 3552 antiqua,
605 3446 646 3522 in
659 3473 734 3550 qua
754 3473 830 3522 non
850 3446 950 3525 bene
970 3450 1172 3556 apparebat
1191 3477 1324 3558 ymago
1345 3447 1539 3538 Crucifixi,
1558 3469 1596 3527 et
1610 3479 1738 3556 prece-

309 3578 366 3681 pit
386 3577 510 3652 eidem
530 3578 614 3652 testi
634 3577 738 3684 quod
759 3576 961 3686 abnegaret
975 3581 1117 3670 Deum,
1143 3599 1181 3659 et
1199 3581 1279 3686 ipse
1296 3583 1402 3658 testis
1421 3582 1618 3689 respondit
1632 3581 1736 3689 quod

311 3707 383 3783 boc
404 3706 511 3784 nullo
536 3707 652 3784 modo
672 3705 820 3786 laceret.
843 3711 974 3786 Postea
993 3711 1160 3817 precepit
1185 3713 1219 3788 ei
1243 3711 1349 3819 quod
1369 3730 1522 3818 spueret
1541 3741 1651 3818 supra
1679 3711 1737 3788 di-

311 3854 405 3914 ctam
423 3866 590 3929 crucem,
608 3857 645 3917 et
660 3840 738 3947 ipse
754 3841 949 3947 respondit
964 3843 1070 3948 quod
1081 3843 1154 3920 hoc
1170 3842 1277 3920 nullo
1294 3842 1410 3920 modo
1423 3841 1580 3932 facerem
1592 3861 1631 3920 et
1644 3861 1736 3920 tunc

311 3966 434 4043 dictus
450 3967 673 4045 Dominicus
688 3986 726 4045 et
740 3967 802 4044 alii
820 3967 997 4050 dixerunt
1012 3972 1046 4046 ei
1062 3972 1169 4078 quod
1183 3972 1255 4048 hoc
1272 3971 1471 4078 oportebat
1489 3999 1575 4050 eum
1590 3961 1731 4065 lacere,

312 4097 397 4200 quia
412 4096 505 4174 tales
522 4116 629 4174 erant
646 4100 940 4179 consuetudines
957 4103 1102 4180 ordinis
1119 4133 1211 4210 quas
1227 4105 1304 4210 ipse
1316 4106 1504 4213 juraverat
1519 4103 1730 4192 observare,

312 4244 455 4304 etcum
476 4229 556 4332 ipse
579 4230 683 4306 testis
703 4231 949 4337 responderet
975 4233 1078 4340 quod
1102 4237 1173 4312 boc
1194 4236 1302 4313 nullo
1327 4236 1443 4312 modo
1468 4233 1619 4325 faceret,
1645 4237 1733 4343 quia

311 4385 388 4434 non
409 4376 515 4434 erant
535 4359 628 4436 boni
647 4391 738 4438 usus
757 4380 794 4438 et
814 4363 913 4440 bone
937 4365 1230 4444 consuetudines
1253 4395 1323 4444 nec
1341 4367 1569 4444 tenebantur
1597 4368 1644 4443 ad
1665 4366 1737 4444 boc

310 4485 541 4578 laciendum,
562 4489 686 4569 dictus
705 4491 926 4571 Dominicus
946 4523 1033 4572 cum
1050 4524 1124 4572 una
1144 4524 1259 4573 manu
1276 4498 1432 4603 arripuit
1447 4525 1534 4573 eum
1551 4498 1598 4574 ad
1618 4515 1738 4576 vestes

311 4647 422 4725 supra
442 4637 592 4724 pectus,
616 4640 655 4698 et
669 4623 861 4729 evaginato
876 4647 981 4716 ense,
1002 4628 1081 4733 ipse
1102 4644 1140 4703 et
1155 4627 1216 4703 alii
1237 4627 1316 4704 duo
1331 4646 1491 4706 astantes
1510 4626 1687 4706 dixerunt
1702 4628 1736 4705 ei

310 4749 432 4853 qnod,
453 4767 518 4826 aut
533 4752 703 4858 predicta
717 4751 870 4844 faceret,
892 4755 950 4833 vel
966 4755 1217 4834 infortunium
1239 4759 1404 4836 eveniret
1425 4759 1570 4850 eidem,
1593 4777 1631 4835 et
1644 4776 1735 4834 tunc

310 4877 390 4984 ipse
408 4879 529 4968 testis,
553 4879 662 4959 dicto·
681 4883 818 4960 timore
839 4884 991 4976 ductus,
1018 4886 1118 4993 spuit
1144 4913 1221 4966 non
1248 4917 1362 4995 super
1381 4890 1448 4968 sed
1462 4889 1569 4996 juxta
1596 4888 1733 4966 dictam

418 5015 524 5077 rnocis
546 5037 599 5079 nes
622 5035 848 5080 resarciens-
862 5041 894 5080 11.
1547 5025 1585 5085 33
