4320 5898
729 507 925 603 ruocbs
949 528 1045 612 nus
1071 530 1375 632 esurimus.
1722 533 1771 606 sn
1839 489 1843 498 ’

337 669 498 778 sumptis
515 667 765 778 cingebantur
784 699 897 778 supra
912 669 1080 750 camisias
1094 701 1183 750 cum
1197 670 1338 780 quibus
1352 669 1539 781 jacebant.
1556 671 1773 781 Injunctum

335 802 409 884 luit
428 803 462 881 ei
490 831 560 910 per
574 818 813 910 receptorem
833 802 940 910 quod
960 831 1040 880 non
1058 801 1241 882 revelaret
1259 819 1403 882 secreta
1423 800 1676 911 capitulorum
1703 832 1775 883 nec

337 935 498 1019 modum
517 933 752 1042 recepcionis
772 963 857 1024 sue,
887 952 926 1014 et
947 934 1068 1014 credit
1087 937 1190 1044 qnod
1210 934 1438 1045 perdidisset
1461 936 1686 1015 mantellum
1706 938 1773 1046 qui

335 1067 546 1148 revelasset.
582 1066 875 1147 Confitebantur
905 1068 1046 1176 quibus
1070 1067 1259 1148 volebant.
1293 1069 1517 1177 Superiores
1547 1069 1711 1160 ordinis,
1742 1070 1773 1148 si

336 1201 507 1281 sciebant
531 1229 695 1292 errores,
718 1201 876 1281 fuenmt
895 1200 1131 1312 negligentes
1149 1201 1238 1311 quia
1256 1229 1334 1281 non
1355 1219 1599 1283 correxerunt
1619 1229 1685 1282 eos
1703 1229 1774 1282 nec

336 1333 664 1414 denunciaverunt
683 1331 862 1412 Ecclesie.
878 1331 1136 1412 Eleemosinas
1150 1315 1499 1441 ethospitalitatem
1518 1333 1615 1411 vidit
1638 1361 1773 1412 conve·

334 1466 486 1545 nienter
511 1465 595 1546 lieri
617 1482 655 1545 et
678 1465 815 1544 servari
838 1465 878 1544 in
904 1463 1083 1545 domibus
1109 1465 1254 1545 ordinis
1276 1466 1315 1543 in
1340 1465 1483 1574 quibus
1507 1465 1648 1544 exstitit
1672 1493 1774 1544 com·

335 1613 517 1676 moratus.
536 1599 584 1676 Et
603 1623 738 1676 omnes
758 1595 987 1676 curialitates
1005 1612 1044 1674 et
1057 1597 1224 1676 honores
1239 1614 1346 1674 erant
1360 1597 1415 1676 eis
1435 1596 1618 1689 concessi,
1641 1614 1680 1674 et
1692 1583 1775 1676 tun·

333 1727 529 1837 pitudines
557 1726 738 1817 inhibita,
764 1745 804 1805 et
823 1726 1104 1836 precipiebatur
1124 1727 1179 1804 eis
1196 1727 1302 1834 quod
1321 1727 1444 1806 bonos
1467 1755 1559 1806 usus
1583 1745 1775 1806 servarent

336 1876 375 1938 et
393 1858 513 1938 malos
538 1887 739 1969 proposse
770 1887 841 1938 suo
867 1857 1129 1967 reprobarent.
1156 1858 1272 1954 Quod
1298 1887 1457 1967 magnus
1482 1858 1662 1967 Magister
1685 1888 1773 1940 cum

335 2009 521 2070 conventu
552 2018 623 2069 suo
652 1990 865 2070 ordinasset
894 2007 1075 2070 servasset
1102 2006 1207 2069 totus
1232 1989 1352 2083 ordo,
1374 2007 1504 2068 contra
1529 2019 1644 2099 quern
1670 2020 1773 2072 nunc

333 2123 490 2232 grandia
512 2120 702 2215 scandala,
729 2121 894 2230 suspicio
920 2138 959 2200 et
982 2119 1136 2201 infamia
1161 2138 1250 2199 sunt
1268 2139 1412 2212 exorta,
1439 2138 1477 2201 et
1504 2139 1632 2202 contra
1655 2151 1772 2234 quem

335 2253 484 2333 audivit
499 2253 573 2333 dici
594 2281 775 2363 magnum
792 2252 1015 2362 Magistrum
1032 2270 1070 2332 et
1086 2252 1179 2333 alios
1198 2251 1323 2361 aliqua
1337 2251 1452 2331 luisse
1470 2253 1672 2335 confessos.

389 2385 607 2494 Requisitus
636 2386 666 2463 si
697 2386 751 2464 sic
783 2385 1011 2494 deposuerat
1038 2377 1169 2492 prece,
1200 2400 1397 2493 precepto,
1432 2383 1587 2475 timore,
1621 2413 1769 2476 amore,

335 2517 441 2608 odio,
454 2515 515 2597 rel
526 2516 728 2626 temporali
744 2516 907 2596 comodo
920 2503 1053 2596 habito
1065 2513 1125 2595 vel
1135 2515 1313 2595 habendo
1324 2575 1333 2606 ,
1346 2517 1544 2623 respondit
1555 2518 1768 2627 quodum,

333 2648 402 2727 sed
413 2677 486 2758 pro
498 2649 653 2727 veritate
668 2647 849 2743 dicenda3
866 2647 926 2727 cui
940 2645 1015 2725 luit
1025 2648 1241 2757 injunctum
1261 2647 1366 2757 quod
1383 2629 1462 2727 non
1477 2647 1660 2728 revelaret
1674 2647 1772 2729 banc

333 2811 439 2860 suam
454 2781 738 2890 deposicionem
751 2809 953 2890 quousque
969 2781 1232 2862 attestaciones
1244 2779 1387 2864 fuerint
1401 2780 1612 2890 publicate;
1627 2781 1772 2861 deffeu-
1825 2819 1827 2826 ·

334 2913 431 2993 sioni
451 2913 598 2995 ordinis
618 2941 658 2992 se
677 2893 756 2992 non
775 2885 978 2992 obtulerat]

389 3181 520 3260 Frater
536 3177 699 3257 lacobus
718 3176 766 3256 de
786 3176 886 3259 Villa
899 3177 1037 3254 Parisia
1054 3177 1220 3256 serviens
1235 3174 1454 3256 Parisiensis
1469 3176 1645 3274 diocesis,
1661 3182 1769 3260 testis

333 3340 446 3419 supra
460 3311 629 3420 juratus,
651 3337 729 3388 non
746 3308 934 3388 defferens
954 3307 1180 3386 mantellum
1199 3308 1360 3403 ordinis,
1381 3307 1471 3417 qnia
1495 3309 1621 3418 ipsum
1635 3313 1769 3392 volun-

331 3442 425 3522 tarie
450 3441 645 3520 dimiserat
664 3457 849 3522 vetustate
871 3456 1158 3549 consumptum,
1182 3457 1222 3520 et
1239 3441 1321 3519 radi
1341 3439 1481 3520 fecerat
1500 3440 1573 3522 sibi
1592 3441 1767 3538 barbam,

334 3599 467 3654 xxxvrn
490 3601 679 3650 annorum
695 3569 756 3649 rel
775 3569 888 3663 circa,
909 3569 976 3678 qui
997 3569 1210 3648 Aurelianis
1229 3569 1426 3650 absolutus
1451 3589 1489 3650 et
1507 3573 1769 3654 reconciliatus

332 3703 454 3783 luerat
482 3732 552 3810 per
579 3701 780 3792 dominum
805 3701 1024 3808 episcopum
1048 3699 1358 3780 Aurelianensem
1382 3702 1564 3810 inquisito
1589 3733 1677 3782 cum
1701 3731 1765 3796 eo,

332 3835 439 3914 lectis
463 3852 503 3914 ct
523 3833 725 3944 diligenter
746 3832 922 3941 expositis
943 3829 1015 3911 sibi
1035 3833 1215 3914 omnibus
1240 3850 1279 3912 et
1301 3835 1459 3944 singulis
1478 3835 1665 3931 articulis,
1687 3865 1769 3919 res·

332 3966 470 4074 pondit
487 3995 528 4045 se
546 3993 745 4074 nunquam
760 3964 974 4044 interfuisse
992 3966 1206 4073 recepcioni
1226 3965 1386 4076 alicujus
1405 3967 1559 4048 alterius
1579 3997 1650 4049 nec
1670 3969 1769 4080 capi-

333 4099 424 4178 tulis
444 4127 596 4190 eorum,
624 4126 695 4176 nec
719 4113 874 4176 steterat
893 4097 933 4175 in
954 4093 1090 4178 ordine
1109 4098 1180 4177 nisi
1199 4127 1268 4206 per
1288 4099 1491 4179 dimidium
1514 4131 1676 4195 annum,
1699 4131 1768 4185 seu

332 4231 439 4340 quasi
461 4246 547 4308 ante
568 4231 786 4339 capcionem
807 4257 958 4322 eorum,
981 4230 1086 4307 unde
1105 4228 1298 4310 nesciebat
1320 4231 1368 4310 de
1390 4234 1577 4312 contentis
1595 4234 1636 4312 in
1658 4234 1768 4313 dictis
1814 4245 1819 4254 '

332 4361 515 4453 articulis,
536 4391 607 4440 nee
630 4361 809 4442 credebat
831 4390 902 4440 nec
926 4361 1120 4441 audiverat
1135 4361 1209 4440 dici
1235 4362 1308 4440 nisi
1327 4363 1433 4472 quod
1454 4364 1636 4472 seqnitur.
1664 4365 1769 4446 Dixit

334 4495 436 4574 enim
452 4523 492 4574 se
506 4495 621 4574 fuisse
641 4512 837 4603 receptum
859 4495 900 4572 in
920 4494 1062 4602 capella
1080 4494 1220 4574 domus
1234 4494 1385 4604 Templi
1403 4497 1452 4575 de
1471 4495 1615 4604 Campo
1631 4498 1767 4578 Bubali

332 4625 564 4706 Senonensis
593 4625 769 4716 diocesis,
797 4655 865 4734 per
893 4624 1048 4704 fratrem
1074 4627 1287 4706 Jobannem
1309 4626 1357 4705 dc
1383 4628 1480 4706 Tara
1504 4645 1767 4738 preceptorem

331 4758 433 4838 dicte
453 4757 609 4850 domus,
627 4774 765 4836 testem
785 4787 897 4868 supra
913 4757 1185 4850 examinatum,
1207 4758 1248 4842 in
1265 4758 1580 4870 Quadragessima
1597 4762 1776 4870 proxima·
1851 4753 1856 4762 ’

332 4908 419 4970 ante
448 4891 667 5000 capcionem
695 4918 848 4980 eorum,
875 4890 1116 4999 presentibus
1142 4889 1322 4972 bauibus
1348 4893 1506 4973 Daniele
1533 4895 1580 4974 de
1604 4894 1766 4975 Parisius
