<?xml version="1.0" encoding="UTF-8"?>
<!DOCTYPE html PUBLIC "-//W3C//DTD XHTML 1.0 Transitional//EN"
    "http://www.w3.org/TR/xhtml1/DTD/xhtml1-transitional.dtd">
<html xmlns="http://www.w3.org/1999/xhtml" xml:lang="en" lang="en">
 <head>
  <title>
</title>
<meta http-equiv="Content-Type" content="text/html;charset=utf-8" />
  <meta name='ocr-system' content='tesseract 3.04.00' />
  <meta name='ocr-capabilities' content='ocr_page ocr_carea ocr_par ocr_line ocrx_word'/>
</head>
<body>
  <div class='ocr_page' id='page_1' title='image "./procsdestemplie03defegoog/procsdestemplie03defegoog_0333.png"; bbox 0 0 4242 5890; ppageno 0'>
   <div class='ocr_carea' id='block_1_1' title="bbox 721 509 1750 603">
    <p class='ocr_par' dir='ltr' id='par_1_1' title="bbox 721 509 1750 603">
     <span class='ocr_line' id='line_1_1' title="bbox 721 509 1750 603; baseline 0 -4"><span class='ocrx_word' id='word_1_1' title='bbox 721 509 917 603; x_wconf 78' lang='lat' dir='ltr'><strong>rancus</strong></span> <span class='ocrx_word' id='word_1_2' title='bbox 942 529 1038 600; x_wconf 78' lang='lat' dir='ltr'><strong>nas</strong></span> <span class='ocrx_word' id='word_1_3' title='bbox 1064 529 1362 602; x_wconf 75' lang='lat' dir='ltr'><strong>rnurnrnns.</strong></span> <span class='ocrx_word' id='word_1_4' title='bbox 1678 531 1750 602; x_wconf 81' lang='lat' dir='ltr'><strong>sn</strong></span> 
     </span>
    </p>
   </div>
   <div class='ocr_carea' id='block_1_2' title="bbox 336 667 1762 1690">
    <p class='ocr_par' dir='ltr' id='par_1_2' title="bbox 336 667 1762 1690">
     <span class='ocr_line' id='line_1_2' title="bbox 388 667 1753 775; baseline -0.001 -30"><span class='ocrx_word' id='word_1_5' title='bbox 388 671 433 745; x_wconf 89' lang='lat' dir='ltr'><strong>Et</strong></span> <span class='ocrx_word' id='word_1_6' title='bbox 453 695 522 775; x_wconf 91' lang='lat' dir='ltr'><strong>ego</strong></span> <span class='ocrx_word' id='word_1_7' title='bbox 539 667 697 745; x_wconf 87' lang='lat' dir='ltr'><strong>lacobus</strong></span> <span class='ocrx_word' id='word_1_8' title='bbox 712 669 758 744; x_wconf 86' lang='lat' dir='ltr'><strong>de</strong></span> <span class='ocrx_word' id='word_1_9' title='bbox 775 670 922 748; x_wconf 89' lang='lat' dir='ltr'><strong>Virtuto</strong></span> <span class='ocrx_word' id='word_1_10' title='bbox 942 669 1098 747; x_wconf 89' lang='lat' dir='ltr'><strong>clericus</strong></span> <span class='ocrx_word' id='word_1_11' title='bbox 1114 669 1418 748; x_wconf 86' lang='lat' dir='ltr'><strong>Cathalaunensis</strong></span> <span class='ocrx_word' id='word_1_12' title='bbox 1434 667 1607 759; x_wconf 88' lang='lat' dir='ltr'><strong>diocesis,</strong></span> <span class='ocrx_word' id='word_1_13' title='bbox 1629 667 1753 774; x_wconf 88' lang='lat' dir='ltr'><strong>publi-</strong></span> 
     </span>
     <span class='ocr_line' id='line_1_3' title="bbox 336 797 1755 906; baseline 0 -32"><span class='ocrx_word' id='word_1_14' title='bbox 336 827 399 876; x_wconf 91' lang='lat' dir='ltr'><strong>cus</strong></span> <span class='ocrx_word' id='word_1_15' title='bbox 411 799 592 906; x_wconf 89' lang='lat' dir='ltr'><strong>imperiali</strong></span> <span class='ocrx_word' id='word_1_16' title='bbox 604 801 819 876; x_wconf 88' lang='lat' dir='ltr'><strong>auctoritate</strong></span> <span class='ocrx_word' id='word_1_17' title='bbox 830 801 1007 889; x_wconf 90' lang='lat' dir='ltr'><strong>notarius,</strong></span> <span class='ocrx_word' id='word_1_18' title='bbox 1019 801 1209 906; x_wconf 91' lang='lat' dir='ltr'><strong>premissis</strong></span> <span class='ocrx_word' id='word_1_19' title='bbox 1221 799 1515 878; x_wconf 80' lang='lat' dir='ltr'>confessionibus</span> <span class='ocrx_word' id='word_1_20' title='bbox 1527 818 1563 876; x_wconf 90' lang='lat' dir='ltr'><strong>et</strong></span> <span class='ocrx_word' id='word_1_21' title='bbox 1577 797 1755 876; x_wconf 89' lang='lat' dir='ltr'><strong>omnibus</strong></span> 
     </span>
     <span class='ocr_line' id='line_1_4' title="bbox 336 928 1756 1037; baseline 0 -33"><span class='ocrx_word' id='word_1_22' title='bbox 336 928 419 1004; x_wconf 92' lang='lat' dir='ltr'><strong>aliis</strong></span> <span class='ocrx_word' id='word_1_23' title='bbox 435 945 472 1005; x_wconf 90' lang='lat' dir='ltr'><strong>et</strong></span> <span class='ocrx_word' id='word_1_24' title='bbox 486 928 655 1036; x_wconf 86' lang='lat' dir='ltr'><strong>singulis,</strong></span> <span class='ocrx_word' id='word_1_25' title='bbox 676 948 788 1035; x_wconf 89' lang='lat' dir='ltr'><strong>prout</strong></span> <span class='ocrx_word' id='word_1_26' title='bbox 802 931 841 1006; x_wconf 95' lang='lat' dir='ltr'><strong>in</strong></span> <span class='ocrx_word' id='word_1_27' title='bbox 857 930 976 1006; x_wconf 86' lang='lat' dir='ltr'><strong>tribus</strong></span> <span class='ocrx_word' id='word_1_28' title='bbox 991 932 1099 1008; x_wconf 90' lang='lat' dir='ltr'><strong>cartis</strong></span> <span class='ocrx_word' id='word_1_29' title='bbox 1119 959 1184 1007; x_wconf 92' lang='lat' dir='ltr'><strong>seu</strong></span> <span class='ocrx_word' id='word_1_30' title='bbox 1199 932 1314 1037; x_wconf 90' lang='lat' dir='ltr'><strong>peciis</strong></span> <span class='ocrx_word' id='word_1_31' title='bbox 1329 929 1545 1008; x_wconf 86' lang='lat' dir='ltr'><strong>immediate</strong></span> <span class='ocrx_word' id='word_1_32' title='bbox 1559 929 1756 1035; x_wconf 90' lang='lat' dir='ltr'><strong>preceden-</strong></span> 
     </span>
     <span class='ocr_line' id='line_1_5' title="bbox 337 1058 1759 1166; baseline 0 -32"><span class='ocrx_word' id='word_1_33' title='bbox 337 1058 437 1135; x_wconf 88' lang='lat' dir='ltr'><strong>tibus</strong></span> <span class='ocrx_word' id='word_1_34' title='bbox 451 1059 556 1164; x_wconf 88' lang='lat' dir='ltr'><strong>signo</strong></span> <span class='ocrx_word' id='word_1_35' title='bbox 569 1086 655 1136; x_wconf 91' lang='lat' dir='ltr'><strong>meo</strong></span> <span class='ocrx_word' id='word_1_36' title='bbox 669 1061 820 1166; x_wconf 87' lang='lat' dir='ltr'><strong>signatis</strong></span> <span class='ocrx_word' id='word_1_37' title='bbox 832 1059 978 1166; x_wconf 88' lang='lat' dir='ltr'>plenius</span> <span class='ocrx_word' id='word_1_38' title='bbox 991 1062 1242 1150; x_wconf 90' lang='lat' dir='ltr'><strong>continentur,</strong></span> <span class='ocrx_word' id='word_1_39' title='bbox 1256 1089 1331 1137; x_wconf 92' lang='lat' dir='ltr'><strong>una</strong></span> <span class='ocrx_word' id='word_1_40' title='bbox 1341 1089 1426 1136; x_wconf 89' lang='lat' dir='ltr'><strong>cum</strong></span> <span class='ocrx_word' id='word_1_41' title='bbox 1433 1059 1690 1166; x_wconf 91' lang='lat' dir='ltr'><strong>suprascriptis</strong></span> <span class='ocrx_word' id='word_1_42' title='bbox 1703 1078 1759 1136; x_wconf 90' lang='lat' dir='ltr'><strong>te-</strong></span> 
     </span>
     <span class='ocr_line' id='line_1_6' title="bbox 339 1187 1759 1296; baseline 0.001 -31"><span class='ocrx_word' id='word_1_43' title='bbox 339 1189 455 1266; x_wconf 88' lang='lat' dir='ltr'><strong>stibus</strong></span> <span class='ocrx_word' id='word_1_44' title='bbox 471 1205 507 1266; x_wconf 90' lang='lat' dir='ltr'><strong>et</strong></span> <span class='ocrx_word' id='word_1_45' title='bbox 520 1189 851 1296; x_wconf 88' lang='lat' dir='ltr'><strong>magistrisAmisio</strong></span> <span class='ocrx_word' id='word_1_46' title='bbox 863 1191 909 1267; x_wconf 94' lang='lat' dir='ltr'><strong>de</strong></span> <span class='ocrx_word' id='word_1_47' title='bbox 920 1189 1130 1281; x_wconf 88' lang='lat' dir='ltr'><strong>Aureliano,</strong></span> <span class='ocrx_word' id='word_1_48' title='bbox 1143 1191 1310 1269; x_wconf 87' lang='lat' dir='ltr'><strong>lohanne</strong></span> <span class='ocrx_word' id='word_1_49' title='bbox 1327 1191 1374 1267; x_wconf 91' lang='lat' dir='ltr'><strong>de</strong></span> <span class='ocrx_word' id='word_1_50' title='bbox 1390 1189 1563 1280; x_wconf 91' lang='lat' dir='ltr'><strong>Pruvino,</strong></span> <span class='ocrx_word' id='word_1_51' title='bbox 1576 1187 1759 1267; x_wconf 85' lang='lat' dir='ltr'><strong>Gaufrido</strong></span> 
     </span>
     <span class='ocr_line' id='line_1_7' title="bbox 342 1319 1762 1428; baseline 0 -34"><span class='ocrx_word' id='word_1_52' title='bbox 342 1319 529 1426; x_wconf 81' lang='lat' dir='ltr'><strong>Enguelor</strong></span> <span class='ocrx_word' id='word_1_53' title='bbox 544 1319 797 1426; x_wconf 88' lang='lat' dir='ltr'><strong>dictoChalop</strong></span> <span class='ocrx_word' id='word_1_54' title='bbox 810 1338 848 1398; x_wconf 91' lang='lat' dir='ltr'><strong>et</strong></span> <span class='ocrx_word' id='word_1_55' title='bbox 861 1322 986 1398; x_wconf 83' lang='lat' dir='ltr'><strong>Eveno</strong></span> <span class='ocrx_word' id='word_1_56' title='bbox 1004 1319 1099 1398; x_wconf 90' lang='lat' dir='ltr'>Phili</span> <span class='ocrx_word' id='word_1_57' title='bbox 1120 1320 1280 1428; x_wconf 90' lang='lat' dir='ltr'><strong>publicis</strong></span> <span class='ocrx_word' id='word_1_58' title='bbox 1294 1319 1462 1410; x_wconf 88' lang='lat' dir='ltr'><strong>notariis,</strong></span> <span class='ocrx_word' id='word_1_59' title='bbox 1482 1347 1635 1426; x_wconf 85' lang='lat' dir='ltr'><strong>presens</strong></span> <span class='ocrx_word' id='word_1_60' title='bbox 1654 1321 1762 1396; x_wconf 90' lang='lat' dir='ltr'><strong>inter-</strong></span> 
     </span>
     <span class='ocr_line' id='line_1_8' title="bbox 338 1450 1760 1558; baseline 0.001 -34"><span class='ocrx_word' id='word_1_61' title='bbox 338 1450 408 1539; x_wconf 87' lang='lat' dir='ltr'><strong>sui,</strong></span> <span class='ocrx_word' id='word_1_62' title='bbox 423 1451 517 1527; x_wconf 91' lang='lat' dir='ltr'><strong>etde</strong></span> <span class='ocrx_word' id='word_1_63' title='bbox 534 1451 708 1528; x_wconf 87' lang='lat' dir='ltr'><strong>mandato</strong></span> <span class='ocrx_word' id='word_1_64' title='bbox 724 1451 811 1528; x_wconf 92' lang='lat' dir='ltr'><strong>dicti</strong></span> <span class='ocrx_word' id='word_1_65' title='bbox 833 1451 1060 1558; x_wconf 89' lang='lat' dir='ltr'><strong>inquisitoris</strong></span> <span class='ocrx_word' id='word_1_66' title='bbox 1070 1452 1159 1529; x_wconf 90' lang='lat' dir='ltr'><strong>huic</strong></span> <span class='ocrx_word' id='word_1_67' title='bbox 1171 1453 1417 1528; x_wconf 88' lang='lat' dir='ltr'><strong>instrumento</strong></span> <span class='ocrx_word' id='word_1_68' title='bbox 1434 1478 1495 1528; x_wconf 91' lang='lat' dir='ltr'><strong>me</strong></span> <span class='ocrx_word' id='word_1_69' title='bbox 1512 1451 1711 1556; x_wconf 87' lang='lat' dir='ltr'><strong>subscripsi</strong></span> <span class='ocrx_word' id='word_1_70' title='bbox 1723 1452 1760 1526; x_wconf 96' lang='lat' dir='ltr'><strong>in</strong></span> 
     </span>
     <span class='ocr_line' id='line_1_9' title="bbox 338 1581 1675 1690; baseline -0.001 -34"><span class='ocrx_word' id='word_1_71' title='bbox 338 1581 596 1659; x_wconf 87' lang='lat' dir='ltr'><strong>testimonium</strong></span> <span class='ocrx_word' id='word_1_72' title='bbox 615 1581 903 1687; x_wconf 84' lang='lat' dir='ltr'><strong>premissorum,</strong></span> <span class='ocrx_word' id='word_1_73' title='bbox 921 1583 1101 1690; x_wconf 83' lang='lat' dir='ltr'><strong>signoque</strong></span> <span class='ocrx_word' id='word_1_74' title='bbox 1121 1611 1207 1660; x_wconf 93' lang='lat' dir='ltr'><strong>meo</strong></span> <span class='ocrx_word' id='word_1_75' title='bbox 1227 1582 1336 1660; x_wconf 91' lang='lat' dir='ltr'><strong>solito</strong></span> <span class='ocrx_word' id='word_1_76' title='bbox 1357 1581 1493 1689; x_wconf 83' lang='lat' dir='ltr'><strong>signavi</strong></span> <span class='ocrx_word' id='word_1_77' title='bbox 1513 1597 1675 1688; x_wconf 87' lang='lat' dir='ltr'><strong>rogatus.</strong></span> 
     </span>
    </p>
   </div>
   <div class='ocr_carea' id='block_1_3' title="bbox 339 1843 1793 4029">
    <p class='ocr_par' dir='ltr' id='par_1_3' title="bbox 339 1843 1793 4029">
     <span class='ocr_line' id='line_1_10' title="bbox 391 1843 1758 1953; baseline 0 -35"><span class='ocrx_word' id='word_1_78' title='bbox 391 1845 433 1918; x_wconf 92' lang='lat' dir='ltr'><strong>ln</strong></span> <span class='ocrx_word' id='word_1_79' title='bbox 458 1844 611 1921; x_wconf 90' lang='lat' dir='ltr'><strong>nomine</strong></span> <span class='ocrx_word' id='word_1_80' title='bbox 631 1843 784 1922; x_wconf 86' lang='lat' dir='ltr'><strong>Domini</strong></span> <span class='ocrx_word' id='word_1_81' title='bbox 807 1873 927 1922; x_wconf 91' lang='lat' dir='ltr'><strong>amen.</strong></span> <span class='ocrx_word' id='word_1_82' title='bbox 953 1845 1061 1923; x_wconf 85' lang='lat' dir='ltr'><strong>Anno</strong></span> <span class='ocrx_word' id='word_1_83' title='bbox 1082 1847 1250 1953; x_wconf 89' lang='lat' dir='ltr'><strong>ejusdem</strong></span> <span class='ocrx_word' id='word_1_84' title='bbox 1276 1845 1477 1923; x_wconf 92' lang='lat' dir='ltr'><strong>millesimo</strong></span> <span class='ocrx_word' id='word_1_85' title='bbox 1500 1843 1758 1921; x_wconf 87' lang='lat' dir='ltr'><strong>trecentesimo</strong></span> 
     </span>
     <span class='ocr_line' id='line_1_11' title="bbox 339 1973 1762 2081; baseline 0.001 -33"><span class='ocrx_word' id='word_1_86' title='bbox 339 1974 515 2076; x_wconf 86' lang='lat' dir='ltr'><strong>septimo,</strong></span> <span class='ocrx_word' id='word_1_87' title='bbox 538 1973 725 2052; x_wconf 85' lang='lat' dir='ltr'><strong>indicione</strong></span> <span class='ocrx_word' id='word_1_88' title='bbox 740 1993 854 2065; x_wconf 86' lang='lat' dir='ltr'><strong>sexta,</strong></span> <span class='ocrx_word' id='word_1_89' title='bbox 867 2004 995 2053; x_wconf 89' lang='lat' dir='ltr'><strong>mense</strong></span> <span class='ocrx_word' id='word_1_90' title='bbox 1013 1977 1193 2065; x_wconf 81' lang='lat' dir='ltr'><strong>octobris,</strong></span> <span class='ocrx_word' id='word_1_91' title='bbox 1214 1977 1388 2056; x_wconf 86' lang='lat' dir='ltr'><strong>vicesima</strong></span> <span class='ocrx_word' id='word_1_92' title='bbox 1404 1975 1561 2081; x_wconf 90' lang='lat' dir='ltr'><strong>septima</strong></span> <span class='ocrx_word' id='word_1_93' title='bbox 1582 1973 1642 2050; x_wconf 90' lang='lat' dir='ltr'><strong>die</strong></span> <span class='ocrx_word' id='word_1_94' title='bbox 1664 1973 1762 2080; x_wconf 87' lang='lat' dir='ltr'><strong>ejus-</strong></span> 
     </span>
     <span class='ocr_line' id='line_1_12' title="bbox 341 2102 1762 2212; baseline -0.003 -32"><span class='ocrx_word' id='word_1_95' title='bbox 341 2103 430 2180; x_wconf 92' lang='lat' dir='ltr'><strong>dem</strong></span> <span class='ocrx_word' id='word_1_96' title='bbox 446 2103 600 2192; x_wconf 89' lang='lat' dir='ltr'><strong>mensis,</strong></span> <span class='ocrx_word' id='word_1_97' title='bbox 617 2105 854 2209; x_wconf 82' lang='lat' dir='ltr'><strong>pontificatus</strong></span> <span class='ocrx_word' id='word_1_98' title='bbox 869 2106 1088 2182; x_wconf 80' lang='lat' dir='ltr'><strong>sanctissimi</strong></span> <span class='ocrx_word' id='word_1_99' title='bbox 1108 2107 1224 2212; x_wconf 90' lang='lat' dir='ltr'><strong>patris</strong></span> <span class='ocrx_word' id='word_1_100' title='bbox 1245 2105 1388 2182; x_wconf 91' lang='lat' dir='ltr'><strong>domini</strong></span> <span class='ocrx_word' id='word_1_101' title='bbox 1409 2104 1613 2182; x_wconf 87' lang='lat' dir='ltr'><strong>Clementis</strong></span> <span class='ocrx_word' id='word_1_102' title='bbox 1639 2102 1762 2180; x_wconf 83' lang='lat' dir='ltr'><strong>divina</strong></span> 
     </span>
     <span class='ocr_line' id='line_1_13' title="bbox 339 2232 1765 2341; baseline 0.001 -37"><span class='ocrx_word' id='word_1_103' title='bbox 339 2232 577 2334; x_wconf 86' lang='lat' dir='ltr'><strong>providencia</strong></span> <span class='ocrx_word' id='word_1_104' title='bbox 596 2261 716 2340; x_wconf 91' lang='lat' dir='ltr'><strong>pappe</strong></span> <span class='ocrx_word' id='word_1_105' title='bbox 743 2237 865 2341; x_wconf 90' lang='lat' dir='ltr'><strong>quinti</strong></span> <span class='ocrx_word' id='word_1_106' title='bbox 887 2263 984 2312; x_wconf 89' lang='lat' dir='ltr'><strong>anno</strong></span> <span class='ocrx_word' id='word_1_107' title='bbox 1011 2234 1193 2324; x_wconf 90' lang='lat' dir='ltr'><strong>secundo,</strong></span> <span class='ocrx_word' id='word_1_108' title='bbox 1220 2263 1288 2341; x_wconf 92' lang='lat' dir='ltr'><strong>per</strong></span> <span class='ocrx_word' id='word_1_109' title='bbox 1306 2261 1461 2339; x_wconf 89' lang='lat' dir='ltr'><strong>presens</strong></span> <span class='ocrx_word' id='word_1_110' title='bbox 1484 2233 1680 2339; x_wconf 82' lang='lat' dir='ltr'><strong>pubiicum</strong></span> <span class='ocrx_word' id='word_1_111' title='bbox 1706 2232 1765 2307; x_wconf 93' lang='lat' dir='ltr'><strong>in-</strong></span> 
     </span>
     <span class='ocr_line' id='line_1_14' title="bbox 340 2359 1763 2473; baseline -0.001 -36"><span class='ocrx_word' id='word_1_112' title='bbox 340 2378 592 2439; x_wconf 80' lang='lat' dir='ltr'><strong>strumentum</strong></span> <span class='ocrx_word' id='word_1_113' title='bbox 614 2381 737 2469; x_wconf 89' lang='lat' dir='ltr'><strong>pateat</strong></span> <span class='ocrx_word' id='word_1_114' title='bbox 756 2365 938 2442; x_wconf 87' lang='lat' dir='ltr'><strong>universis</strong></span> <span class='ocrx_word' id='word_1_115' title='bbox 957 2365 1062 2472; x_wconf 91' lang='lat' dir='ltr'><strong>quod</strong></span> <span class='ocrx_word' id='word_1_116' title='bbox 1082 2365 1122 2441; x_wconf 92' lang='lat' dir='ltr'><strong>in</strong></span> <span class='ocrx_word' id='word_1_117' title='bbox 1142 2365 1304 2473; x_wconf 85' lang='lat' dir='ltr'><strong>religiosi</strong></span> <span class='ocrx_word' id='word_1_118' title='bbox 1326 2381 1364 2440; x_wconf 86' lang='lat' dir='ltr'><strong>et</strong></span> <span class='ocrx_word' id='word_1_119' title='bbox 1384 2364 1533 2440; x_wconf 89' lang='lat' dir='ltr'><strong>honesti</strong></span> <span class='ocrx_word' id='word_1_120' title='bbox 1554 2361 1620 2438; x_wconf 91' lang='lat' dir='ltr'><strong>viri</strong></span> <span class='ocrx_word' id='word_1_121' title='bbox 1641 2359 1763 2437; x_wconf 85' lang='lat' dir='ltr'><strong>fratris</strong></span> 
     </span>
     <span class='ocr_line' id='line_1_15' title="bbox 341 2491 1761 2601; baseline -0.003 -32"><span class='ocrx_word' id='word_1_122' title='bbox 341 2491 534 2570; x_wconf 90' lang='lat' dir='ltr'><strong>Guillelmi</strong></span> <span class='ocrx_word' id='word_1_123' title='bbox 561 2495 607 2571; x_wconf 92' lang='lat' dir='ltr'><strong>de</strong></span> <span class='ocrx_word' id='word_1_124' title='bbox 633 2497 769 2572; x_wconf 87' lang='lat' dir='ltr'><strong>Sancto</strong></span> <span class='ocrx_word' id='word_1_125' title='bbox 789 2497 946 2573; x_wconf 82' lang='lat' dir='ltr'><strong>Evurcio</strong></span> <span class='ocrx_word' id='word_1_126' title='bbox 970 2497 1106 2601; x_wconf 90' lang='lat' dir='ltr'><strong>prioris</strong></span> <span class='ocrx_word' id='word_1_127' title='bbox 1131 2513 1336 2574; x_wconf 82' lang='lat' dir='ltr'><strong>conventus</strong></span> <span class='ocrx_word' id='word_1_128' title='bbox 1359 2493 1642 2571; x_wconf 88' lang='lat' dir='ltr'><strong>Predicatorum</strong></span> <span class='ocrx_word' id='word_1_129' title='bbox 1663 2491 1761 2568; x_wconf 88' lang='lat' dir='ltr'><strong>Pari·</strong></span> 
     </span>
     <span class='ocr_line' id='line_1_16' title="bbox 340 2605 1793 2733; baseline -0.001 -35"><span class='ocrx_word' id='word_1_130' title='bbox 340 2605 433 2714; x_wconf 88' lang='lat' dir='ltr'><strong>sius,</strong></span> <span class='ocrx_word' id='word_1_131' title='bbox 446 2625 882 2733; x_wconf 86' lang='lat' dir='ltr'><strong>commissarii,religiosi</strong></span> <span class='ocrx_word' id='word_1_132' title='bbox 895 2643 933 2703; x_wconf 90' lang='lat' dir='ltr'><strong>et</strong></span> <span class='ocrx_word' id='word_1_133' title='bbox 942 2625 1087 2704; x_wconf 89' lang='lat' dir='ltr'><strong>honesti</strong></span> <span class='ocrx_word' id='word_1_134' title='bbox 1107 2626 1175 2704; x_wconf 87' lang='lat' dir='ltr'><strong>viri</strong></span> <span class='ocrx_word' id='word_1_135' title='bbox 1188 2625 1311 2702; x_wconf 87' lang='lat' dir='ltr'><strong>fratris</strong></span> <span class='ocrx_word' id='word_1_136' title='bbox 1326 2623 1521 2703; x_wconf 90' lang='lat' dir='ltr'><strong>Guillermi</strong></span> <span class='ocrx_word' id='word_1_137' title='bbox 1541 2624 1589 2700; x_wconf 92' lang='lat' dir='ltr'><strong>de</strong></span> <span class='ocrx_word' id='word_1_138' title='bbox 1604 2621 1765 2699; x_wconf 90' lang='lat' dir='ltr'><strong>Parisius</strong></span> <span class='ocrx_word' id='word_1_139' title='bbox 1783 2679 1793 2696; x_wconf 84' lang='lat'><strong>.</strong></span> 
     </span>
     <span class='ocr_line' id='line_1_17' title="bbox 339 2751 1764 2864; baseline 0.001 -38"><span class='ocrx_word' id='word_1_140' title='bbox 339 2753 572 2858; x_wconf 88' lang='lat' dir='ltr'><strong>inquisitoris</strong></span> <span class='ocrx_word' id='word_1_141' title='bbox 587 2755 750 2832; x_wconf 90' lang='lat' dir='ltr'><strong>heretice</strong></span> <span class='ocrx_word' id='word_1_142' title='bbox 763 2757 953 2861; x_wconf 86' lang='lat' dir='ltr'><strong>pravitatis</strong></span> <span class='ocrx_word' id='word_1_143' title='bbox 964 2757 1004 2833; x_wconf 91' lang='lat' dir='ltr'><strong>in</strong></span> <span class='ocrx_word' id='word_1_144' title='bbox 1018 2785 1137 2864; x_wconf 89' lang='lat' dir='ltr'><strong>regno</strong></span> <span class='ocrx_word' id='word_1_145' title='bbox 1149 2755 1319 2845; x_wconf 81' lang='lat' dir='ltr'><strong>Francis,</strong></span> <span class='ocrx_word' id='word_1_146' title='bbox 1332 2753 1550 2832; x_wconf 88' lang='lat' dir='ltr'><strong>auctoritate</strong></span> <span class='ocrx_word' id='word_1_147' title='bbox 1564 2751 1764 2859; x_wconf 90' lang='lat' dir='ltr'><strong>apostoliea</strong></span> 
     </span>
     <span class='ocr_line' id='line_1_18' title="bbox 341 2882 1764 2993; baseline -0.001 -34"><span class='ocrx_word' id='word_1_148' title='bbox 341 2882 528 2988; x_wconf 88' lang='lat' dir='ltr'><strong>deputati,</strong></span> <span class='ocrx_word' id='word_1_149' title='bbox 544 2903 712 2962; x_wconf 88' lang='lat' dir='ltr'><strong>nostrum</strong></span> <span class='ocrx_word' id='word_1_150' title='bbox 727 2888 959 2964; x_wconf 89' lang='lat' dir='ltr'><strong>notariorum</strong></span> <span class='ocrx_word' id='word_1_151' title='bbox 971 2886 1209 2993; x_wconf 87' lang='lat' dir='ltr'><strong>publicorum</strong></span> <span class='ocrx_word' id='word_1_152' title='bbox 1227 2903 1264 2963; x_wconf 89' lang='lat' dir='ltr'><strong>et</strong></span> <span class='ocrx_word' id='word_1_153' title='bbox 1278 2883 1597 2990; x_wconf 86' lang='lat' dir='ltr'><strong>infrascriptorum</strong></span> <span class='ocrx_word' id='word_1_154' title='bbox 1610 2882 1764 2959; x_wconf 89' lang='lat' dir='ltr'><strong>testium</strong></span> 
     </span>
     <span class='ocr_line' id='line_1_19' title="bbox 341 3010 1767 3124; baseline 0 -36"><span class='ocrx_word' id='word_1_155' title='bbox 341 3015 601 3116; x_wconf 90' lang='lat' dir='ltr'><strong>presencia,in</strong></span> <span class='ocrx_word' id='word_1_156' title='bbox 612 3015 887 3123; x_wconf 91' lang='lat' dir='ltr'><strong>domoTempli</strong></span> <span class='ocrx_word' id='word_1_157' title='bbox 899 3018 1123 3107; x_wconf 88' lang='lat' dir='ltr'><strong>Parisiensis,</strong></span> <span class='ocrx_word' id='word_1_158' title='bbox 1135 3015 1409 3124; x_wconf 84' lang='lat' dir='ltr'><strong>personnaliter</strong></span> <span class='ocrx_word' id='word_1_159' title='bbox 1419 3015 1643 3092; x_wconf 88' lang='lat' dir='ltr'><strong>constitutus</strong></span> <span class='ocrx_word' id='word_1_160' title='bbox 1652 3010 1767 3089; x_wconf 85' lang='lat' dir='ltr'><strong>frater</strong></span> 
     </span>
     <span class='ocr_line' id='line_1_20' title="bbox 342 3143 1767 3252; baseline -0.001 -34"><span class='ocrx_word' id='word_1_161' title='bbox 342 3144 552 3221; x_wconf 84' lang='lat' dir='ltr'><strong>Bernardus</strong></span> <span class='ocrx_word' id='word_1_162' title='bbox 577 3145 624 3220; x_wconf 92' lang='lat' dir='ltr'><strong>de</strong></span> <span class='ocrx_word' id='word_1_163' title='bbox 649 3147 779 3223; x_wconf 87' lang='lat' dir='ltr'><strong>Brocia</strong></span> <span class='ocrx_word' id='word_1_164' title='bbox 808 3164 933 3225; x_wconf 89' lang='lat' dir='ltr'><strong>custos</strong></span> <span class='ocrx_word' id='word_1_165' title='bbox 962 3148 1099 3226; x_wconf 90' lang='lat' dir='ltr'><strong>domus</strong></span> <span class='ocrx_word' id='word_1_166' title='bbox 1123 3148 1170 3223; x_wconf 92' lang='lat' dir='ltr'><strong>de</strong></span> <span class='ocrx_word' id='word_1_167' title='bbox 1196 3147 1345 3252; x_wconf 86' lang='lat' dir='ltr'><strong>Samay,</strong></span> <span class='ocrx_word' id='word_1_168' title='bbox 1369 3145 1475 3222; x_wconf 90' lang='lat' dir='ltr'><strong>etatis</strong></span> <span class='ocrx_word' id='word_1_169' title='bbox 1498 3143 1767 3251; x_wconf 90' lang='lat' dir='ltr'><strong>quinquaginta</strong></span> 
     </span>
     <span class='ocr_line' id='line_1_21' title="bbox 344 3273 1766 3383; baseline 0.003 -37"><span class='ocrx_word' id='word_1_170' title='bbox 344 3299 544 3362; x_wconf 86' lang='lat' dir='ltr'><strong>annorum,</strong></span> <span class='ocrx_word' id='word_1_171' title='bbox 562 3292 605 3351; x_wconf 92' lang='lat' dir='ltr'><strong>ut</strong></span> <span class='ocrx_word' id='word_1_172' title='bbox 619 3276 782 3365; x_wconf 90' lang='lat' dir='ltr'><strong>dicebat,</strong></span> <span class='ocrx_word' id='word_1_173' title='bbox 799 3278 903 3354; x_wconf 91' lang='lat' dir='ltr'><strong>testis</strong></span> <span class='ocrx_word' id='word_1_174' title='bbox 917 3279 1066 3383; x_wconf 87' lang='lat' dir='ltr'><strong>juratus</strong></span> <span class='ocrx_word' id='word_1_175' title='bbox 1084 3277 1131 3354; x_wconf 94' lang='lat' dir='ltr'><strong>de</strong></span> <span class='ocrx_word' id='word_1_176' title='bbox 1147 3305 1186 3355; x_wconf 89' lang='lat' dir='ltr'><strong>se</strong></span> <span class='ocrx_word' id='word_1_177' title='bbox 1208 3295 1245 3354; x_wconf 90' lang='lat' dir='ltr'><strong>et</strong></span> <span class='ocrx_word' id='word_1_178' title='bbox 1260 3277 1341 3353; x_wconf 88' lang='lat' dir='ltr'><strong>aliis</strong></span> <span class='ocrx_word' id='word_1_179' title='bbox 1358 3277 1398 3352; x_wconf 93' lang='lat' dir='ltr'><strong>in</strong></span> <span class='ocrx_word' id='word_1_180' title='bbox 1414 3303 1522 3353; x_wconf 88' lang='lat' dir='ltr'><strong>causa</strong></span> <span class='ocrx_word' id='word_1_181' title='bbox 1536 3273 1625 3350; x_wconf 85' lang='lat' dir='ltr'><strong>fidei</strong></span> <span class='ocrx_word' id='word_1_182' title='bbox 1641 3274 1766 3350; x_wconf 89' lang='lat' dir='ltr'><strong>dicere</strong></span> 
     </span>
     <span class='ocr_line' id='line_1_22' title="bbox 344 3402 1767 3513; baseline 0.003 -37"><span class='ocrx_word' id='word_1_183' title='bbox 344 3402 552 3491; x_wconf 87' lang='lat' dir='ltr'><strong>veritatem,</strong></span> <span class='ocrx_word' id='word_1_184' title='bbox 576 3404 667 3480; x_wconf 83' lang='lat' dir='ltr'><strong>dixit</strong></span> <span class='ocrx_word' id='word_1_185' title='bbox 686 3433 754 3510; x_wconf 88' lang='lat' dir='ltr'><strong>per</strong></span> <span class='ocrx_word' id='word_1_186' title='bbox 768 3409 1025 3512; x_wconf 85' lang='lat' dir='ltr'><strong>juramentum</strong></span> <span class='ocrx_word' id='word_1_187' title='bbox 1046 3435 1156 3483; x_wconf 93' lang='lat' dir='ltr'><strong>suum</strong></span> <span class='ocrx_word' id='word_1_188' title='bbox 1176 3406 1282 3513; x_wconf 88' lang='lat' dir='ltr'><strong>quod</strong></span> <span class='ocrx_word' id='word_1_189' title='bbox 1307 3418 1477 3511; x_wconf 90' lang='lat' dir='ltr'><strong>receptus</strong></span> <span class='ocrx_word' id='word_1_190' title='bbox 1497 3404 1569 3480; x_wconf 84' lang='lat' dir='ltr'><strong>fuit</strong></span> <span class='ocrx_word' id='word_1_191' title='bbox 1592 3405 1632 3479; x_wconf 92' lang='lat' dir='ltr'><strong>in</strong></span> <span class='ocrx_word' id='word_1_192' title='bbox 1653 3402 1767 3481; x_wconf 92' lang='lat' dir='ltr'><strong>domo</strong></span> 
     </span>
     <span class='ocr_line' id='line_1_23' title="bbox 343 3533 1768 3638; baseline 0.001 -32"><span class='ocrx_word' id='word_1_193' title='bbox 343 3533 391 3607; x_wconf 89' lang='lat' dir='ltr'><strong>de</strong></span> <span class='ocrx_word' id='word_1_194' title='bbox 407 3533 506 3610; x_wconf 88' lang='lat' dir='ltr'><strong>Malo</strong></span> <span class='ocrx_word' id='word_1_195' title='bbox 526 3535 706 3638; x_wconf 85' lang='lat' dir='ltr'><strong>Repastu,</strong></span> <span class='ocrx_word' id='word_1_196' title='bbox 721 3533 945 3638; x_wconf 84' lang='lat' dir='ltr'><strong>perfratrem</strong></span> <span class='ocrx_word' id='word_1_197' title='bbox 965 3538 1173 3614; x_wconf 75' lang='lat' dir='ltr'><strong>iohannem</strong></span> <span class='ocrx_word' id='word_1_198' title='bbox 1187 3537 1373 3613; x_wconf 87' lang='lat' dir='ltr'><strong>deTumo</strong></span> <span class='ocrx_word' id='word_1_199' title='bbox 1391 3535 1666 3612; x_wconf 89' lang='lat' dir='ltr'><strong>thesaurarium</strong></span> <span class='ocrx_word' id='word_1_200' title='bbox 1676 3550 1768 3609; x_wconf 90' lang='lat' dir='ltr'><strong>tunc</strong></span> 
     </span>
     <span class='ocr_line' id='line_1_24' title="bbox 343 3661 1770 3772; baseline 0 -36"><span class='ocrx_word' id='word_1_201' title='bbox 343 3662 602 3752; x_wconf 88' lang='lat' dir='ltr'><strong>Parisiensem,</strong></span> <span class='ocrx_word' id='word_1_202' title='bbox 627 3665 757 3742; x_wconf 89' lang='lat' dir='ltr'><strong>decem</strong></span> <span class='ocrx_word' id='word_1_203' title='bbox 777 3668 862 3742; x_wconf 92' lang='lat' dir='ltr'><strong>anni</strong></span> <span class='ocrx_word' id='word_1_204' title='bbox 884 3685 970 3744; x_wconf 88' lang='lat' dir='ltr'><strong>sunt</strong></span> <span class='ocrx_word' id='word_1_205' title='bbox 990 3667 1103 3772; x_wconf 90' lang='lat' dir='ltr'><strong>elapsi</strong></span> <span class='ocrx_word' id='word_1_206' title='bbox 1128 3666 1185 3743; x_wconf 93' lang='lat' dir='ltr'><strong>vel</strong></span> <span class='ocrx_word' id='word_1_207' title='bbox 1206 3668 1316 3755; x_wconf 89' lang='lat' dir='ltr'><strong>circa,</strong></span> <span class='ocrx_word' id='word_1_208' title='bbox 1338 3665 1432 3741; x_wconf 83' lang='lat' dir='ltr'><strong>dixit</strong></span> <span class='ocrx_word' id='word_1_209' title='bbox 1451 3664 1565 3740; x_wconf 91' lang='lat' dir='ltr'><strong>eciam</strong></span> <span class='ocrx_word' id='word_1_210' title='bbox 1584 3689 1653 3769; x_wconf 91' lang='lat' dir='ltr'><strong>per</strong></span> <span class='ocrx_word' id='word_1_211' title='bbox 1668 3661 1770 3770; x_wconf 91' lang='lat' dir='ltr'><strong>jura-</strong></span> 
     </span>
     <span class='ocr_line' id='line_1_25' title="bbox 345 3793 1768 3903; baseline -0.001 -35"><span class='ocrx_word' id='word_1_212' title='bbox 345 3809 512 3869; x_wconf 89' lang='lat' dir='ltr'><strong>mentum</strong></span> <span class='ocrx_word' id='word_1_213' title='bbox 530 3821 642 3870; x_wconf 92' lang='lat' dir='ltr'><strong>suum</strong></span> <span class='ocrx_word' id='word_1_214' title='bbox 658 3796 779 3900; x_wconf 91' lang='lat' dir='ltr'><strong>quod,</strong></span> <span class='ocrx_word' id='word_1_215' title='bbox 799 3814 883 3901; x_wconf 88' lang='lat' dir='ltr'><strong>post</strong></span> <span class='ocrx_word' id='word_1_216' title='bbox 897 3797 1035 3874; x_wconf 87' lang='lat' dir='ltr'><strong>multas</strong></span> <span class='ocrx_word' id='word_1_217' title='bbox 1054 3797 1320 3903; x_wconf 88' lang='lat' dir='ltr'><strong>promissiones</strong></span> <span class='ocrx_word' id='word_1_218' title='bbox 1341 3796 1386 3871; x_wconf 92' lang='lat' dir='ltr'><strong>de</strong></span> <span class='ocrx_word' id='word_1_219' title='bbox 1403 3794 1548 3872; x_wconf 87' lang='lat' dir='ltr'><strong>statutis</strong></span> <span class='ocrx_word' id='word_1_220' title='bbox 1566 3809 1605 3869; x_wconf 89' lang='lat' dir='ltr'><strong>et</strong></span> <span class='ocrx_word' id='word_1_221' title='bbox 1619 3793 1768 3869; x_wconf 88' lang='lat' dir='ltr'><strong>secretis</strong></span> 
     </span>
     <span class='ocr_line' id='line_1_26' title="bbox 346 3921 1770 4029; baseline 0 -32"><span class='ocrx_word' id='word_1_222' title='bbox 346 3922 489 4000; x_wconf 90' lang='lat' dir='ltr'><strong>ordinis</strong></span> <span class='ocrx_word' id='word_1_223' title='bbox 507 3922 764 4013; x_wconf 85' lang='lat' dir='ltr'><strong>observandis,</strong></span> <span class='ocrx_word' id='word_1_224' title='bbox 783 3944 824 4003; x_wconf 87' lang='lat' dir='ltr'><strong>et</strong></span> <span class='ocrx_word' id='word_1_225' title='bbox 844 3925 1020 4003; x_wconf 91' lang='lat' dir='ltr'><strong>mantello</strong></span> <span class='ocrx_word' id='word_1_226' title='bbox 1041 3926 1109 4002; x_wconf 91' lang='lat' dir='ltr'><strong>sibi</strong></span> <span class='ocrx_word' id='word_1_227' title='bbox 1132 3925 1179 4002; x_wconf 89' lang='lat' dir='ltr'><strong>ad</strong></span> <span class='ocrx_word' id='word_1_228' title='bbox 1199 3923 1339 4002; x_wconf 91' lang='lat' dir='ltr'><strong>collum</strong></span> <span class='ocrx_word' id='word_1_229' title='bbox 1359 3925 1501 4029; x_wconf 87' lang='lat' dir='ltr'><strong>posito,</strong></span> <span class='ocrx_word' id='word_1_230' title='bbox 1535 3921 1598 4000; x_wconf 88' lang='lat' dir='ltr'><strong>ille</strong></span> <span class='ocrx_word' id='word_1_231' title='bbox 1621 3923 1685 4028; x_wconf 92' lang='lat' dir='ltr'><strong>qui</strong></span> <span class='ocrx_word' id='word_1_232' title='bbox 1711 3949 1770 3998; x_wconf 93' lang='lat' dir='ltr'><strong>re-</strong></span> 
     </span>
    </p>
   </div>
   <div class='ocr_carea' id='block_1_4' title="bbox 226 4051 1766 4159">
    <p class='ocr_par' dir='ltr' id='par_1_4' title="bbox 226 4051 1766 4159">
     <span class='ocr_line' id='line_1_27' title="bbox 226 4051 1766 4159; baseline 0.005 -39"><span class='ocrx_word' id='word_1_233' title='bbox 226 4115 229 4120; x_wconf 28' lang='lat'><strong>,</strong></span> <span class='ocrx_word' id='word_1_234' title='bbox 348 4051 446 4156; x_wconf 90' lang='lat' dir='ltr'><strong>cepit</strong></span> <span class='ocrx_word' id='word_1_235' title='bbox 461 4079 548 4128; x_wconf 89' lang='lat' dir='ltr'><strong>eum</strong></span> <span class='ocrx_word' id='word_1_236' title='bbox 560 4055 728 4159; x_wconf 84' lang='lat' dir='ltr'><strong>precepit</strong></span> <span class='ocrx_word' id='word_1_237' title='bbox 745 4055 816 4131; x_wconf 91' lang='lat' dir='ltr'><strong>sibi</strong></span> <span class='ocrx_word' id='word_1_238' title='bbox 828 4055 931 4159; x_wconf 90' lang='lat' dir='ltr'><strong>quod</strong></span> <span class='ocrx_word' id='word_1_239' title='bbox 944 4053 1273 4132; x_wconf 83' lang='lat' dir='ltr'><strong>oscularetureum</strong></span> <span class='ocrx_word' id='word_1_240' title='bbox 1290 4054 1328 4129; x_wconf 93' lang='lat' dir='ltr'><strong>in</strong></span> <span class='ocrx_word' id='word_1_241' title='bbox 1344 4051 1536 4141; x_wconf 89' lang='lat' dir='ltr'><strong>umbilico,</strong></span> <span class='ocrx_word' id='word_1_242' title='bbox 1551 4051 1656 4159; x_wconf 91' lang='lat' dir='ltr'><strong>quod</strong></span> <span class='ocrx_word' id='word_1_243' title='bbox 1664 4051 1766 4140; x_wconf 86' lang='lat' dir='ltr'><strong>fecit,</strong></span> 
     </span>
    </p>
   </div>
   <div class='ocr_carea' id='block_1_5' title="bbox 347 4181 1771 4940">
    <p class='ocr_par' dir='ltr' id='par_1_5' title="bbox 347 4181 1771 4940">
     <span class='ocr_line' id='line_1_28' title="bbox 347 4181 1771 4288; baseline 0.001 -33"><span class='ocrx_word' id='word_1_244' title='bbox 347 4199 387 4255; x_wconf 87' lang='lat' dir='ltr'><strong>et</strong></span> <span class='ocrx_word' id='word_1_245' title='bbox 396 4183 572 4284; x_wconf 87' lang='lat' dir='ltr'><strong>posteain</strong></span> <span class='ocrx_word' id='word_1_246' title='bbox 588 4211 669 4271; x_wconf 87' lang='lat' dir='ltr'><strong>ore;</strong></span> <span class='ocrx_word' id='word_1_247' title='bbox 682 4211 759 4288; x_wconf 83' lang='lat' dir='ltr'><strong>quo</strong></span> <span class='ocrx_word' id='word_1_248' title='bbox 774 4183 889 4271; x_wconf 85' lang='lat' dir='ltr'><strong>facto,</strong></span> <span class='ocrx_word' id='word_1_249' title='bbox 909 4184 1074 4260; x_wconf 89' lang='lat' dir='ltr'><strong>ostendit</strong></span> <span class='ocrx_word' id='word_1_250' title='bbox 1088 4181 1159 4259; x_wconf 89' lang='lat' dir='ltr'><strong>sibi</strong></span> <span class='ocrx_word' id='word_1_251' title='bbox 1178 4183 1376 4288; x_wconf 90' lang='lat' dir='ltr'><strong>quamdam</strong></span> <span class='ocrx_word' id='word_1_252' title='bbox 1391 4209 1537 4259; x_wconf 90' lang='lat' dir='ltr'><strong>crucem</strong></span> <span class='ocrx_word' id='word_1_253' title='bbox 1551 4181 1591 4256; x_wconf 90' lang='lat' dir='ltr'><strong>in</strong></span> <span class='ocrx_word' id='word_1_254' title='bbox 1605 4198 1771 4288; x_wconf 90' lang='lat' dir='ltr'><strong>quaerat</strong></span> 
     </span>
     <span class='ocr_line' id='line_1_29' title="bbox 347 4310 1770 4417; baseline 0.004 -33"><span class='ocrx_word' id='word_1_255' title='bbox 347 4337 479 4416; x_wconf 87' lang='lat' dir='ltr'><strong>ymago</strong></span> <span class='ocrx_word' id='word_1_256' title='bbox 489 4310 606 4388; x_wconf 87' lang='lat' dir='ltr'><strong>lhesu</strong></span> <span class='ocrx_word' id='word_1_257' title='bbox 615 4311 771 4400; x_wconf 80' lang='lat' dir='ltr'><strong>Christi,</strong></span> <span class='ocrx_word' id='word_1_258' title='bbox 785 4329 822 4389; x_wconf 89' lang='lat' dir='ltr'><strong>et</strong></span> <span class='ocrx_word' id='word_1_259' title='bbox 832 4311 919 4388; x_wconf 87' lang='lat' dir='ltr'><strong>lecit</strong></span> <span class='ocrx_word' id='word_1_260' title='bbox 930 4341 1018 4389; x_wconf 90' lang='lat' dir='ltr'><strong>eum</strong></span> <span class='ocrx_word' id='word_1_261' title='bbox 1030 4311 1212 4417; x_wconf 89' lang='lat' dir='ltr'><strong>abnegare</strong></span> <span class='ocrx_word' id='word_1_262' title='bbox 1222 4310 1377 4388; x_wconf 89' lang='lat' dir='ltr'><strong>lhesum</strong></span> <span class='ocrx_word' id='word_1_263' title='bbox 1385 4311 1575 4391; x_wconf 86' lang='lat' dir='ltr'><strong>Christum</strong></span> <span class='ocrx_word' id='word_1_264' title='bbox 1588 4328 1625 4387; x_wconf 88' lang='lat' dir='ltr'><strong>et</strong></span> <span class='ocrx_word' id='word_1_265' title='bbox 1637 4339 1770 4417; x_wconf 91' lang='lat' dir='ltr'><strong>spuere</strong></span> 
     </span>
     <span class='ocr_line' id='line_1_30' title="bbox 347 4440 1769 4551; baseline 0.002 -37"><span class='ocrx_word' id='word_1_266' title='bbox 347 4440 463 4516; x_wconf 90' lang='lat' dir='ltr'><strong>semel</strong></span> <span class='ocrx_word' id='word_1_267' title='bbox 482 4469 597 4546; x_wconf 91' lang='lat' dir='ltr'><strong>super</strong></span> <span class='ocrx_word' id='word_1_268' title='bbox 614 4469 774 4520; x_wconf 90' lang='lat' dir='ltr'><strong>crucem.</strong></span> <span class='ocrx_word' id='word_1_269' title='bbox 797 4443 896 4519; x_wconf 88' lang='lat' dir='ltr'><strong>Dixit</strong></span> <span class='ocrx_word' id='word_1_270' title='bbox 911 4443 1027 4519; x_wconf 90' lang='lat' dir='ltr'><strong>eciam</strong></span> <span class='ocrx_word' id='word_1_271' title='bbox 1047 4471 1115 4547; x_wconf 89' lang='lat' dir='ltr'><strong>per</strong></span> <span class='ocrx_word' id='word_1_272' title='bbox 1130 4444 1384 4551; x_wconf 88' lang='lat' dir='ltr'><strong>juramentum</strong></span> <span class='ocrx_word' id='word_1_273' title='bbox 1404 4471 1515 4521; x_wconf 90' lang='lat' dir='ltr'><strong>suum</strong></span> <span class='ocrx_word' id='word_1_274' title='bbox 1530 4441 1633 4550; x_wconf 92' lang='lat' dir='ltr'><strong>quod</strong></span> <span class='ocrx_word' id='word_1_275' title='bbox 1649 4441 1769 4520; x_wconf 89' lang='lat' dir='ltr'><strong>dictus</strong></span> 
     </span>
     <span class='ocr_line' id='line_1_31' title="bbox 347 4567 1769 4680; baseline 0.004 -38"><span class='ocrx_word' id='word_1_276' title='bbox 347 4569 531 4674; x_wconf 89' lang='lat' dir='ltr'><strong>recipiens</strong></span> <span class='ocrx_word' id='word_1_277' title='bbox 551 4573 718 4676; x_wconf 88' lang='lat' dir='ltr'><strong>precepit</strong></span> <span class='ocrx_word' id='word_1_278' title='bbox 752 4567 839 4649; x_wconf 77' lang='lat' dir='ltr'><strong>sihi&#39;</strong></span> <span class='ocrx_word' id='word_1_279' title='bbox 858 4574 961 4680; x_wconf 90' lang='lat' dir='ltr'><strong>quod</strong></span> <span class='ocrx_word' id='word_1_280' title='bbox 985 4573 1138 4650; x_wconf 90' lang='lat' dir='ltr'><strong>omnino</strong></span> <span class='ocrx_word' id='word_1_281' title='bbox 1168 4573 1369 4650; x_wconf 85' lang='lat' dir='ltr'><strong>abstineret</strong></span> <span class='ocrx_word' id='word_1_282' title='bbox 1393 4602 1413 4648; x_wconf 90' lang='lat' dir='ltr'><strong>a</strong></span> <span class='ocrx_word' id='word_1_283' title='bbox 1437 4573 1676 4662; x_wconf 90' lang='lat' dir='ltr'><strong>mulieribus,</strong></span> <span class='ocrx_word' id='word_1_284' title='bbox 1703 4572 1769 4649; x_wconf 90' lang='lat' dir='ltr'><strong>sed</strong></span> 
     </span>
     <span class='ocr_line' id='line_1_32' title="bbox 348 4697 1769 4792; baseline 0.004 -20"><span class='ocrx_word' id='word_1_285' title='bbox 348 4697 457 4775; x_wconf 90' lang='lat' dir='ltr'><strong>dabat</strong></span> <span class='ocrx_word' id='word_1_286' title='bbox 475 4699 544 4777; x_wconf 92' lang='lat' dir='ltr'><strong>sibi</strong></span> <span class='ocrx_word' id='word_1_287' title='bbox 566 4700 757 4778; x_wconf 89' lang='lat' dir='ltr'><strong>licenciam</strong></span> <span class='ocrx_word' id='word_1_288' title='bbox 780 4702 1044 4780; x_wconf 90' lang='lat' dir='ltr'><strong>commiscendi</strong></span> <span class='ocrx_word' id='word_1_289' title='bbox 1060 4733 1098 4780; x_wconf 93' lang='lat' dir='ltr'><strong>se</strong></span> <span class='ocrx_word' id='word_1_290' title='bbox 1116 4703 1308 4779; x_wconf 87' lang='lat' dir='ltr'><strong>carnaliter</strong></span> <span class='ocrx_word' id='word_1_291' title='bbox 1323 4732 1409 4780; x_wconf 93' lang='lat' dir='ltr'><strong>cum</strong></span> <span class='ocrx_word' id='word_1_292' title='bbox 1425 4703 1600 4782; x_wconf 79' lang='lat' dir='ltr'><strong>tratribus</strong></span> <span class='ocrx_word' id='word_1_293' title='bbox 1620 4703 1711 4792; x_wconf 90' lang='lat' dir='ltr'><strong>suis,</strong></span> <span class='ocrx_word' id='word_1_294' title='bbox 1732 4719 1769 4778; x_wconf 88' lang='lat' dir='ltr'><strong>et</strong></span> 
     </span>
     <span class='ocr_line' id='line_1_33' title="bbox 348 4829 1770 4940; baseline 0.003 -36"><span class='ocrx_word' id='word_1_295' title='bbox 348 4829 451 4932; x_wconf 89' lang='lat' dir='ltr'><strong>quod</strong></span> <span class='ocrx_word' id='word_1_296' title='bbox 469 4846 660 4934; x_wconf 88' lang='lat' dir='ltr'><strong>pateretur</strong></span> <span class='ocrx_word' id='word_1_297' title='bbox 673 4832 719 4908; x_wconf 89' lang='lat' dir='ltr'><strong>de</strong></span> <span class='ocrx_word' id='word_1_298' title='bbox 733 4833 842 4910; x_wconf 87' lang='lat' dir='ltr'><strong>sociis</strong></span> <span class='ocrx_word' id='word_1_299' title='bbox 853 4833 929 4910; x_wconf 86' lang='lat' dir='ltr'><strong>suis</strong></span> <span class='ocrx_word' id='word_1_300' title='bbox 942 4834 1025 4910; x_wconf 88' lang='lat' dir='ltr'><strong>hoc.</strong></span> <span class='ocrx_word' id='word_1_301' title='bbox 1041 4834 1144 4912; x_wconf 91' lang='lat' dir='ltr'><strong>ldem</strong></span> <span class='ocrx_word' id='word_1_302' title='bbox 1157 4833 1357 4940; x_wconf 86' lang='lat' dir='ltr'><strong>requisitus</strong></span> <span class='ocrx_word' id='word_1_303' title='bbox 1370 4833 1418 4910; x_wconf 90' lang='lat' dir='ltr'><strong>de</strong></span> <span class='ocrx_word' id='word_1_304' title='bbox 1434 4834 1552 4940; x_wconf 88' lang='lat' dir='ltr'><strong>capite</strong></span> <span class='ocrx_word' id='word_1_305' title='bbox 1568 4833 1614 4910; x_wconf 93' lang='lat' dir='ltr'><strong>de</strong></span> <span class='ocrx_word' id='word_1_306' title='bbox 1629 4861 1706 4940; x_wconf 91' lang='lat' dir='ltr'><strong>quo</strong></span> <span class='ocrx_word' id='word_1_307' title='bbox 1728 4833 1770 4908; x_wconf 89' lang='lat' dir='ltr'><strong>fit</strong></span> 
     </span>
    </p>
   </div>
   <div class='ocr_carea' id='block_1_6' title="bbox 0 0 2144 5890">
    <p class='ocr_par' dir='ltr' id='par_1_6' title="bbox 0 0 2144 5890">
     <span class='ocr_line' id='line_1_34' title="bbox 0 0 2144 5890; baseline 0 0"><span class='ocrx_word' id='word_1_308' title='bbox 0 0 2144 5890; x_wconf 95' lang='lat' dir='ltr'><strong> </strong></span> 
     </span>
    </p>
   </div>
  </div>
 </body>
</html>
