4486 5890
755 514 951 612 rnocts
978 534 1074 608 ons
1100 531 1401 608 rnurmnns.
1721 535 1791 608 res

367 677 405 754 in
426 672 523 756 [esto
542 673 813 782 Apostolorum
836 675 936 756 Petri
961 692 999 754 st
1022 673 1129 756 Psnli
1144 673 1296 756 instanti
1316 689 1432 756 erunt
1454 673 1602 790 circitor
1617 699 1667 754 ru
1683 676 1792 764 anni,

364 833 433 914 per
466 805 620 888 [mtrem
643 806 857 888 iohannem
890 805 1001 886 Pileti
1035 803 1226 912 quondam
1260 804 1501 894 servientem,
1534 821 1795 911 preceptorem

365 953 456 1014 tunc
479 937 526 1014 de
551 936 663 1018 Ulmo
683 937 854 1026 Tnandi,
879 935 1120 1044 prmentibus
1143 934 1321 1014 frutribus
1346 933 1554 1016 Guillelmo
1581 933 1796 1042 Talheboys

366 1067 565 1160 serviente,
588 1066 773 1148 avunculo
793 1067 912 1175 ipsius
925 1066 1052 1156 testis,
1065 1065 1240 1148 ›Gerardn
1258 1064 1683 1172 &maenomenon
1703 1066 1796 1145 dno

366 1196 439 1280 bns
453 1197 536 1278 aliie
555 1198 759 1280 deffimctis
773 1198 813 1278 in
833 1198 937 1278 bunc
957 1197 1117 1278 modurn
1134 1229 1145 1276 ι
1166 1225 1255 1276 nam
1270 1225 1357 1278 cum
1371 1195 1576 1278 instructus
1584 1197 1798 1302 requisivis-

366 1345 423 1408 set
441 1330 633 1410 eanum
659 1329 799 1408 domus
821 1327 982 1436 plurim,
1008 1344 1047 1408 ct
1060 1329 1099 1406 ei
1126 1326 1292 1407 finaliter
1310 1353 1487 1408 onomast
1505 1323 1654 1417 luisset,
1672 1325 1796 1408 dictus

365 1475 537 1566 receptor
561 1458 742 1566 imposuit
764 1457 835 1540 sibi
855 1457 1097 1552 mantellum,
1122 1473 1161 1536 et
1179 1459 1260 1566 ipse
1278 1474 1320 1538 et
1344 1471 1505 1543 remotes
1533 1455 1692 1538 osculati
1711 1455 1794 1538 lue-

366 1605 457 1670 runt
472 1615 564 1670 enm
580 1590 619 1670 in
638 1617 716 1668 ore.
738 1590 918 1698 Postque
936 1589 1063 1672 fflmus
1074 1603 1248 1696 receptor
1261 1587 1351 1668 lecit
1364 1614 1453 1668 eum
1468 1611 1600 1668 vovere
1615 1602 1656 1668 et
1664 1587 1792 1692 jurare

365 1719 571 1800 castitatem
599 1737 640 1798 et
663 1719 945 1814 obedienciam,
977 1737 1017 1799 et
1038 1719 1160 1800 vivere
1186 1719 1266 1800 sine
1295 1716 1469 1826 proprio,
1496 1743 1643 1798 seruere
1672 1716 1793 1798 bonos

365 1877 455 1926 usus
475 1866 514 1927 et
527 1848 645 1928 bonas
661 1850 958 1930 consuetudines
975 1848 1132 1928 ordinis.
1155 1848 1303 1928 Deinde
1321 1847 1430 1927 nllntn
1450 1847 1569 1925 nescit
1591 1873 1791 1952 perquem

365 1963 540 2060 ex‘ateis
567 1978 744 2062 tenuibus
761 1979 927 2086 quedem
944 2005 1054 2063 truce
1070 1978 1211 2088 lignea,
1234 1995 1279 2056 ut
1296 1977 1368 2062 sibi
1383 1977 1545 2068 videtur,
1566 1977 1606 2058 in
1621 2006 1695 2084 qus
1715 2005 1792 2056 non

366 2126 446 2188 erat
462 2109 808 2218 ymagolirnoiliri,
829 2111 997 2218 precepit
1016 2109 1051 2190 ei
1073 2108 1181 2216 quod
1199 2107 1402 2217 abnegaret
1419 2108 1562 2197 Deum,
1584 2123 1622 2188 et
1642 2126 1794 2213 spueret

365 2265 480 2344 super
497 2238 634 2320 dictam
653 2269 822 2332 enicem,
839 2257 880 2322 et
902 2240 982 2347 ipse
1004 2239 1111 2322 testis
1133 2237 1329 2346 abnegavit
1349 2237 1493 2328 Deum,
1517 2253 1556 2318 et
1572 2237 1676 2341 spuit
1688 2239 1793 2342 juxta

366 2365 504 2448 dictam
517 2397 670 2450 crucem
684 2397 751 2450 ore
767 2397 846 2450 non
865 2369 997 2459 corde,
1018 2384 1063 2450 ut
1078 2368 1188 2458 dixit,
1210 2395 1281 2448 nec
1297 2365 1496 2450 declaravit
1514 2367 1586 2446 sibi
1604 2367 1710 2473 quod
1730 2365 1793 2444 illa

366 2515 492 2580 esesru
516 2497 566 2578 ds
589 2500 738 2605 punctis
763 2499 908 2580 ordinis
933 2497 992 2578 val
1016 2498 1056 2578 in
1082 2498 1165 2604 ipso
1185 2496 1319 2580 ordine
1342 2513 1532 2579 mnsueta.
1558 2495 1640 2576 Alia
1665 2495 1793 2577 illicita

366 2653 444 2706 noo
473 2627 606 2708 recolit
632 2629 876 2710 intervenisse
899 2628 938 2706 in
963 2627 1062 2710 dicto
1081 2655 1148 2710 suo
1174 2626 1392 2732 receptione
1418 2654 1487 2704 nec
1511 2642 1611 2730 poet,
1636 2627 1794 2708 credens

365 2754 473 2859 quod
492 2755 625 2837 eadem
648 2756 749 2837 licita
767 2774 805 2836 et
823 2756 954 2838 illicita
974 2756 1228 2838 communiter
1247 2772 1286 2840 et
1304 2755 1447 2863 ubique
1463 2756 1732 2837 intervenirent
1753 2759 1791 2834 in
1907 2780 1919 2794 “

367 2885 651 2990 recepcionibus
661 2885 823 2968 eliorum
837 2885 896 2970 vel
912 2903 1008 2993 pou.
1028 2886 1141 2972 Item,
1163 2884 1257 2964 dixit
1274 2911 1315 2964 se
1328 2882 1426 2967 bene
1447 2885 1600 2968 credere
1622 2887 1793 2972 ecclesia-

366 3011 733 3106 sticissacramentis.
749 3033 787 3096 et
797 3016 903 3122 quod
915 3015 979 3096 uti
992 3013 1125 3098 lretres
1139 3013 1284 3094 ordinis
1299 3014 1433 3098 eodem
1450 3015 1566 3100 modo
1580 3016 1790 3108 crederent,

366 3156 406 3218 et
424 3142 529 3246 qnod
547 3169 681 3226 comm
702 3145 915 3226 sacerdotes
926 3144 1056 3228 debite
1068 3142 1316 3227 celebrarent.
1331 3145 1371 3224 ln
1387 3146 1607 3252 recepcione
1619 3174 1687 3230 sua
1705 3175 1793 3256 pro·

366 3271 471 3354 misit
489 3301 567 3354 non
587 3275 686 3354 crire
702 3275 846 3356 diuum
867 3275 1057 3364 ordinem,
1082 3274 1155 3356 nisi
1179 3303 1250 3381 pro
1277 3275 1428 3367 arciori,
1451 3293 1489 3358 et
1508 3276 1631 3360 fuitei
1649 3278 1792 3365 dictum

365 3401 472 3506 quod
495 3403 620 3482 strtirn
659 3431 729 3510 pro
761 3402 931 3510 professo
968 3404 1190 3488 habebatur.
1229 3404 1468 3490 Clsndestinc
1500 3407 1789 3512 recipiebantur,

367 3529 483 3612 nullis
497 3533 736 3639 presentibus
750 3533 824 3614 nisi
839 3532 1015 3616 fraenos
1029 3533 1191 3621 ordinis,
1208 3563 1252 3614 er
1269 3562 1349 3642 qim
1362 3535 1484 3618 credit
1499 3536 1605 3642 quod
1625 3555 1723 3617 esset
1737 3567 1793 3616 su-

365 3659 483 3766 spic'm
501 3677 632 3742 eontra
644 3689 721 3741 eos.
736 3661 916 3744 Cordnlis
929 3663 1032 3746 unde
1052 3660 1230 3745 volebant
1246 3663 1448 3769 numnptis
1462 3663 1710 3770 cingebantur
1729 3697 1793 3747 su-

365 3817 434 3895 per
449 3791 620 3874 cturisirs
640 3819 728 3872 cnm
742 3790 885 3899 quibus
898 3792 1084 3900 jscebsnt
1110 3793 1382 3902 lnjnngebctur
1401 3794 1460 3878 eis
1478 3795 1583 3900 quod
1596 3823 1674 3878 non
1691 3824 1793 3874 reve-

365 3918 487 4000 lersnt
505 3937 646 4006 secreta
673 3920 956 4027 capitoliorum
981 3922 1051 4030 qui
1074 3922 1302 4006 revelassent
1326 3923 1499 4005 habitum
1526 3924 1790 4030 perdidissent.

366 4049 561 4142 Quamdiu
576 4050 717 4135 habere
732 4069 905 4159 poterunt
918 4053 1133 4135 secerdotes
1147 4053 1308 4142 ordinis,
1324 4081 1402 4138 non
1417 4053 1607 4137 debebant
1621 4057 1792 4136 confiteri

365 4177 459 4260 aliis.
482 4181 627 4262 Fratres
651 4181 791 4288 quibus
814 4182 934 4264 credit
960 4199 1048 4297 nota
1072 4181 1188 4264 luisse
1216 4182 1348 4264 itticin
1372 4182 1575 4268 oonlesstta
1604 4215 1672 4290 per
1703 4217 1791 4268 euna

365 4311 522 4392 luerunt
551 4311 802 4421 negligenter,
828 4314 922 4420 quia
951 4341 1028 4396 non
1045 4330 1293 4396 correxerunt
1316 4341 1360 4392 ea
1384 4341 1453 4394 nec
1471 4315 1793 4398 denunciaverunt

365 4438 541 4520 Ecclesie.
557 4441 791 4525 Elenrusinss
802 4459 843 4524 et
857 4442 1150 4550 hospitalitatem
1165 4444 1259 4522 vidit
1278 4445 1545 4530 convenienter
1560 4447 1643 4528 fieri
1665 4467 1702 4524 et
1717 4479 1794 4531 ser-

365 4570 441 4650 vari
461 4569 502 4648 iu
521 4569 703 4654 domibus
722 4572 868 4654 ordinis
881 4573 922 4656 iu
940 4571 1083 4680 quibus
1102 4573 1244 4656 exstitit
1260 4592 1524 4658 commoratus.
1546 4576 1698 4660 tudivu
1718 4579 1790 4657 dici

365 4700 472 4808 quod
489 4699 602 4794 clam,
622 4699 737 4784 nullis
753 4703 991 4810 presentibus
1008 4703 1080 4784 nisi
1096 4703 1273 4786 trabibus
1288 4705 1449 4798 ordinis,
1469 4735 1602 4790 eorum
1618 4709 1792 4816 capitulis

365 4829 603 4910 tenebuntur.
621 4829 802 4910 Ordinsta
817 4859 884 4940 per
898 4833 1118 4939 Magistrum
1124 4863 1214 4915 cunr
1226 4853 1414 4916 conventu
1428 4855 1606 4919 servasset
1620 4855 1721 4922 totns
1737 4868 1794 4918 ον·Ι
