4320 5898
696 523 894 616 rnocds
920 543 1013 614 aas
1040 543 1341 617 reclamans.
1681 547 1728 618 75

306 713 394 763 eum
409 701 576 772 secutus,
587 699 625 762 et
636 684 753 762 nescit
764 683 860 792 quid
872 700 1030 792 egerunt
1037 683 1198 776 ibidem;
1215 683 1471 761 credittamen
1485 682 1590 790 qnod
1601 683 1730 762 illicita

305 816 472 928 predicta
486 816 771 894 intervenerunt
782 815 909 894 statim
925 831 1010 924 post
1025 816 1264 922 recepciones
1278 817 1477 922 predictas.
1497 817 1612 908 ltem,
1635 818 1728 896 dixit

305 977 345 1028 se
365 947 479 1026 fuisse
501 946 714 1025 confessum
736 946 783 1025 de
803 946 985 1054 predictis
1006 947 1212 1040 erroribus,
1236 948 1332 1026 infra
1353 947 1449 1026 duos
1469 975 1653 1024 mensesa
1673 977 1732 1024 re·

255 1061 261 1078 ⁶
306 1078 482 1185 capcione
497 1105 579 1168 sua,
613 1076 770 1156 domino
790 1076 1014 1156 Theobaldo
1039 1077 1233 1184 quondam
1249 1078 1463 1156 Belvacensi
1485 1078 1670 1184 episcopo,
1692 1078 1730 1153 in

306 1210 386 1318 ejus
405 1235 550 1284 camera
571 1205 618 1284 de
636 1207 813 1297 belvaco,
836 1236 904 1284 nec
933 1206 1183 1286 celebraverat
1203 1209 1281 1314 ipse
1296 1210 1419 1292 testis.
1444 1235 1488 1285 ex
1508 1236 1585 1314 quo
1613 1207 1729 1284 intra-

305 1355 406 1416 verat
430 1337 604 1415 ordinem
636 1365 836 1446 usquequo
860 1336 933 1416 fuit
958 1337 1149 1415 consessus
1175 1338 1318 1431 eidem3
1348 1339 1413 1446 qui
1442 1336 1599 1414 absolvit
1623 1367 1729 1429 eum,

305 1485 345 1546 et
366 1467 529 1576 injunxit
555 1466 661 1574 quod
685 1496 707 1544 a
733 1465 875 1544 talibus
894 1467 1121 1558 abstineret,
1145 1485 1182 1544 et
1204 1470 1310 1574 quod
1325 1469 1515 1576 jejunaret
1534 1495 1602 1573 per
1617 1467 1734 1544 trien-

305 1598 411 1674 nium
429 1597 541 1674 sextis
559 1593 664 1672 feriis
682 1595 722 1672 in
743 1625 839 1702 pane
857 1613 894 1674 et
914 1625 1027 1702 aqna;
1048 1626 1163 1703 quam
1184 1598 1436 1703 penitenciam
1456 1595 1673 1702 complevit,
1690 1616 1733 1674 ut

306 1726 409 1804 dixit.
429 1727 541 1815 Item,
563 1725 658 1802 dixit
678 1727 781 1833 quod
805 1726 845 1803 in
866 1726 999 1804 ordine
1020 1724 1232 1805 celebrabat
1252 1728 1464 1804 secundum
1487 1726 1646 1803 formam
1667 1727 1734 1803 Ec·

306 1856 436 1946 clesie,
467 1873 505 1934 et
537 1857 644 1962 quod
674 1858 902 1935 contrarium
929 1886 1006 1934 non
1040 1856 1162 1933 fuerat
1186 1855 1257 1933 sibi
1287 1872 1528 1963 preceptum,
1553 1874 1592 1935 et
1616 1857 1735 1934 credit

306 1987 410 2096 quod
432 1987 563 2064 fratres
583 1987 729 2064 ordinis
749 1989 949 2065 crederent
968 1986 1226 2064 ecclesiasticis
1244 1989 1496 2064 sacramentis.
1515 1988 1622 2080 Item,
1640 1989 1734 2065 dixit

306 2145 345 2195 se
369 2119 506 2196 vidisse
526 2119 565 2194 in
583 2116 775 2224 aliquibus
795 2118 941 2225 scriptis
960 2117 1065 2225 qnod
1088 2117 1203 2195 frater
1223 2117 1338 2196 laicus
1363 2119 1427 2226 qui
1451 2117 1607 2196 tenebat
1632 2119 1732 2225 capi-

305 2247 430 2326 tulum
460 2246 625 2325 debebat
647 2246 773 2325 dicere
799 2248 839 2324 in
867 2247 1138 2326 terminacione
1167 2247 1417 2354 capitulorum
1440 2248 1528 2324 talia
1555 2247 1667 2324 verba
1694 2251 1733 2326 in

307 2377 446 2456 effectu
470 2407 479 2454 ε
507 2377 565 2454 De
590 2377 751 2483 peccatis
778 2406 854 2485 que
881 2377 1086 2455 obmisistis
1113 2378 1260 2466 dicere,
1291 2394 1446 2483 propter
1472 2377 1733 2454 verecundiam

306 2508 427 2586 carnis
445 2507 505 2585 vel
524 2524 680 2614 propter
694 2502 873 2587 *timorem
891 2505 1089 2614 discipline
1106 2507 1266 2596 ordinis,
1283 2533 1369 2598 nos,
1386 2508 1605 2584 auctoritate
1620 2507 1732 2612 privi-

306 2639 494 2748 legiorum
512 2636 623 2716 nobis
643 2665 907 2718 concessorum
929 2667 950 2714 a
970 2637 1128 2716 domino
1153 2667 1269 2744 papa,
1294 2637 1452 2715 facimus
1474 2637 1579 2715 vobis
1599 2637 1732 2714 ramis·

307 2770 451 2847 sionem
473 2797 588 2874 quam
610 2795 834 2874 possumus,
857 2785 895 2844 et
913 2767 1026 2845 frater
1045 2767 1232 2875 presbiter
1251 2796 1314 2844 vos
1334 2767 1523 2859 absolvet;
1546 2784 1583 2844 ct
1599 2769 1731 2845 eadem
1841 2815 1845 2820 ·

307 2899 417 2977 verba
432 2899 575 2977 audivit
593 2899 666 2975 dici
681 2927 749 3004 per
764 2899 909 2976 dictum
932 2898 1086 2976 fratrem
1104 2898 1311 2976 Robertnm
1333 2899 1371 2974 in
1386 2899 1551 3006 quodam
1568 2896 1731 3004 capitulo

306 3029 412 3138 quod
435 3028 561 3106 tenuit
590 3029 690 3134 apud
723 3028 927 3135 Oysimont
956 3027 1217 3106 Ambianensis
1247 3029 1418 3106 diocesis.
1452 3029 1669 3136 Requisitus
1700 3028 1731 3104 si

305 3188 374 3267 per
394 3159 531 3237 dictam
552 3159 814 3236 remissionem
835 3157 919 3236 laici
941 3159 1145 3236 credebant
1159 3157 1291 3235 fratres
1306 3159 1451 3236 ordinis
1469 3187 1548 3236 esso
1568 3157 1729 3234 absoluti

306 3319 327 3368 a
346 3291 505 3398 peccatis
518 3289 727 3367 venialibus
741 3288 799 3368 vel
817 3288 1056 3380 mortalibus,
1074 3289 1270 3397 respondit
1290 3291 1394 3398 quod
1416 3319 1513 3381 non,
1532 3289 1637 3397 quod
1653 3289 1730 3396 ipse

306 3419 466 3497 sciatvel
481 3418 624 3509 credat,
641 3419 699 3495 vel
717 3417 860 3497 audivit
875 3418 946 3495 dici
961 3454 971 3509 ς
988 3421 1054 3496 sed
1072 3419 1193 3496 credit
1211 3419 1317 3525 quod
1333 3419 1362 3496 si
1378 3419 1571 3497 dedissent
1585 3419 1730 3496 occulte

307 3549 432 3656 aliqua
451 3549 498 3627 de
518 3548 628 3626 bonis
649 3548 811 3638 ordinis,
833 3549 937 3654 quod
959 3577 1002 3625 ex
1023 3547 1121 3625 dicta
1143 3549 1363 3628 remissione
1383 3549 1645 3658 indulgeretur
1663 3549 1729 3625 eis.

308 3679 440 3758 Statim
467 3707 536 3785 pro
562 3678 739 3785 professis
762 3676 1012 3755 habebantur.
1035 3676 1280 3756 Clandestine
1300 3679 1588 3784 recipiebantur,
1614 3678 1731 3755 nullis

307 3809 546 3917 presentibus
566 3808 637 3886 nisi
657 3807 835 3885 iratribus
852 3807 1007 3885 ordinis.
1028 3805 1207 3886 Cordulis
1223 3807 1327 3884 unde
1340 3807 1518 3885 volebant
1531 3809 1731 3913 assumptis

307 3939 555 4047 cingebantur
577 3968 690 4045 super
709 3937 880 4015 camisias
902 3967 989 4014 cum
1010 3937 1149 4044 quibus
1175 3937 1360 4044 jacebant.
1389 3936 1659 4047 lnjungebatur
1679 3939 1731 4015 eis

308 4073 410 4178 quod
426 4099 504 4149 non
520 4069 883 4148 revelarent-secreta
904 4067 1173 4175 capitulorum,
1195 4070 1243 4146 de
1264 4072 1381 4148 modo
1398 4070 1628 4176 recepcionis
1648 4099 1732 4176 spe-

308 4199 390 4278 ciali
406 4229 483 4280 non
503 4200 629 4278 habita
648 4201 864 4292 mancione,
884 4217 920 4276 et
935 4200 999 4306 qui
1016 4199 1240 4292 revelassent
1250 4201 1408 4306 graviter
1422 4201 1544 4308 puniti
1561 4201 1729 4292 luissent,

307 4330 376 4409 sed
405 4331 524 4408 nescit
550 4330 724 4438 qualiter.
750 4330 956 4412 Dicebatur
987 4330 1041 4407 eis
1071 4331 1176 4436 quod
1208 4330 1420 4408 sacerdotes
1447 4331 1734 4408 ordinis-habe·

307 4460 398 4540 bant
422 4463 603 4570 majorem
627 4479 852 4569 potestatem
880 4489 994 4568 super
1019 4489 1084 4538 eos
1108 4491 1223 4568 quam
1249 4461 1312 4538 alii
1346 4483 1388 4539 ex
1413 4461 1618 4570 privilegiis
1644 4489 1733 4569 apo-

308 4592 461 4671 stolicis.
484 4591 718 4670 Elemosinas
735 4609 772 4670 et
792 4592 1085 4700 hospitalitatem
1103 4592 1196 4670 vidit
1216 4594 1479 4672 convenientes
1497 4592 1580 4670 fieri
1599 4609 1733 4671 etser-

308 4722 404 4809 vari,
436 4739 476 4800 et
499 4720 714 4828 religiossos
744 4739 782 4800 et
809 4721 959 4800 nobiles
983 4721 1082 4800 beno
1109 4722 1225 4832 recipi
1250 4722 1288 4799 in
1313 4723 1489 4803 domibus
1520 4723 1665 4801 ordinis
1692 4725 1732 4800 in

309 4853 447 4960 quibus
470 4853 609 4930 exstitit
628 4871 893 4930 commoratus.
910 4856 952 4930 ln
969 4852 1141 4960 capitulis
1162 4853 1452 4933 deffendebatur
1467 4855 1519 4934 eis
1535 4883 1583 4932 ne
1604 4853 1733 4933 illicite

395 5009 498 5052 PROCBS
520 5009 572 5052 DES
594 5009 766 5054 Truentus.
780 5025 822 5038 ····
835 5011 868 5053 lt.
1547 5013 1582 5053 to
