4242 5890
430 550 503 626 aas
816 530 1012 624 rnocns
1038 549 1134 622 nns
1160 549 1463 622 rnurnnans.

426 692 585 770 testibus
599 706 637 767 et
657 690 840 798 magistris
855 690 1013 782 Amisio,
1030 688 1217 771 Gaulrido
1232 707 1269 768 et
1281 692 1408 768 Eveno
1422 691 1576 769 notariis
1590 689 1755 797 publicis
1764 718 1849 798 pre·

427 851 512 900 sens
536 819 705 909 interlui,
729 837 782 911 et,
800 822 848 898 de
871 821 1047 898 mandato
1069 821 1159 898 dicti
1181 820 1441 910 commissarii,
1468 819 1532 898 hic
1556 849 1618 898 me
1647 821 1849 928 subscripsi

426 955 465 1030 in
494 952 754 1030 testimonium
778 953 1065 1056 premissorum,
1095 951 1320 1058 signumque
1352 981 1480 1030 meum
1514 951 1667 1030 solitum
1694 954 1848 1060 apposui

427 1101 588 1190 rogatus.

483 1347 530 1422 Et
554 1373 623 1450 ego
643 1343 845 1422 Gaulridus
864 1344 1055 1450 Enguelor
1070 1343 1191 1422 dictus
1213 1343 1377 1452 Chalop,
1398 1344 1555 1424 clericus
1577 1344 1752 1424 Dolensis
1771 1341 1850 1424 dio·

428 1477 539 1564 cesis,
556 1475 756 1582 apostolica
770 1473 989 1553 auctoritate
1004 1475 1172 1553 notarius
1187 1475 1378 1583 publicus,
1399 1477 1581 1582 premissa
1596 1476 1694 1554 dicta
1713 1477 1774 1554 die
1789 1505 1851 1556 no-

427 1605 588 1684 vembris
606 1622 704 1694 acta,
726 1633 878 1712 presens
898 1633 973 1682 una
993 1635 1080 1684 cum
1109 1607 1217 1685 dictis
1241 1607 1395 1685 notariis
1420 1607 1483 1684 hic
1504 1607 1721 1713 subscriptis
1744 1600 1781 1684 et
1799 1625 1850 1684 te-

426 1736 546 1814 stibus
563 1734 733 1822 interlui,
753 1765 812 1814 me
832 1735 1052 1842 subscripsi,
1075 1753 1113 1814 et
1130 1737 1277 1844 signum
1299 1765 1426 1815 meum
1450 1739 1605 1844 apposui
1632 1733 1848 1816 consuetum

426 1885 586 1974 rogatus.

482 2131 529 2205 Et
559 2157 629 2236 ogo
655 2131 801 2206 Evenus
834 2127 931 2205 Phili
960 2126 1007 2206 de
1033 2129 1170 2208 Sancto
1204 2129 1347 2208 Nicasio
1380 2129 1537 2208 clericus
1565 2131 1849 2238 Corisopitensis

427 2259 599 2348 diocesis,
623 2257 824 2366 apostolica
838 2258 1013 2364 publicus
1028 2258 1246 2336 auctoritate
1266 2260 1450 2348 notarius,
1473 2260 1663 2366 premissis
1678 2259 1849 2338 omnibus

427 2391 464 2464 in
478 2390 643 2495 presenti
664 2406 701 2465 et
719 2389 935 2495 precedenti
953 2388 1063 2466 cartis
1080 2390 1264 2466 contentis
1283 2389 1454 2479 interfui,
1477 2389 1540 2467 bic
1557 2417 1618 2466 me
1634 2389 1846 2494 subscripsi,

427 2538 464 2596 et
485 2548 560 2596 una
581 2549 666 2598 cum
689 2519 844 2626 singulis
860 2519 1016 2598 notariis
1031 2520 1289 2625 suprascriptis
1302 2520 1450 2626 signum
1471 2547 1600 2597 meum
1617 2520 1771 2626 apposui
1792 2547 1849 2596 ro-

425 2667 541 2754 gatus.

482 2915 523 2988 ln
538 2911 676 2992 Christi
688 2911 840 2990 nomine
862 2941 982 2990 amen.
1000 2914 1127 2990 Pateat
1141 2911 1322 2990 universis
1339 2913 1443 3020 quod
1459 2941 1557 2991 anno
1568 2913 1721 2992 Domini
1738 2912 1850 2991 mille·

426 3045 520 3120 simo
537 3043 802 3121 trecentesimo
820 3043 999 3150 septimo,
1015 3042 1222 3122 indictione
1239 3059 1354 3132 sexta,
1371 3043 1612 3151 pontificatus
1633 3045 1847 3122 sanctissimi

424 3176 539 3278 patris
562 3191 597 3250 et
620 3174 766 3250 domini
790 3174 934 3251 domini
955 3173 1160 3252 Clementis
1184 3174 1308 3252 divina
1331 3175 1570 3281 providencia
1592 3204 1713 3283 pappe
1733 3175 1847 3284 quinti

424 3332 523 3381 anno
539 3304 720 3394 secundo,
745 3303 806 3381 die
828 3304 956 3382 Martis
979 3323 1067 3411 post
1091 3303 1226 3382 festum
1246 3305 1427 3384 Omnium
1454 3307 1692 3396 Sanctorum,
1717 3305 1849 3385 scilicet

423 3435 581 3541 septima
601 3435 663 3512 die
679 3433 914 3523 novembris,
936 3437 976 3513 in
994 3434 1157 3543 religiosi
1186 3434 1389 3522 ethonesti
1410 3437 1479 3513 viri
1504 3434 1627 3514 fratris
1645 3435 1784 3516 Nicolai
1806 3437 1847 3513 de

422 3562 620 3643 Anessiaoo
641 3565 786 3644 ordinis
800 3565 959 3643 fratrum
973 3566 1273 3655 Predicatorum,
1288 3567 1532 3646 commissarii
1548 3566 1625 3644 dati
1645 3593 1664 3644 a
1679 3567 1847 3678 religioso

423 3714 461 3772 et
470 3695 629 3774 honesto
644 3695 722 3774 viro
737 3695 850 3774 lratre
867 3696 1072 3775 Guillelmo
1088 3696 1135 3774 de
1149 3695 1312 3774 Parisios
1333 3697 1505 3804 ejusdem
1518 3698 1678 3788 ordinis,
1696 3697 1848 3806 inquisi-

420 3845 501 3904 tore
516 3827 681 3904 beretice
702 3827 889 3933 pravitatis
909 3828 947 3902 in
966 3855 1082 3934 regno
1099 3827 1256 3905 Francis
1276 3829 1495 3906 auctoritate
1516 3827 1716 3934 apostolica
1734 3829 1846 3936 depu-

420 3974 515 4045 tato,
539 3975 710 4035 nostrum
740 3956 972 4033 notariorum
1000 3953 1240 4062 publicorum
1274 3975 1311 4034 et
1342 3959 1495 4037 testium
1528 3955 1844 4063 inlrasoriptorum

419 4089 611 4192 presencia
627 4086 869 4193 personaliter
883 4085 1107 4164 constitutus
1122 4085 1236 4164 srater
1254 4089 1386 4166 Petrus
1411 4087 1458 4164 de
1473 4087 1641 4166 Bononia
1659 4089 1847 4195 presbyter

421 4235 459 4292 et
482 4217 664 4325 generalis
686 4234 905 4324 procurator
923 4217 1040 4295 totius
1057 4217 1199 4296 ordinis
1219 4217 1358 4297 milicie
1378 4218 1545 4325 Templi,
1569 4220 1675 4296 etatis
1694 4221 1847 4327 quadra·

419 4349 520 4456 ginta
540 4365 701 4454 quatuor
721 4375 904 4425 annorum
919 4347 978 4426 vel
994 4349 1106 4438 circa,
1122 4347 1269 4455 juratus
1283 4349 1334 4426 ad
1351 4367 1474 4427 sancta
1487 4350 1559 4428 Dei
1574 4351 1793 4458 Evangelia,
1814 4369 1847 4428 et

418 4479 621 4586 requisitus
642 4479 689 4556 de
709 4507 749 4556 se
771 4496 809 4556 et
827 4477 911 4556 aliis
929 4479 1017 4556 dicti
1039 4478 1183 4590 ordinis
1202 4479 1342 4556 milicie
1362 4478 1512 4587 Templi
1534 4481 1761 4587 superdicto
1782 4482 1848 4557 ori-

420 4609 521 4686 mine
543 4607 674 4688 delatis
691 4609 814 4686 dicere
830 4610 1038 4698 veritatem,
1053 4609 1225 4717 dixit'per
1236 4611 1490 4719 juramentrnn
1508 4639 1619 4688 suum
1634 4611 1742 4717 quod
1752 4613 1845 4690 bene

417 4757 505 4818 sunt
516 4766 584 4819 aar
599 4742 685 4816 anni
700 4739 758 4818 vel
774 4740 869 4816 circa
889 4741 993 4847 quod
1012 4738 1085 4818 fuit
1099 4759 1272 4848 receptus
1286 4742 1472 4833 Bononie,
1494 4769 1564 4848 per
1578 4740 1727 4820 fratrem
1745 4741 1845 4821 Guil-

416 4869 576 4948 lelmum
598 4871 647 4950 de
664 4870 774 4950 Novis
798 4889 1056 4979 preceptorem
1075 4887 1165 4948 tunc
1190 4871 1229 4948 in
1255 4871 1499 4962 Lombardia,
1521 4871 1792 4978 presentibusl
1827 4917 1845 4929 -
