4242 5890
711 553 907 649 proces
933 569 1030 646 oss
1055 569 1355 644 rsurcrsss.
1671 565 1744 640 sis

303 716 517 798 ‘missiones
532 713 579 794 de
595 715 837 795 observandis
849 713 993 794 statutis
1007 731 1044 790 et
1060 715 1212 793 secretis
1228 712 1316 788 dicti
1338 707 1497 798 ordinis,
1515 724 1553 786 et
1569 707 1746 788 mantello

321 851 370 927 ad
382 849 519 928 collum
534 849 672 956 posito,
687 863 852 954 apostata
863 845 935 923 fuit
949 843 1019 923 sibi
1035 842 1199 949 quedam
1211 871 1317 931 crux,
1331 858 1369 919 et
1377 840 1546 948 precepit
1556 840 1627 917 sibi
1642 841 1749 947 quod

321 982 520 1087 abnegaret
535 979 691 1057 lhesuru
706 976 921 1065 Christum,
940 993 978 1053 et
994 974 1099 1081 quod
1119 991 1271 1080 spueret
1286 1000 1398 1078 supra
1414 998 1581 1061 crucem3
1604 988 1641 1046 et
1661 971 1749 1076 quia

320 1112 445 1188 noluit
465 1110 604 1197 lacere,
626 1107 700 1185 luit
719 1107 758 1184 in
772 1108 938 1213 prisione
953 1133 1021 1211 per
1034 1104 1204 1182 triduum
1222 1105 1259 1180 in
1279 1131 1375 1210 pene
1397 1119 1434 1179 et
1448 1129 1555 1208 aqua.
1577 1101 1625 1176 Et
1642 1117 1748 1190 tunc,

321 1241 457 1318 timore
478 1241 629 1327 mortis,
651 1237 846 1344 abnegavit
869 1237 1025 1314 Jhesum
1047 1235 1254 1323 Christum,
1276 1251 1315 1310 et
1333 1231 1436 1339 spuit
1455 1259 1567 1339 supra
1587 1260 1748 1310 munem.

322 1369 534 1478 Requisitus
561 1370 610 1448 de
635 1369 780 1458 osculo,
809 1368 901 1444 dixit
926 1393 995 1474 per
1016 1366 1271 1473 juramentum
1300 1392 1412 1474 suurn
1436 1363 1540 1470 quod
1564 1363 1751 1442 osculatus

322 1501 393 1577 luit
414 1528 502 1578 eum
530 1501 568 1578 in
592 1483 772 1578 umbilico
797 1517 835 1577 et
860 1501 900 1574 in
925 1525 990 1576 ore
1015 1496 1267 1574 solummodo.
1292 1495 1394 1573 Dixit
1419 1495 1535 1571 eciam
1560 1521 1627 1601 per
1645 1494 1750 1600 jura·

322 1647 490 1708 mentum
511 1659 623 1708 suum
643 1630 749 1738 quod
772 1630 983 1738 injunctum
1008 1627 1079 1705 fuit
1102 1627 1172 1705 sibi
1197 1627 1302 1734 quod
1325 1625 1481 1704 omnino
1505 1623 1709 1704 abstineret
1732 1655 1750 1700 a

188 1791 194 1804 ·
321 1752 561 1849 mulieribus,
579 1779 618 1838 et
633 1760 738 1867 quod
750 1761 781 1838 si
796 1760 897 1838 calor
908 1757 1087 1841 naturalis
1105 1774 1273 1836 moveret
1291 1783 1395 1844 eum,
1416 1755 1521 1862 quod
1535 1757 1753 1833 commisce-

321 1909 381 1968 ret
395 1919 434 1967 se
455 1917 541 1970 cum
558 1890 733 1969 fratribus
753 1889 847 1978 suis,
870 1905 906 1966 et
926 1891 1000 1968 hoc
1015 1891 1119 1968 idem
1137 1888 1183 1966 ab
1198 1887 1278 1964 aliis
1297 1903 1497 1993 pateretur.
1513 1886 1614 1965 Dixit
1634 1889 1750 1964 eciem

322 2047 390 2125 per
401 2022 655 2128 jurameutum
675 2047 789 2100 suum
800 2019 902 2126 quod
920 2019 1042 2096 credit
1051 2019 1156 2124 quod
1170 2017 1230 2094 alii
1242 2019 1376 2096 eodem
1387 2019 1502 2096 modo
1514 2017 1749 2123 recipiantur.

379 2152 631 2258 Interrogatus
642 2169 769 2230 utrum
782 2151 835 2239 vi,
850 2149 910 2228 vel
919 2167 1025 2228 metu
1041 2148 1195 2226 carceris
1210 2146 1268 2226 vel
1282 2164 1574 2237 tormentorum,
1590 2147 1752 2254 aliquam

324 2277 459 2358 dixerit
476 2280 671 2358 falsitatem
687 2261 752 2358 aut
770 2278 1015 2358 immiscuerit
1037 2279 1076 2354 in
1096 2278 1337 2384 deposicione
1359 2307 1442 2367 sus,
1461 2278 1553 2355 dixit
1572 2306 1640 2383 per
1653 2281 1751 2387 jura·

324 2428 494 2487 mentum
514 2412 621 2516 quod
641 2439 736 2501 nom
753 2413 871 2487 immo
889 2410 980 2486 dixit
993 2410 1197 2486 veritatem.

379 2670 474 2745 Item
496 2668 610 2746 lrater
631 2666 858 2774 Reginaldus
883 2667 931 2746 de
955 2667 1149 2756 Fonteuis,
1177 2667 1281 2746 etatis
1304 2667 1457 2774 triginta
1481 2695 1666 2746 annorum
1693 2669 1752 2748 vel

324 2799 437 2887 circa,
458 2798 606 2905 juratus
632 2799 767 2876 eodem
792 2797 911 2875 modo
934 2817 971 2876 et
993 2799 1196 2904 requisitus
1221 2798 1278 2874 de·
1292 2814 1464 2903 tempore
1490 2813 1528 2876 et
1549 2800 1663 2876 modo
1684 2829 1749 2878 sue

324 2929 569 3034 recepcionis,
589 2928 682 3006 dixit
700 2956 768 3034 per
778 2929 1032 3036 juramentum
1054 2957 1165 3008 suum
1180 2929 1285 3035 quod
1298 2927 1371 3006 icit
1389 2947 1560 3035 receptus
1580 2931 1617 3006 in
1636 2930 1750 3010 domo

326 3058 373 3135 de
394 3058 592 3137 Coloribus
612 3059 651 3135 in
671 3059 759 3150 Ota,
777 3087 846 3164 per
866 3059 1015 3136 fratrem
1037 3061 1080 3136 H.
1104 3059 1151 3136 de
1172 3059 1358 3148 Paraudo,
1381 3057 1514 3138 decem
1533 3061 1620 3138 anni
1647 3080 1748 3150 sunt,

324 3189 560 3293 presentibus
584 3188 695 3268 fratre
716 3192 873 3298 Hugone
896 3192 945 3268 de
962 3189 1107 3302 Chelou
1129 3207 1266 3298 nepote
1287 3191 1376 3268 dicti
1400 3191 1524 3268 fratris
1545 3193 1590 3268 H.
1607 3193 1655 3270 de
1683 3194 1748 3269 Pa·

324 3319 459 3407 raudo,
482 3337 519 3397 et
544 3317 771 3425 quibusdam
791 3321 871 3398 aliis
892 3321 941 3400 de
961 3349 1125 3429 quorum
1146 3319 1364 3400 nominibus
1388 3348 1464 3398 non
1483 3321 1626 3398 recolit.
1651 3323 1751 3400 Dixit

326 3451 443 3526 eciam
476 3477 544 3555 per
566 3450 824 3556 jurameutum
856 3479 967 3531 suum
990 3452 1111 3557 quod,
1133 3470 1218 3558 post
1246 3452 1383 3530 multas
1406 3452 1673 3557 promissiones
1701 3452 1749 3529 de

326 3579 472 3656 statutis
490 3598 528 3656 et
550 3582 702 3658 secretis
727 3581 814 3658 dicti
836 3581 981 3658 ordinis
1002 3579 1242 3658 observandis
1263 3581 1391 3669 lactas,
1417 3581 1541 3658 dictus
1568 3580 1750 3684 recipiens

327 3709 492 3787 ostendit
505 3710 577 3789 sibi
592 3739 742 3790 crucem
754 3712 794 3790 in
807 3711 972 3817 quodem
985 3709 1140 3802 missali,
1156 3727 1194 3788 et
1206 3711 1374 3817 precepit
1389 3710 1459 3787 sibi
1473 3711 1578 3817 quod
1593 3709 1748 3788 Jhesum

326 3837 518 3915 Christum
531 3839 748 3946 abnegaret,
763 3857 801 3918 et
813 3837 917 3947 quod
929 3856 1079 3944 spueret
1093 3867 1376 3946 supracrucem‚
1392 3841 1455 3946 qui
1470 3837 1557 3916 lecit
1568 3839 1747 3947 predicta.

327 3966 426 4044 Dixit
445 3971 562 4046 eciam
581 3996 649 4073 per
662 3970 920 4075 juramentum
939 3997 1049 4046 suum
1069 3968 1383 4074 quodi-osculatus
1402 3968 1474 4046 luit
1492 3969 1634 4048 dictum
1657 3971 1750 4046 reei-

327 4097 493 4202 pientem
520 4099 559 4175 in
589 4127 654 4178 ore
679 4115 718 4176 et
742 4100 781 4177 in
810 4098 1050 4177 umbilico'et
1073 4100 1112 4175 in
1135 4097 1211 4178 fine
1236 4099 1341 4205 spine
1365 4099 1479 4179 dorsi.
1504 4100 1606 4179 Dixit
1633 4101 1750 4178 eciam

327 4255 394 4331 per
402 4227 658 4333 juramenmm
677 4257 789 4307 suum
805 4229 918 4335 quod
929 4229 1137 4337 injunctum
1156 4229 1228 4308 lixit
1249 4229 1318 4308 sibi
1337 4227 1444 4337 quod
1462 4231 1619 4308 omnino
1637 4230 1751 4308 absti-

326 4371 434 4433 neret
448 4385 468 4432 a
484 4357 721 4451 mulieribus,
737 4374 775 4436 et
785 4351 818 4438 si
831 4359 931 4440 calor
945 4358 1121 4437 naturalis
1137 4378 1304 4439 moveret
1319 4389 1423 4449 eum,
1436 4361 1697 4440 commisceret
1711 4389 1750 4438 se

327 4515 413 4564 cum
434 4486 515 4566 eliis
533 4485 726 4582 fratribus,
748 4506 786 4567 et
805 4490 880 4568 boc
897 4489 1001 4570 idem
1018 4489 1066 4566 de
1086 4485 1167 4567 aliis
1185 4489 1361 4569 fratribus
1375 4509 1577 4598 pateretur.
1598 4491 1700 4569 Dixit
1715 4509 1752 4570 et

327 4643 395 4722 per
408 4617 667 4724 juramentum
684 4647 795 4696 suum
814 4620 918 4725 quod
939 4620 1057 4698 credit
1074 4620 1180 4727 quod
1195 4647 1328 4698 omnes
1344 4623 1406 4699 rlii
1426 4621 1538 4701 simili
1558 4623 1673 4700 modo
1691 4651 1751 4700 re-

328 4747 521 4852 cipiantur.

385 4879 599 4984 Requisitus
613 4895 742 4958 utrum
752 4880 803 4969 vi,
824 4875 882 4958 vel
894 4893 1000 4958 metu
1019 4881 1175 4958 carceris
1196 4881 1254 4960 vel
1271 4901 1566 4975 tormentorum,
1587 4885 1751 4991 aliquam
