4242 5890
733 523 928 618 proces
954 545 1049 618 ons
1075 545 1373 618 reuertens.
1688 549 1761 618 ets

340 713 523 762 annorum
536 685 596 764 vel
613 686 722 774 circa,
732 687 880 794 juretus
892 686 1026 764 eodem
1036 686 1152 764 modo
1162 704 1199 767 et
1208 687 1412 793 requisitus
1428 685 1528 764 dicto
1543 703 1713 791 tempore
1727 704 1765 764 et

340 816 456 894 modo
472 846 537 894 sue
554 816 798 923 recepcionis‚
817 816 909 894 dixit
922 817 1256 923 perjuramentum
1271 845 1381 894 suum
1394 815 1577 924 quodfuit
1591 835 1764 924 receptus
1861 826 1864 836 '

341 949 379 1024 in
392 947 506 1025 domo
519 948 649 1054 templi
661 947 946 1040 Attrebatensis,
960 964 1045 1026 octo
1062 948 1149 1024 unni
1162 965 1251 1026 sunt
1266 948 1396 1056 elapsi,
1411 977 1479 1054 per
1493 947 1644 1024 fratrem
1659 946 1765 1027 Guit-
1878 965 1885 978 ¹

340 1077 503 1156 lermum
516 1081 777 1156 Nomnannum
803 1096 1062 1185 preceptorem
1088 1076 1253 1168 ballivie,
1277 1077 1513 1184 presentibus
1530 1077 1644 1154 tratre*
1654 1079 1765 1154 Petro

344 1209 392 1286 de
414 1209 538 1298 Secco,
561 1207 673 1286 fratre
691 1209 854 1316 Symone
873 1209 970 1286 dicte
982 1206 1133 1298 domus,
1150 1227 1187 1284 et
1206 1207 1433 1314 quibusdem
1445 1207 1528 1283 eliis
1543 1207 1589 1283 de
1601 1235 1763 1314 quorum

343 1340 562 1418 nominibus
572 1338 798 1416 nonrecolrt
809 1338 911 1416 Dixit
924 1365 1040 1414 eciam
1048 1367 1116 1444 per
1119 1354 1376 1444 juramentum
1386 1338 1766 1445 suumquodpropter

343 1469 478 1546 multas
489 1469 743 1547 observancias
759 1423 846 1544 dicti
858 1467 1019 1556 ordinis,
1032 1484 1069 1543 et
1083 1467 1204 1573 posito
1215 1465 1287 1542 sibi
1302 1465 1478 1568 mantello
1489 1466 1537 1541 ad
1547 1468 1701 1556 collum,
1716 1469 1766 1544 di·

343 1616 423 1675 ctus
433 1627 618 1705 recipiens
626 1597 1074 1705 ostendrts1b1quemdem
1085 1623 1236 1681 crucem
1247 1596 1623 1702 ligneamrnquseret
1631 1623 1766 1704 ymago

340 1730 456 1806 lhesu
473 1728 612 1808 Christi
630 1729 791 1834 depicta,
815 1746 851 1806 et
868 1727 1037 1834 precepit
1050 1727 1123 1805 sibi
1143 1727 1182 1803 in
1201 1709 1337 1802 iirtute
1352 1725 1573 1804 obediencie
1588 1727 1692 1832 quod
1708 1744 1767 1803 ter

340 1877 492 1966 spueret
502 1885 773 1964 supercrucem
788 1859 826 1934 in
843 1858 1021 1965 despectu
1035 1857 1196 1964 ejusqui
1211 1885 1341 1962 passus
1353 1855 1475 1933 fuerat
1485 1857 1524 1932 in
1535 1883 1593 1946 en,
1612 1872 1649 1932 et
1662 1859 1765 1962 quod

342 2007 494 2096 negaret
513 2015 618 2079 eum,
641 1989 745 2096 quod
765 1988 887 2066 fecere
905 1988 1092 2066 recusavit
1114 2005 1297 2094 quenmm
1318 1986 1461 2093 potuit,
1491 2003 1674 2064 ettamen
1695 1987 1767 2064 boc

342 2119 430 2198 lecit
445 2119 619 2210 finaliter,
642 2120 777 2198 ductus
791 2122 929 2198 timore
944 2145 993 2196 ne
1008 2119 1314 2198 incarceraretur.
1334 2117 1436 2194 Dixit
1450 2118 1567 2194 eciam
1581 2144 1650 2223 per
1663 2119 1768 2224 jnra-

341 2267 512 2328 mentum
524 2279 634 2328 suum
655 2251 761 2357 quod
780 2251 969 2328 osculatus
985 2249 1057 2328 fuit
1070 2248 1215 2326 dictum
1235 2265 1469 2354 receptorem
1484 2249 1523 2323 in
1536 2245 1718 2324 umbilico
1729 2265 1767 2324 et

341 2383 380 2458 in
396 2409 461 2458 ore
476 2381 610 2458 solum.
624 2381 726 2458 Dixit
741 2382 857 2457 eciam
873 2407 943 2485 per
950 2381 1208 2487 juramentum
1218 2405 1330 2454 suum
1345 2377 1451 2483 quod
1462 2376 1584 2454 dictus
1594 2395 1767 2482 receptor

340 2511 502 2618 injunxit
520 2511 590 2589 sibi
607 2511 712 2616 quod
726 2510 756 2588 si
771 2510 908 2616 aliquis
921 2509 1022 2587 celor
1036 2509 1212 2588 naturalis
1232 2525 1400 2588 moveret
1419 2535 1525 2596 enm,
1542 2509 1647 2614 quod
1664 2536 1767 2586 com-

340 2643 514 2719 misceret
534 2669 573 2718 se
594 2639 869 2718 cumfratribus
880 2639 973 2728 suis,
985 2655 1023 2716 et
1032 2639 1138 2746 quod
1152 2639 1226 2717 boc
1236 2654 1429 2746 pateretur
1440 2638 1489 2714 de
1499 2637 1580 2729 aliis
1592 2638 1767 2716 fratribus

341 2772 431 2848 suis.
445 2771 548 2848 Dixit
561 2789 688 2850 temen
701 2770 807 2877 quod
819 2797 1013 2878 nunquam
1025 2768 1131 2858 fecit,
1151 2797 1221 2848 nec
1240 2769 1311 2862 fuit
1328 2767 1544 2875 requisitus.
1557 2769 1614 2848 De
1629 2769 1764 2876 capite,

343 2901 436 2978 dixit
454 2901 557 3008 (prod
575 2900 692 2978 nichil
711 2901 791 2980 scit.
811 2901 1027 3008 Requisitus
1046 2917 1173 2978 utrum
1185 2900 1232 2990 vi,
1249 2898 1308 2976 vel
1325 2916 1429 2978 metu
1445 2899 1601 3002 carceris
1617 2898 1675 2977 vel
1695 2916 1768 2978 tor-

343 3049 574 3121 mentorum,
596 3031 760 3137 aliquem
780 3031 915 3110 dixerit
929 3030 1127 3110 falsitatem
1143 3029 1216 3108 veli
1226 3031 1459 3110 mmiscncrit
1474 3029 1513 3108 in
1526 3029 1765 3136 deposicioue

344 3190 426 3250 sua,
449 3162 542 3238 dixit
556 3189 623 3268 per
638 3163 894 3270 juramentum
909 3190 1021 3240 suum
1035 3163 1139 3270 quod
1158 3188 1251 3250 non;
1274 3163 1392 3240 immo
1414 3161 1506 3238 dixit
1524 3160 1729 3240 veritatem.

401 3426 494 3500 ltem
514 3421 626 3498 freter
645 3420 773 3502 Guido
794 3422 842 3498 de
863 3422 1050 3511 Oratorio,
1070 3422 1183 3500 freter
1205 3421 1293 3499 dicti
1316 3422 1460 3500 ordinis
1479 3423 1657 3510 serviens,
1685 3451 1768 3526 pre-

344 3571 475 3659 ceptor
494 3551 630 3630 domus
649 3553 697 3629 de
718 3551 1000 3642 Sablonnieres,
1021 3551 1128 3630 etatis
1148 3552 1335 3659 sexaginte
1354 3551 1486 3630 decem
1506 3578 1691 3628 annorum
1710 3551 1767 3628 vel

347 3685 459 3772 circa,
476 3682 623 3788 juratus
638 3681 773 3759 eodem
791 3681 909 3760 modo
926 3699 964 3760 et
977 3682 1180 3790 requisitus
1197 3681 1245 3758 de
1262 3699 1432 3786 tempore
1446 3697 1484 3758 et
1496 3681 1613 3758 modo
1628 3709 1695 3758 sue
1711 3709 1770 3758 re·

346 3812 553 3920 cepcionis,
573 3812 665 3888 dixit
676 3839 745 3917 per
753 3812 1010 3919 juramentum
1030 3839 1141 3888 suum
1158 3810 1264 3916 qnod
1279 3810 1350 3887 fuit
1371 3826 1542 3914 receptus
1559 3810 1659 3915 apud
1675 3811 1771 3886 Moi-

347 3943 487 4020 siecum
516 3941 720 4020 Meldensis
745 3941 919 4028 diocesis,
949 3940 1016 4018 illo
1041 3969 1140 4018 enno
1166 3967 1244 4046 quo
1273 3939 1345 4016 fuit
1373 3939 1549 4016 ultimum
1570 3939 1769 4018 concilium

346 4071 539 4179 Lugduni,
556 4099 624 4178 per
638 4070 792 4148 fratrem
803 4071 955 4148 Petrum
967 4071 1201 4148 Normanum
1221 4067 1398 4156 militem,
1414 4067 1632 4175 magistrum
1648 4069 1695 4146 de
1709 4069 1771 4146 At-

348 4202 450 4290 neio,
472 4200 709 4306 presentibus
724 4200 835 4277 fratre
854 4198 1009 4277 Alberto
1029 4199 1203 4304 Grognay
1220 4197 1356 4287 milite,
1382 4215 1420 4276 et
1441 4198 1667 4304 quibusdam
1688 4200 1770 4276 aliis

347 4332 393 4407 de
414 4357 575 4437 quorum
594 4295 812 4408 nominibus
824 4358 902 4407 non
916 4328 1060 4408 recolit.
1075 4328 1177 4406 Dixit
1190 4327 1307 4406 eciam
1319 4357 1388 4434 per
1394 4346 1650 4436 juramentum
1660 4358 1768 4409 suum
1904 4434 1906 4440 Ι
2031 4319 2036 4332 ’

346 4460 467 4565 quod,
484 4478 569 4567 post
582 4461 849 4567 promissiones
864 4460 912 4538 de
923 4458 1155 4538 observando
1172 4475 1307 4538 stetntu
1321 4459 1479 4549 ordinis,
1497 4459 1569 4537 fuit
1580 4477 1768 4566 receptus,

349 4607 386 4667 et
392 4607 520 4693 postea
529 4591 631 4668 idem
645 4606 815 4696 receptor
827 4589 1024 4697 asportavit
1035 4589 1108 4669 sibi
1124 4617 1240 4666 unam
1255 4617 1405 4668 crucem
1415 4591 1454 4668 in
1466 4618 1540 4697 qua
1550 4609 1627 4669 erat
1635 4618 1770 4698 ymago

348 4721 628 4811 lbesuChristi,
647 4739 684 4800 et
694 4720 780 4799 lecit
794 4749 883 4800 enm
893 4749 1028 4827 spuere
1039 4739 1098 4798 ter
1110 4748 1381 4827 supercrucem
1396 4721 1435 4798 in
1447 4719 1625 4826 despectu
1636 4720 1768 4798 crucis.

349 4851 563 4957 Requisitus
579 4852 626 4930 de
640 4849 788 4943 osculo,
803 4850 895 4929 dixit
904 4879 973 4958 per
977 4853 1234 4960 juramentum
1249 4879 1360 4930 suum
1376 4852 1481 4958 quod
1497 4851 1683 4930 osculatus
1698 4849 1771 4928 fuit

744 5067 762 5104 Ι
