4202 5876
681 532 878 624 raoots
904 551 1000 623 nus
1025 549 1327 625 ratramnus.
1644 555 1717 627 aaa

293 691 424 768 ordine
445 689 563 768 auditi
582 707 667 768 sunt
688 719 757 768 uec
774 691 977 784 commissi,
993 707 1105 798 prout
1118 692 1285 798 predicta
1298 693 1416 770 credit
1427 710 1550 771 etnon
1568 693 1717 772 dubitat

292 823 383 929 quin
404 851 486 900 vera
506 822 553 898 sit
572 851 637 899 sua
657 825 852 928 responsio
873 840 914 899 ut
929 823 1021 899 lacta
1042 840 1099 901 est
1118 825 1155 899 in
1172 824 1377 928 premissis.

347 953 406 1030 Ad
420 951 558 1040 traua,
580 953 716 1031 lxxx1ur
733 971 770 1031 et
785 953 889 1031 lxxxv
907 953 1084 1031 articulos
1100 953 1294 1042 inclusive,
1313 953 1513 1061 diligenter
1527 973 1563 1033 et
1583 956 1719 1062 sigilla·

291 1084 358 1159 tim
375 1085 637 1190 interrogatus,
657 1085 888 1190 respondeus
905 1083 997 1160 dixit
1009 1111 1048 1160 sc
1064 1083 1217 1162 credere
1228 1084 1418 1190 predictos
1432 1085 1569 1163 milites
1580 1103 1616 1162 et
1629 1086 1719 1163 alios

292 1215 423 1292 fratres
443 1215 531 1292 dicti
552 1214 696 1292 ordinis
711 1241 836 1292 coram
856 1216 1010 1294 domiuo
1026 1232 1155 1294 nostro
1173 1244 1322 1294 summo
1342 1214 1519 1322 pontifice
1540 1235 1578 1294 et
1596 1245 1719 1295 coram

292 1346 454 1424 dominis
479 1345 728 1424 cardinalibus
754 1363 793 1424 et
818 1347 857 1423 iu
882 1347 963 1454 ejus
987 1347 1205 1426 consistorio
1235 1375 1302 1454 per
1321 1348 1580 1456 juramentum
1605 1346 1718 1426 luisse

292 1477 479 1556 confessos
499 1506 646 1555 errores
665 1479 713 1554 de
737 1478 876 1584 quibus
896 1478 935 1554 in
955 1476 1119 1555 articulis
1139 1478 1317 1584 predictis
1336 1480 1466 1585 agitur,
1489 1477 1581 1556 falso
1602 1459 1718 1557 modo

292 1625 416 1686 tamen
433 1623 471 1685 et
487 1623 616 1685 contra
629 1607 753 1685 Deum
769 1625 808 1684 et
819 1635 943 1684 veram
954 1608 1160 1714 justiciam,
1183 1637 1270 1685 cum
1291 1608 1330 1686 in
1346 1609 1447 1686 dicto
1463 1605 1595 1687 ordine
1610 1609 1721 1684 Tem·

291 1737 345 1845 pli
365 1766 550 1844 nusquam
570 1738 688 1814 auditi
708 1737 847 1816 luerint
861 1765 930 1815 nec
946 1765 1112 1844 unquam
1127 1739 1281 1844 cogniti,
1298 1765 1370 1815 uec
1385 1739 1560 1845 cuiquam
1576 1737 1623 1814 de
1637 1739 1718 1848 ipso

293 1869 426 1946 ordine
446 1867 646 1946 manifesti.
674 1869 722 1945 Et
746 1867 818 1944 hoc
840 1868 932 1945 dixit
951 1897 991 1946 se
1012 1867 1183 1957 credere,
1207 1886 1322 1974 prout
1340 1869 1449 1956 dixit,
1476 1868 1718 1946 salvatamen

293 2000 482 2078 sanctitate
500 2016 536 2078 ct
556 1999 770 2077 excellentia
793 1998 880 2075 dicti
904 1999 1052 2076 domini
1072 2000 1190 2076 nostri
1204 2026 1299 2106 pape
1321 2017 1359 2076 et
1377 1999 1619 2077 dominorum
1641 2027 1720 2076 car·-

294 2128 474 2206 dinalium
494 2129 699 2206 reverentia
720 2131 933 2206 ethonore.

259 2337 264 2344 .
350 2261 408 2338 Ad
427 2261 545 2340 lxxxvi
562 2261 761 2338 articulum
776 2259 975 2366 diligenter
989 2261 1252 2366 iuterrogatus,
1270 2261 1501 2366 respondens
1513 2261 1605 2337 dixit
1616 2261 1720 2366 quod

293 2389 406 2468 frater
424 2391 652 2469 Guillelmus
674 2393 720 2468 de
741 2393 896 2468 Benaies
920 2407 1119 2497 preceptor
1139 2407 1238 2476 tunc
1254 2390 1390 2468 domus
1409 2391 1528 2469 Mansi
1550 2391 1618 2468 Dei
1640 2419 1720 2498 pre-

294 2521 410 2609 dicte,
436 2523 578 2628 recepit
598 2523 719 2628 ipsum
745 2521 810 2628 qui
839 2521 1009 2628 loquitur
1033 2519 1072 2596 in
1094 2519 1246 2597 fratrem
1267 2519 1357 2598 dicti
1384 2519 1528 2597 ordinis
1550 2520 1721 2597 similiter

294 2681 379 2727 cum
403 2653 594 2731 bernardo
614 2652 767 2730 lilorerii
787 2668 824 2728 et
843 2651 1012 2730 lobanne
1033 2649 1143 2729 Olibe
1162 2649 1339 2728 fratribus
1359 2650 1446 2727 dicti
1468 2651 1611 2728 ordinis
1630 2669 1720 2728 tunc
1761 2651 1765 2660 ’

292 2781 514 2871 viventibus,
524 2811 627 2860 nunc
637 2781 846 2870 defunctis·
857 2782 897 2858 in
908 2781 1048 2888 capella
1057 2781 1155 2859 dicae
1171 2783 1307 2858 domus
1320 2781 1439 2858 Mansi
1448 2781 1535 2872 Dei,
1548 2807 1620 2859 mu
1634 2780 1718 2858 anni

293 2913 447 2990 fuerunt
472 2913 586 3019 elapsi
608 2913 664 2990 vel
688 2915 782 2992 circa
802 2915 841 2989 iu
860 2912 981 3020 vigilia
1005 2913 1142 2990 Natalis
1165 2911 1317 2990 Domini
1338 2912 1505 3018 proxime
1528 2913 1719 3019 preterita,

293 3043 499 3120 astantibus
523 3062 562 3122 et
587 3043 822 3151 presentibus
840 3045 882 3121 P.
902 3045 950 3121 de
967 3044 1146 3132 Redorta,
1169 3042 1373 3120 bertrando
1401 3043 1448 3120 de
1472 3043 1602 3150 Rippis
1628 3043 1721 3122 Altis

294 3174 494 3261 militibus,
516 3175 656 3252 Jacobo
670 3175 726 3252 'de
748 3174 885 3254 Oleriis
905 3192 943 3252 et
960 3175 1070 3253 Petro
1087 3174 1134 3251 de
1154 3174 1479 3280 Camporotrmdo‚
1498 3191 1535 3250 et
1549 3173 1721 3280 pluribus

294 3305 374 3382 aliis
388 3305 563 3389 fratribus
578 3305 667 3382 dicti
681 3304 825 3381 ordinis
841 3303 1046 3381 rixantibus
1061 3303 1249 3410 aliquibus
1262 3321 1300 3380 et
1312 3303 1395 3380 aliis
1407 3331 1509 3381 nunc
1523 3302 1719 3382 defunctis.

351 3433 485 3512 Modus
503 3453 627 3512 autem
644 3453 710 3510 stre
726 3435 956 3540 recepcionis
967 3450 1005 3510 et
1018 3432 1179 3511 aliorum
1194 3433 1259 3539 qui
1270 3460 1399 3510 secum
1413 3431 1565 3510 luertmt
1579 3435 1719 3538 recepti

293 3562 364 3640 fuit
373 3563 459 3642 talis
477 3565 629 3670 qualem
647 3563 771 3670 ipsum
792 3563 971 3672 expressit
991 3565 1030 3640 in
1050 3563 1186 3642 ellectu
1205 3565 1244 3640 in
1259 3593 1325 3642 sua
1340 3561 1598 3641 testificatione
1609 3563 1722 3642 frater

292 3693 577 3773 bartholomeus
606 3695 653 3772 de
676 3698 797 3772 Turre
823 3697 968 3801 primus
991 3695 1110 3784 testis,
1140 3714 1178 3772 et
1203 3697 1299 3772 'sicut
1320 3695 1529 3772 continetur
1553 3696 1591 3770 in
1623 3694 1720 3772 libro

293 3841 514 3926 statutomm
533 3841 573 3904 et
594 3855 743 3904 momm
765 3827 954 3906 bonorum
975 3825 1067 3903 dicti
1093 3825 1252 3914 ordinis,
1282 3827 1330 3902 de
1355 3825 1494 3932 quibus
1519 3843 1557 3903 et
1588 3855 1721 3904 eorum

292 3955 447 4064 singulis
472 3955 585 4035 frater
603 3958 793 4066 predictus
819 3957 975 4034 indicta
1000 3983 1065 4032 sua
1090 3958 1308 4064 receptione
1330 3956 1501 4061 promisit
1521 3956 1722 4034 observan-

292 4088 387 4164 ciam
407 4106 445 4165 et
462 4086 522 4164 illa
538 4089 725 4167 custodire
747 4107 785 4166 et
796 4116 945 4195 semper
963 4113 1199 4194 servareque
1219 4090 1258 4164 in
1278 4088 1380 4165 dicto
1395 4087 1492 4166 libro
1506 4087 1616 4165 latius
1629 4105 1721 4166 sunt

295 4235 476 4295 contenta.

348 4349 405 4426 Ad
425 4349 557 4427 lxxxvii
580 4367 617 4427 et
636 4351 780 4429 lxxxvm
802 4369 839 4427 et
858 4352 1034 4428 ultimum
1055 4350 1231 4428 articulos
1250 4351 1451 4460 diligenter
1472 4349 1720 4459 etsigillatim

292 4479 554 4588 iuterrogatus,
572 4481 663 4560 dixit
682 4509 722 4558 se
742 4509 811 4560 nec
830 4482 923 4558 scire
944 4509 1013 4558 nec
1029 4479 1180 4558 credere
1201 4481 1344 4588 aliquid
1363 4480 1421 4558 vel
1436 4480 1618 4589 aliquado
1633 4507 1720 4557 con·

292 4627 403 4687 tentas
424 4639 462 4686 m
482 4640 548 4689 crs.
1343 4701 1351 4718 .

347 4741 471 4848 Super
493 4742 575 4819 aliis
596 4770 680 4820 rero
706 4743 971 4820 coherentibus
994 4759 1031 4820 et
1054 4743 1346 4820 circumstanciis
1368 4742 1416 4820 de
1436 4741 1577 4850 quibus
1597 4742 1718 4818 visum

292 4869 363 4946 fuit
390 4873 672 4978 inquisitoribus
692 4873 831 4980 requiri
856 4890 892 4950 et
912 4873 1130 4982 interrogari
1150 4873 1306 4963 debere,
1331 4873 1532 4981 requisitus
1547 4890 1585 4949 et
1600 4872 1727 4948 inter-.

1501 5025 1551 5088 63.
