4486 5890
752 515 945 610 raeces
971 537 1065 610 oss
1092 536 1392 612 reuertens.
1714 537 1781 608 ιιι

360 707 445 754 cum
467 679 546 784 ipse
565 696 753 756 recusaret
768 681 841 756 boc
860 679 997 767 lacere,
1021 678 1143 758 dictus
1162 699 1335 787 receptor
1356 681 1449 758 dixit
1470 681 1503 758 ei
1525 681 1628 786 quod
1650 681 1700 756 ita
1722 679 1785 755 de-

359 809 473 886 bebat
493 808 632 898 lacere,
655 809 724 888 alia
744 837 854 888 causa
882 837 960 888 uon
980 837 1167 916 expressa,
1192 828 1229 888 et
1248 828 1339 888 tunc
1360 811 1438 918 ipse
1467 811 1573 888 testis
1592 810 1786 916 abnegavit

359 941 517 1018 Jhesum
531 969 599 1016 ore
610 967 687 1016 non
702 939 815 1022 corde
832 958 869 1018 et
879 941 1042 1020 multum
1056 940 1200 1018 dolens.
1219 943 1349 1020 Postea
1364 941 1457 1018 dixit
1472 940 1506 1018 ei
1521 941 1625 1047 quod
1640 957 1786 1046 poterat

360 1069 557 1146 carnaliter
582 1070 819 1149 commisceri
845 1068 1022 1148 fratribus
1045 1072 1188 1150 ordinis
1209 1090 1247 1150 et
1266 1072 1335 1178 ipsi
1357 1102 1443 1152 cum
1465 1101 1530 1159 eo;
1566 1071 1637 1148 hoc
1661 1086 1785 1145 tamen
1821 1175 1825 1183 ¹

361 1228 437 1277 non
457 1198 546 1277 secit
562 1229 631 1280 nec
651 1200 723 1277 luit
741 1200 966 1308 requisitus,
990 1228 1059 1278 nec
1072 1201 1193 1278 credit
1207 1203 1313 1308 quod
1328 1202 1474 1280 dictum
1492 1219 1687 1308 peccatum
1702 1228 1787 1305 per-

360 1348 570 1438 petraretur
590 1331 629 1409 in
658 1331 803 1410 ordine.
822 1333 913 1410 Post
933 1333 1004 1410 hec
1028 1331 1151 1412 dictus
1170 1351 1343 1440 receptor
1359 1333 1550 1412 osculatus
1572 1332 1644 1411 fuit
1662 1333 1785 1439 ipsum

361 1479 495 1540 testem
521 1463 615 1540 circa
636 1461 861 1540 umbilicum
886 1490 997 1567 supra
1017 1478 1152 1550 vestes,
1180 1462 1309 1540 dicens
1330 1463 1431 1540 idem
1457 1463 1562 1541 testis
1582 1461 1686 1569 quod
1705 1492 1789 1566 pre-

363 1591 458 1670 dicta
476 1610 555 1670 acta
575 1593 730 1672 luerunt
747 1610 785 1670 et
807 1592 905 1670 dicta
927 1593 967 1667 in
988 1592 1181 1698 presencia
1200 1593 1404 1673 astancium
1427 1593 1698 1698 predictorum.
1721 1595 1790 1668 tte-

362 1724 523 1830 quisitus
543 1725 574 1802 si
594 1723 665 1802 alia
685 1724 882 1804 inhonesta
903 1723 1186 1800 intervenerunt
1216 1725 1254 1800 in
1275 1724 1374 1800 dicta
1393 1752 1460 1801 sua
1487 1723 1706 1828 recepcione
1732 1724 1789 1798 vel

362 1871 466 1960 post,
492 1854 687 1962 respondit
706 1854 809 1960 quod
826 1882 915 1932 non.
933 1855 1149 1961 Requisitus
1169 1855 1199 1931 si
1211 1855 1300 1942 scit,
1327 1853 1463 1942 credit,
1481 1855 1539 1932 vel
1557 1853 1700 1933 audivit
1716 1854 1788 1929 dici

362 1985 466 2092 quod
485 1985 650 2093 predicta
670 1984 796 2062 illicita
813 1984 1017 2064 confessata
1037 2013 1213 2092 pereum
1234 2003 1299 2064 aut
1318 1987 1389 2064 alia
1412 1986 1609 2063 inhonesta
1629 1985 1790 2060 interve-

362 2117 487 2194 nirent
517 2116 772 2196 communiter
798 2116 838 2192 in
862 2116 1147 2222 recepcionibus
1171 2117 1333 2195 aliorum
1358 2117 1414 2194 vel
1442 2117 1575 2193 saltem
1602 2134 1699 2222 post,
1732 2143 1790 2192 re-

363 2247 515 2354 spondit
532 2247 620 2352 quia
638 2245 732 2324 vidit
751 2245 865 2352 recipi
882 2245 921 2324 in
942 2246 1074 2324 ordine
1091 2245 1242 2326 fratrem
1262 2247 1470 2324 liebertum
1485 2245 1532 2330 de
1548 2246 1686 2354 Eluoys
1708 2246 1792 2322 Cla-

364 2378 613 2454 ramontensis
631 2377 806 2464 diocesis,
828 2377 1070 2465 servientem,
1090 2378 1138 2456 de
1151 2378 1259 2486 cujus
1278 2379 1350 2454 vita
1372 2377 1428 2453 vel
1446 2393 1567 2454 morte
1585 2376 1791 2454 nonhabet

364 2509 646 2597 certitudinem,
685 2537 799 2614 quem
834 2509 975 2615 recepit
1004 2508 1118 2585 irater
1146 2508 1355 2586 Ademarus
1392 2508 1437 2584 dc
1467 2509 1653 2613 Peyrucza
1681 2508 1792 2584 miles

364 2640 573 2747 quondam,
596 2639 693 2716 ultra
714 2667 833 2730 mare,
856 2638 896 2718 in
926 2639 1066 2745 capella
1094 2639 1231 2717 domus
1261 2639 1411 2746 Templi
1439 2639 1486 2715 de
1514 2638 1684 2744 Sydone,
1707 2667 1790 2744 pre-

363 2769 533 2848 sentibus
554 2770 724 2848 lohanne
751 2769 933 2858 Senandi,
950 2767 1049 2848 teste
1071 2769 1125 2846 eri
1146 2770 1378 2860 examinato,
1401 2786 1439 2847 et
1457 2767 1685 2876 quibusdam
1712 2769 1793 2846 aliis

365 2903 412 2980 de
428 2902 568 3008 quibus
583 2929 660 2978 non
680 2899 830 2991 recolit,
850 2916 941 2978 sunt
957 2899 1057 2977 bene
1069 2897 1135 2978 ιιιιιί
1149 2900 1303 2978 annivel
1314 2901 1421 2978 circa.
1440 2901 1550 2990 Item,
1573 2898 1665 2976 vidit
1676 2901 1792 3006 recipi

363 3031 517 3111 fratrem
531 3035 684 3110 Petrum
703 3032 749 3108 de
765 3031 881 3108 Viena
900 3030 939 3108 in
963 3030 1103 3136 capella
1122 3030 1261 3108 domus
1279 3031 1429 3137 Templi
1445 3029 1687 3135 Tripolitani,
1705 3050 1794 3108 sunt

364 3159 461 3237 bene
480 3187 568 3237 ιιιιιιι
588 3160 675 3236 anni
695 3159 753 3236 vel
770 3160 883 3249 circa,
898 3187 966 3265 per
985 3157 1139 3236 fratrem
1154 3159 1367 3239 Gerardum
1383 3159 1596 3236 Fabrisacot
1612 3160 1789 3244 militem,

363 3291 555 3396 quondam
570 3305 828 3396 preceptorem
843 3288 940 3368 dicte
955 3288 1111 3378 domus,
1128 3288 1366 3395 presentibus
1387 3287 1564 3368 tratribus
1574 3291 1790 3396 Radulpho,

365 3421 521 3498 nacione
537 3420 713 3509 Picardo,
734 3419 935 3510 serviente,
955 3435 993 3500 et
1015 3419 1190 3526 pluribus
1209 3420 1291 3498 eliis
1308 3424 1355 3498 de
1380 3421 1521 3526 quibus
1541 3449 1618 3500 non
1640 3423 1790 3508 recolit,

364 3554 469 3630 etde
498 3581 662 3658 quorum
687 3551 759 3630 vita
782 3551 839 3628 vel
867 3569 988 3628 morte
1018 3550 1231 3630 nonhabet
1259 3552 1538 3630 certitudinem.
1566 3547 1793 3644 ltern,'vidit

363 3683 478 3789 recipi
494 3684 533 3759 in
554 3681 694 3788 capella
712 3683 851 3760 domus
868 3681 1016 3787 Templi
1034 3682 1080 3759 de
1101 3680 1265 3758 Folbosa
1279 3679 1593 3760 Claramontensis
1615 3683 1789 3775 diocesis,

363 3831 451 3891 sunt
469 3830 554 3891 octo
570 3813 657 3890 anni
678 3812 734 3889 vel
752 3813 862 3905 circa,
885 3810 1037 3889 fratrem
1055 3812 1267 3888 lohannem
1280 3811 1421 3919 Atgerii
1438 3813 1674 3901 servientem,
1693 3814 1790 3890 dicte

364 3943 679 4022 Claramontensis
695 3942 870 4030 diocesis,
888 3941 954 4048 qui
967 3941 1116 4050 aufugit
1127 3941 1281 4048 quando
1296 3941 1359 4020 alii
1379 3943 1475 4049 capti
1491 3941 1659 4028 luerunt,
1675 3972 1791 4048 quem

363 4073 503 4184 recepit
522 4071 637 4154 frater
656 4071 890 4150 Humbertus
909 4073 1048 4152 Blancti
1062 4072 1188 4162 miles,
1205 4073 1271 4180 qui
1289 4073 1481 4152 detinetur
1492 4071 1686 4179 inAnglia,
1706 4103 1791 4177 pre-

363 4221 468 4282 sente
488 4204 590 4280 dicto
604 4204 775 4282 iohanne
792 4202 956 4283 Senandi
979 4217 1016 4280 et
1031 4203 1223 4308 Stephano
1243 4203 1290 4282 de
1310 4202 1493 4291 Cellario,
1513 4203 1578 4308 qni
1600 4202 1794 4281 detinetur

363 4335 503 4428 Riomi,
520 4335 559 4412 in
578 4362 741 4441 quorum
760 4332 1045 4439 recepcionibus
1065 4333 1159 4412 vidit
1177 4332 1283 4440 quod
1301 4332 1465 4438 predicta
1484 4332 1584 4410 licita
1607 4353 1645 4412 et
1665 4333 1794 4414 illicita

363 4464 566 4542 consessata
586 4493 655 4571 per
670 4493 758 4542 eum
773 4465 1056 4542 intervenerunt
1076 4480 1114 4541 et
1129 4480 1269 4540 servata
1285 4460 1458 4554 luerunt3
1480 4461 1648 4569 plurium
1664 4494 1793 4572 recep

363 4595 538 4672 cionibus
556 4623 632 4671 non
653 4594 787 4672 recolit
805 4622 844 4672 se
861 4592 1036 4672 adfuisse.
1059 4595 1172 4683 ltem,
1196 4592 1291 4672 dixit
1311 4621 1351 4672 se
1361 4593 1515 4672 credere
1536 4595 1642 4700 quod
1663 4593 1794 4674 iratres

364 4726 509 4804 ordinis
528 4725 726 4802 crederent
752 4723 992 4802 sacramentis
1014 4723 1289 4812 ecclesiasticis,
1311 4724 1452 4830 quibus
1484 4725 1560 4830 ipse
1591 4723 1688 4802 bene
1714 4741 1794 4802 cre·-

365 4853 498 4943 debat,
522 4872 559 4932 et
572 4853 677 4960 quod
688 4882 822 4934 eorum
838 4853 1048 4932 sacerdotes
1062 4852 1190 4932 debite
1206 4852 1452 4932 celebrarent.
1469 4855 1512 4930 ln
1522 4856 1791 4934 termiuacione

1596 5011 1642 5074 ¹9·
1725 5037 1775 5074 ,ν
