4208 5886
693 521 890 618 procus
921 539 1020 614 uss
1051 539 1360 616 senenses.
1672 543 1744 616 rer

311 679 470 771 laceret,
493 679 586 758 dixit
606 681 641 759 ei
668 682 791 790 quod,
818 709 862 760 ex
887 709 964 789 quo
984 682 1212 788 promiserat
1235 680 1412 772 obedire,
1436 683 1634 789 oportebat
1658 711 1747 762 eum

311 813 514 919 abnegare,
537 813 627 919 qnia
646 814 698 892 ita
723 812 909 892 faciebant
928 812 991 890 alii
1014 812 1147 892 fratres
1166 813 1334 906 ordinis,
1363 830 1402 891 et
1422 829 1513 892 tunc
1535 815 1615 921 ipse
1641 817 1747 894 testis

310 943 642 1050 abnegavitDeum
658 972 722 1023 ore
736 973 815 1023 non
827 943 961 1034 corde,
978 960 1022 1022 ut
1038 943 1142 1022 dixit.
1158 945 1290 1023 Postea
1300 943 1470 1050 precepit
1482 943 1628 1050 eiquod
1643 975 1750 1053 spue-

311 1091 369 1152 ret
388 1101 502 1181 super
521 1074 724 1181 quamdam
750 1100 901 1153 crucem
929 1073 1109 1182 ligneam,
1128 1074 1250 1152 nescit
1277 1100 1486 1182 perquem
1513 1072 1679 1168 allatam,
1706 1065 1747 1154 iri

311 1233 385 1312 qua
410 1197 515 1282 nulla
540 1222 619 1282 erat
640 1229 774 1314 ymago
792 1203 991 1297 Crucifixi,
1012 1221 1052 1282 et
1077 1205 1157 1312 ipse
1183 1205 1289 1284 testis
1308 1204 1410 1311 spuit
1438 1230 1516 1282 non
1539 1232 1652 1312 supra
1679 1207 1746 1283 sed

305 1335 412 1442 justa
429 1363 524 1412 cam.
543 1335 647 1413 Dixit
665 1337 821 1444 insuper
839 1335 945 1443 quod
965 1335 1090 1414 dictus
1106 1353 1278 1442 receptor
1295 1333 1370 1414 luit
1391 1363 1480 1412 cum
1497 1335 1688 1416 osculatus
1705 1339 1746 1415 in

308 1483 735 1573 pectoresupervestes,
757 1485 795 1546 et
813 1466 919 1576 quod
938 1466 1011 1545 alia
1030 1465 1159 1544 illicita
1183 1493 1262 1545 non
1283 1466 1568 1544 intervenerunt
1587 1467 1627 1546 in
1648 1468 1745 1548 dicta

311 1625 377 1674 sua
396 1598 617 1704 recepcione
642 1627 713 1677 nec
729 1615 831 1706 post,
854 1615 893 1676 et
909 1597 1031 1676 credit
1048 1596 1154 1705 quod
1177 1597 1310 1675 eadem
1332 1613 1371 1674 et
1391 1625 1469 1676 non
1490 1598 1561 1676 alia
1581 1599 1744 1679 interve·

309 1729 435 1805 nirent
449 1728 489 1804 in
504 1729 790 1837 recepcionibus
803 1727 965 1807 aliorum
982 1726 1141 1806 fratrum
1158 1727 1303 1808 ordinis
1321 1727 1380 1806 vel
1398 1746 1495 1836 post.
1516 1731 1628 1820 Item,
1652 1731 1745 1812 dixit

309 1860 415 1966 quod
438 1859 541 1937 bene·
562 1860 740 1942 credebat
769 1859 1026 1939 ecclesiasticis
1055 1859 1315 1951 sacramentis,
1338 1876 1377 1937 et
1400 1857 1521 1938 credit
1549 1862 1653 1968 quod
1679 1863 1743 1940 alii

309 1988 442 2066 fratres
462 1989 606 2068 ordinis
621 1991 756 2070 eodem
771 1991 888 2068 modo
905 1992 1123 2080 crederent,
1141 2007 1178 2068 et
1191 1990 1297 2097 quod
1313 2016 1446 2070 eorum
1461 1992 1673 2070 sacerdotes
1684 1995 1744 2072 de-

308 2118 390 2196 bite
407 2118 653 2199 celebrarent.
675 2121 859 2202 Jnrabant
875 2120 1050 2198 ordinem
1076 2147 1154 2200 non
1179 2119 1295 2198 exire.
1317 2118 1561 2199 Clandestine
1584 2124 1743 2230 recipie-

308 2249 466 2340 bantur,
489 2251 605 2329 nullis
621 2249 861 2358 presentibus
878 2249 950 2328 nisi
967 2248 1146 2328 fratribus
1162 2250 1325 2342 ordinis,
1345 2277 1482 2357 exque
1500 2252 1621 2332 credit
1637 2255 1743 2362 quod

309 2397 406 2458 esset
425 2381 588 2488 suspicio
609 2399 738 2460 contra
758 2409 834 2460 eos.
857 2380 1038 2461 Cordulis
1059 2379 1162 2458 unde
1190 2378 1367 2460 volebant
1392 2381 1594 2488 assumptis
1618 2383 1744 2494 cinge*

308 2510 448 2590 bantur
461 2539 575 2617 super
594 2513 763 2592 camtsias
778 2541 866 2591 cum
891 2510 1033 2620 quibus
1055 2509 1245 2618 jacebant.
1270 2510 1452 2591 Jurabant
1470 2539 1550 2590 non
1576 2513 1741 2594 revelare

308 2660 448 2722 secreta
468 2643 734 2750 capitoliorum
754 2673 825 2722 nee
839 2643 1000 2723 modum
1015 2635 1083 2721 su'e
1097 2643 1354 2752 recepcionis;¹
1371 2643 1402 2722 si
1422 2643 1667 2738 revelassent,
1694 2648 1743 2724 ad

309 2799 444 2876 panem
465 2791 504 2851 et
519 2803 655 2881 aquam
673 2774 822 2854 diucius
838 2773 960 2881 purriti
976 2772 1145 2852 fluissent.
1171 2775 1319 2852 Fratres
1339 2774 1484 2853 ordinis
1506 2804 1604 2883 quos
1623 2779 1743 2858 credit

308 2901 454 2980 scivisse
479 2929 626 2982 errores
645 2903 872 2983 consessatos
897 2931 968 3013 per
987 2931 1076 2981 curn
1102 2903 1261 2982 fuerunt
1276 2903 1527 3014 negligentes,
1550 2907 1638 3015 quia
1663 2937 1741 2986 non

308 3053 551 3113 correxerunt
565 3064 630 3114 ecs
645 3064 716 3114 nec
733 3013 1057 3114 denunciaverunt
1074 3035 1251 3114 Ecclesie.
1273 3035 1509 3116 Elemosinas
1524 3056 1562 3116 et
1577 3040 1742 3147 hospita-

308 3160 450 3240 litatem
471 3163 564 3240 vidit
578 3166 845 3245 convenienter
858 3164 942 3244 lieri
961 3182 1000 3244 et
1015 3167 1153 3244 servari·
1172 3166 1212 3244 in
1237 3166 1416 3246 domibus
1435 3168 1580 3250 ordinis
1599 3171 1640 3247 in
1659 3173 1742 3279 qui-

307 3291 379 3370 bus
405 3293 527 3370 extitit
545 3312 814 3388 commoratus,
837 3311 875 3374 et
897 3293 970 3373 fuit
992 3294 1066 3374 sibi
1089 3312 1313 3402 preceptum
1332 3297 1440 3404 quod
1468 3296 1595 3376 debite
1614 3302 1741 3407 acqui·

306 3439 408 3499 reret
425 3421 566 3515 ordini,
593 3424 632 3500 in
648 3452 725 3532 quo
743 3443 930 3503 servamm
945 3424 1095 3515 luisset,
1115 3442 1159 3502 ut
1174 3426 1311 3518 credit,
1332 3427 1438 3535 quod
1457 3428 1633 3536 Magister
1652 3461 1739 3509 cum

307 3571 494 3632 conventu
507 3556 707 3634 statuisset.
727 3554 893 3636 Grandia
910 3555 1095 3645 scandala,
1112 3556 1325 3663 suspiciost
1337 3556 1487 3634 infamia
1504 3577 1593 3636 sunt
1612 3580 1739 3638 exorta

306 3709 409 3763 nunc
424 3701 555 3762 contm
567 3686 759 3774 ordinem,
778 3713 800 3764 a
819 3714 897 3795 quo
912 3686 992 3793 ipsc
1007 3686 1114 3765 testis
1129 3703 1283 3794 propter
1298 3687 1397 3765 dicta
1413 3685 1543 3766 illicita
1560 3691 1736 3768 recedere

306 3816 542 3922 proponebat
558 3834 644 3894 ante
661 3817 878 3924 capcionem
894 3843 1022 3908 suam,
1045 3833 1089 3894 ut
1110 3817 1224 3908 dixit,
1245 3835 1373 3896 contra
1388 3847 1503 3924 quem
1519 3819 1644 3899 dictus
1661 3823 1722 3902 Ma

305 3947 419 4052 gister
440 3947 558 4026 etalii
577 3948 755 4027 dicuntur
774 3947 899 4058 aliqua
918 3947 1032 4028 luisse
1051 3947 1231 4038 confessi3
1253 3949 1301 4026 ad
1317 3949 1425 4058 cujus
1445 3948 1589 4029 ordinis
1606 3951 1736 4032 defen-

305 4077 449 4156 sionem
471 4105 511 4155 se
531 4105 610 4157 non
629 4079 829 4159 obtulerat.

361 4208 579 4315 Reqnisitns
596 4211 626 4288 si
642 4209 696 4288 sic
711 4211 937 4318 deposuerat
951 4239 1079 4318 prece,
1094 4232 1285 4321 precepto,
1301 4215 1450 4308 timore,
1468 4245 1607 4307 amore,
1626 4220 1732 4310 odio,

305 4337 361 4414 vel
379 4339 578 4444 temporali
599 4340 761 4418 comodo
781 4339 910 4418 habito
925 4339 984 4420 vel
1003 4339 1199 4433 habendo,
1216 4345 1412 4451 respondit
1430 4346 1536 4456 quod
1555 4377 1650 4442 non,
1667 4351 1735 4428 sed

304 4496 373 4578 pro
388 4469 539 4548 veritate
553 4469 733 4562 dicenda;
748 4469 808 4548 cui
819 4469 891 4549 fuit
901 4471 1113 4581 injunctum
1122 4474 1228 4581 quod
1237 4503 1314 4554 non
1323 4476 1506 4555 revelaret
1514 4479 1612 4556 hanc
1626 4509 1732 4558 suam

306 4597 608 4705 deposicionem,
628 4629 829 4709 quousque
851 4604 1110 4682 attestaciones
1131 4603 1272 4683 brerint
1290 4605 1491 4712 publicate.

362 4729 450 4806 Acta
473 4729 628 4809 luerunt
648 4732 719 4810 bec
734 4731 843 4810 dictis
861 4733 923 4812 die
945 4750 983 4812 et
1000 4733 1100 4824 loco,
1117 4735 1355 4841 presentibus
1370 4739 1547 4847 magistro
1566 4739 1734 4832 Amisio,

305 4885 366 4936 me
386 4859 642 4941 Floriamonte
660 4862 876 4952 Dondedei,
894 4879 933 4942 et
944 4863 1036 4944 aliis
1053 4865 1207 4944 notariis
1224 4895 1336 4972 supra
1353 4867 1492 4949 ultimo
1509 4871 1727 4962 nominatis,
