4486 5890
496 527 566 598 rsc
878 498 1073 594 rnocts
1100 519 1194 592 nus
1219 519 1523 594 reuertens.

490 692 561 742 nec
587 662 909 742 denunciaverunt
933 661 1110 738 Ecclesie.
1137 661 1179 737 ln
1205 659 1384 739 do'mibus
1402 660 1549 740 ordinis
1571 661 1609 736 in
1629 658 1770 766 quibus
1794 661 1914 740 extitit

490 808 768 880 commoratus,
798 791 894 868 vidit
915 789 1138 868 elemosinas
1163 807 1201 868 et
1221 791 1512 898 hospitalitatem
1540 791 1805 869 convenienter
1831 793 1912 870 lieri

490 943 529 1002 et
540 924 691 1012 servari,
708 938 747 999 et
764 921 939 1029 capitulia
954 921 1067 1013 clam,
1084 919 1200 998 nullis
1216 920 1455 1029 presentibus
1470 921 1540 998 nisi
1560 919 1737 998 fratribus
1752 922 1912 1016 ordinis,

489 1055 627 1145 teneri,
644 1053 772 1162 januis
790 1053 938 1141 clausis,
960 1051 1164 1158 aliquando
1185 1052 1233 1129 de
1253 1068 1376 1140 nocte,
1395 1068 1482 1158 post
1500 1052 1747 1140 matutinum,
1770 1079 1914 1133 sermo-

490 1213 538 1262 ne
557 1212 627 1292 per
640 1184 805 1290 aliquem
821 1182 1058 1290 religiossum
1078 1179 1188 1274 facto,
1205 1198 1244 1259 et
1263 1179 1467 1288 aliquando
1485 1180 1533 1259 de
1549 1180 1623 1260 die.
1645 1181 1826 1260 Ordinata
1846 1213 1914 1290 per

489 1317 707 1424 Magistrum
730 1341 816 1390 cum
837 1328 1024 1390 conventu
1044 1328 1225 1390 servasset
1248 1327 1352 1389 totus
1372 1311 1485 1400 ordo,
1514 1327 1643 1390 contm
1667 1339 1783 1418 quem
1811 1341 1912 1392 nunc

487 1445 641 1552 grandia
670 1442 858 1544 scandala,
885 1441 1048 1547 suspicio
1072 1458 1111 1518 et
1131 1439 1283 1518 infamia
1306 1457 1395 1518 sunt
1420 1455 1558 1518 exorta.
1584 1440 1705 1550 Cujus
1732 1441 1910 1524 fratribus

488 1575 608 1652 credit
626 1574 730 1681 quod
747 1590 871 1651 essent
883 1587 972 1650 nota
990 1569 1195 1650 confessata
1210 1599 1279 1677 per
1292 1599 1394 1650 eum.
1413 1572 1462 1650 Et
1478 1571 1621 1650 audivit
1639 1571 1715 1650 dici
1731 1601 1910 1682 magnum

487 1706 708 1813 Magistrum
733 1721 771 1780 et
794 1703 889 1780 alios
911 1700 1037 1808 aliqua
1061 1700 1175 1778 luisse
1195 1699 1385 1780 confessos
1405 1718 1533 1780 contm
1553 1700 1698 1780 dictum
1717 1703 1907 1796 ordinem,

487 1835 535 1912 ad
555 1837 663 1943 cujus
679 1832 949 1912 deffensionem
971 1860 1011 1909 se
1031 1858 1108 1910 non
1128 1830 1328 1910 obtulerat.

544 1965 760 2072 Requisitus
772 1965 801 2042 si
818 1965 870 2042 sic
885 1963 1110 2069 deposuerat
1122 1989 1249 2069 prece,
1264 1978 1460 2068 precepto,
1473 1963 1627 2052 timore,
1638 1992 1784 2056 amore,
1801 1969 1907 2057 odio,

487 2095 544 2173 vel
562 2094 759 2200 temporali
780 2092 941 2171 comodo
976 2090 1107 2169 habito
1120 2090 1180 2170 vel
1193 2090 1388 2184 habendo,
1405 2092 1601 2198 respondit
1613 2093 1825 2200 quodnon,
1842 2100 1908 2176 sed

486 2255 554 2331 pro
573 2227 726 2306 veritate
752 2224 929 2312 dicenda;
954 2223 1016 2300 cui
1040 2220 1113 2300 fuit
1136 2223 1351 2330 injunctum
1377 2222 1483 2329 quod
1504 2251 1581 2300 non
1604 2225 1787 2304 revelaret
1814 2227 1908 2306 banc

485 2385 592 2434 suam
613 2356 912 2463 deposicionem,
934 2381 1135 2460 quousque
1155 2354 1413 2432 attestaciones
1431 2351 1574 2432 fuerint
1592 2353 1792 2461 publicata.

542 2487 632 2565 Acta
650 2485 806 2564 luerunt
827 2485 898 2562 bec
916 2483 1026 2562 dictis
1044 2483 1105 2560 die
1125 2501 1164 2562 et
1181 2484 1281 2576 loco,
1299 2483 1540 2591 presentibus
1552 2487 1728 2594 magistro
1748 2487 1904 2580 Amisio,

487 2642 547 2692 me
566 2614 821 2692 Floriamonte
838 2612 1054 2700 Dondedei,
1075 2629 1112 2691 et
1130 2611 1213 2690 aliis
1229 2614 1384 2692 notariis
1403 2643 1516 2722 supra
1535 2614 1673 2694 ultimo
1692 2619 1905 2698 nominatis.

542 2877 631 2954 Post
640 2876 728 2964 hec,
742 2876 805 2953 die
820 2873 936 2954 sabati
952 2878 1144 2984 sequenti,
1162 2907 1236 2985 que
1253 2875 1325 2956 suit
1340 2905 1380 2956 ur
1395 2877 1477 2957 dies
1494 2878 1582 2956 dicti
1600 2881 1740 2958 mensis
1762 2882 1904 2988 aprilis,

485 3005 559 3082 luit
578 3006 764 3084 adductus
782 3006 831 3083 ad
854 3007 1085 3113 presenciam
1115 3010 1341 3086 eorumdem
1367 3008 1612 3088 dominorum
1644 3009 1905 3118 episcoporum

487 3137 717 3214 Mimatensis
749 3154 788 3214 et
815 3137 1092 3214 Lemovicensis
1125 3155 1164 3214 et
1197 3135 1449 3214 archidiaconi
1484 3135 1723 3224 Tridentini,
1744 3137 1828 3215 aliis
1847 3163 1906 3214 ex·

486 3267 638 3356 cusatis,
668 3265 707 3342 in
727 3264 844 3342 domo
868 3264 1036 3370 predicta
1062 3264 1208 3343 domini
1236 3266 1337 3343 Petri
1359 3264 1407 3342 de
1435 3265 1641 3356 Sabaudia,
1671 3265 1786 3344 lrater
1815 3269 1906 3346 Rer-

485 3396 626 3474 nardus
651 3395 828 3473 Ademari
849 3393 976 3483 miles,
1005 3395 1260 3474 Ruthenensis
1282 3395 1461 3487 diocesis,
1481 3397 1587 3476 testis
1604 3425 1716 3505 supra
1740 3397 1904 3504 juratus,

484 3543 527 3604 ut
546 3527 755 3633 deponeret
773 3525 916 3602 dictum
944 3553 1076 3617 suum,
1103 3525 1450 3634 quinquagenarius
1469 3526 1527 3605 vel
1551 3527 1662 3616 circa,
1684 3529 1905 3608 mantellum

484 3675 521 3734 et
540 3654 695 3735 barbam
730 3654 933 3743 defferens,
955 3683 1043 3733 cum
1063 3685 1142 3763 quo
1166 3656 1390 3764 inquisitum
1409 3655 1550 3752 fuerat,
1569 3657 1769 3738 absolutus
1795 3678 1834 3737 et
1852 3689 1907 3739 re·

484 3787 704 3865 conciliatus
734 3813 803 3892 per
832 3786 1034 3864 dominum
1055 3787 1275 3894 episcopum
1300 3787 1598 3866 Ruthenensem.
1628 3790 1750 3868 Lectis
1782 3807 1906 3870 autem

483 3935 521 3992 et
541 3917 743 4024 diligenter
762 3915 939 4021 expositis
968 3915 1041 3994 sihi
1062 3917 1241 3996 omnibus
1266 3935 1305 3995 et
1324 3917 1482 4026 singulis
1511 3913 1701 4010 articulis,
1716 3921 1909 4028 respondit

483 4075 523 4121 se
545 4046 662 4124 nichil
687 4046 797 4136 scire,
817 4073 888 4123 nec
912 4047 1085 4138 credere,
1109 4075 1179 4126 nec
1195 4048 1379 4128 audivisse
1410 4049 1484 4126 dici
1509 4051 1558 4127 de
1579 4051 1764 4130 contentis
1784 4053 1823 4130 in
1854 4055 1908 4132 eia

484 4177 554 4251 nisi
575 4175 680 4283 quod
709 4175 892 4283 sequitur.
914 4177 1016 4255 Dixit
1034 4205 1172 4284 nempe
1194 4206 1233 4258 se
1263 4177 1379 4258 luisse
1406 4197 1600 4287 receptum
1618 4181 1658 4258 in
1678 4182 1819 4289 capella
1839 4183 1908 4262 do-

484 4335 570 4384 mus
589 4306 739 4413 Templi
758 4308 804 4385 de
826 4309 925 4386 Vaor
942 4307 1130 4388 Albiensis
1156 4309 1333 4399 diocesis,
1360 4311 1456 4389 circa
1485 4310 1629 4390 instans
1655 4311 1794 4390 festum
1813 4315 1907 4392 Pen-
1973 4325 1987 4346 ¹

480 4454 640 4516 tecostes
660 4453 772 4516 erunt
790 4437 938 4515 circiter
955 4439 1110 4546 triginta
1128 4440 1235 4532 anni,
1262 4467 1331 4547 per
1348 4437 1501 4519 fratrem
1525 4444 1680 4521 Petrum
1701 4442 1902 4524 Guaufredi

483 4566 643 4644 militem
663 4567 875 4673 quondam,
893 4587 1154 4676 preceptorem
1173 4585 1265 4648 tunc
1285 4570 1385 4650 dicte
1406 4572 1562 4663 domus,
1581 4575 1820 4680 presentibus
1836 4574 1904 4654 fra·

480 4695 603 4773 tribus
622 4697 814 4775 Bemardo
837 4698 955 4776 Ysarii
985 4715 1023 4776 et
1053 4697 1262 4779 Guillelmo
1289 4702 1388 4778 Petri
1416 4701 1617 4792 militibus,
1649 4723 1688 4782 et
1715 4705 1903 4784 Bernardo

479 4827 626 4905 Darbus
648 4828 850 4920 serviente,
875 4828 1095 4918 deffunctis,
1117 4819 1157 4907 iri
1188 4831 1291 4910 hunc
1320 4835 1509 4912 modum:
1531 4863 1618 4913 nam
1638 4865 1725 4914 cum
1745 4839 1901 4946 requisi-
