4310 5906
679 505 684 530 ⁸
720 502 916 595 rnoots
944 521 1039 594 nes
1069 523 1368 594 respuens.
1684 521 1756 597 nce

388 663 447 740 Ad
462 663 572 740 lxxxu
585 662 785 740 articulum
805 664 1007 770 diligenter
1019 663 1285 771 interrogatus,
1303 665 1534 765 respondens
1548 667 1643 742 dixit
1655 671 1758 773 quod
1858 749 1861 754 ,

331 795 360 870 si
390 794 520 870 fratres
551 793 639 870 dicti
671 795 813 872 ordinis
842 796 879 870 in
908 823 1039 901 magna
1068 794 1312 872 multitudine
1334 795 1408 872 sive
1428 824 1535 901 parva
1560 799 1759 905 injudicio

332 925 406 1001 sive
428 941 529 1002 extra
545 925 583 1000 in
600 924 755 1031 publico
778 953 845 1003 seu
861 925 985 1003 oculto
1002 924 1155 1002 fuerunt
1179 926 1337 1003 confessi
1361 912 1529 1032 predicta
1548 927 1595 1004 de
1619 930 1759 1034 quibus

332 1057 454 1162 agitur
471 1057 509 1132 in
531 1055 666 1132 eodem
687 1055 861 1145 articulo,
884 1057 987 1162 quod
1008 1084 1085 1133 non
1112 1056 1246 1144 credit,
1270 1054 1360 1132 dicit
1378 1056 1478 1160 ipsos
1498 1057 1688 1135 veritatem
1707 1078 1760 1137 ta-

332 1187 452 1264 cuisse
481 1204 517 1264 et
545 1186 742 1265 falsitatem
776 1189 1012 1293 expressisse,
1042 1217 1127 1264 cum
1157 1215 1341 1294 nusquam
1373 1191 1593 1302 errores·'de
1623 1191 1760 1297 quibus

332 1319 453 1424 agitur
468 1317 663 1425 excogitati
679 1317 822 1396 fuerint
839 1321 877 1394 in
897 1318 1028 1396 ordine
1048 1317 1256 1424 sepedicto,
1278 1334 1392 1423 prout
1410 1319 1541 1395 credit.

390 1449 446 1524 Ad
462 1449 603 1538 lxxxm,
625 1448 763 1526 lxxxnn
780 1465 816 1525 et
827 1448 933 1526 lxxxv
947 1448 1120 1526 articulos
1135 1448 1332 1538 inclusive,
1353 1446 1551 1554 diligenter
1569 1469 1606 1526 et
1626 1453 1762 1558 sigilla-

332 1581 399 1656 tim
412 1579 875 1686 interrogatus,respondit
887 1579 991 1685 quod
1004 1580 1033 1656 si
1045 1578 1204 1685 predicti
1217 1580 1282 1686 qui
1300 1578 1430 1656 fratres
1446 1579 1534 1656 dicti
1553 1580 1693 1658 ordinis
1703 1613 1762 1690 ap

332 1709 536 1815 pellantur,
559 1711 597 1785 in
618 1709 784 1785 articulis
803 1708 1026 1816 supradictis
1045 1707 1201 1786 confessi
1222 1708 1375 1786 fuerunt
1395 1725 1566 1786 contenta
1588 1712 1627 1788 in
1649 1715 1701 1789 eis
1722 1714 1760 1790 in

333 1840 522 1945 presencia
543 1840 687 1916 domini
705 1840 822 1917 nostri
844 1840 981 1916 summi
998 1839 1188 1944 pontificis
1206 1857 1242 1916 et
1258 1839 1497 1916 dominorum
1517 1841 1761 1922 cardinalium

335 1999 419 2047 cum
436 1973 652 2076 juramento
668 1970 838 2076 proprio,
859 1988 896 2046 et
911 1971 949 2046 in
964 1969 1077 2076 pleno
1095 1971 1315 2047 consistorio
1325 1987 1449 2047 sancte
1465 1972 1589 2063 Sedis,
1603 1974 1760 2051 confessi

333 2119 420 2179 sunt
439 2102 476 2176 in
497 2101 671 2178 omnibus
690 2101 868 2206 predictis
895 2118 932 2177 et
956 2100 1112 2207 singulis
1137 2100 1327 2176 erroribus
1344 2099 1559 2191 falsitatem,
1584 2103 1680 2180 salva
1702 2133 1762 2180 ex-

334 2232 505 2310 cellentia
522 2251 559 2309 et
579 2233 769 2308 sanctitate
788 2230 959 2339 ejusdem
983 2231 1124 2308 domini
1146 2232 1264 2308 nostri
1282 2231 1420 2307 summi
1441 2231 1627 2336 pontificis
1646 2252 1683 2310 et
1703 2263 1762 2311 re-

333 2363 502 2439 verencia
523 2363 766 2440 dominorum
782 2361 1028 2440 cardinalium
1044 2361 1199 2440 fratrum
1216 2361 1306 2468 ejus.

390 2493 448 2569 Ad
467 2494 587 2571 lxxnvr
600 2492 797 2570 articulum
814 2493 1012 2599 diligenter
1023 2491 1291 2599 interrogatus,
1306 2493 1538 2598 respondens
1554 2494 1646 2571 dixit
1657 2497 1761 2602 quod

334 2625 412 2728 ipse
432 2623 503 2700 fuit
523 2639 694 2729 receptus
714 2623 754 2699 in
778 2622 931 2700 fratrem
951 2621 1040 2700 dicti
1063 2622 1205 2700 ordinis
1226 2621 1338 2698 simul
1357 2651 1443 2699 cum
1463 2622 1573 2700 fratre
1590 2625 1760 2703 lohanne

335 2753 382 2828 de
403 2751 588 2830 Alcanada
616 2771 654 2832 et
682 2753 792 2830 fratre
818 2755 984 2830 Bonanat
1010 2752 1136 2860 Regis,
1163 2780 1232 2857 per
1258 2751 1408 2830 fratrem
1430 2754 1690 2859 Raymundum
1715 2757 1761 2833 de

334 2884 436 2961 Falte
457 2884 696 2961 castellanum
713 2902 803 2961 tuuc
823 2883 1060 2971 Montissoni,
1085 2883 1186 2988 apud
1200 2884 1524 2975 Montemsonum,
1546 2885 1586 2961 in
1601 2888 1762 2992 capitulo

335 3015 453 3118 ipsius
472 3015 560 3104 loci,
584 3015 621 3089 in
642 3014 764 3120 vigilia
780 3015 894 3092 sancti
910 3014 1060 3093 Martini
1075 3012 1227 3091 fuerunt
1243 3041 1293 3090 nn
1312 3017 1399 3091 anni
1421 3015 1550 3121 elapsi,
1567 3017 1606 3092 in
1628 3019 1763 3096 eodem

335 3145 496 3249 capitulo
521 3145 726 3222 astantibus
747 3162 785 3220 et
801 3145 1038 3251 presentibus
1064 3146 1102 3220 in
1130 3146 1415 3250 reeepcionibus
1435 3147 1512 3223 suis
1532 3144 1698 3228 Amaldo
1717 3149 1763 3226 de

335 3276 547 3364 Banhullis,
569 3275 773 3354 Guillelmo
793 3275 840 3350 de
856 3273 1029 3363 Castelvi,
1052 3275 1189 3352 Jacobo
1214 3274 1261 3350 de
1277 3274 1420 3353 Vilalba
1440 3275 1638 3366 militibus,
1660 3279 1700 3352 P.
1716 3279 1763 3354 de

228 3445 232 3452 Δ
336 3407 499 3512 Lupario
521 3406 726 3482 cambrerio
749 3422 785 3480 et
799 3404 972 3510 pluribus
993 3402 1074 3480 aliis
1092 3403 1266 3480 fratribus
1283 3404 1372 3480 dicti
1389 3406 1548 3510 Templi.

392 3537 447 3613 De
478 3535 601 3612 modis
630 3551 755 3611 autem
785 3561 849 3610 sue
879 3533 1110 3640 reeepcionis
1131 3550 1168 3609 et
1187 3531 1348 3609 aliorum
1373 3533 1528 3610 fratrum
1550 3536 1615 3639 qui
1635 3563 1761 3612 secum

337 3665 435 3741 dicta
453 3665 515 3742 die
535 3664 686 3741 fuerunt
706 3665 844 3771 recepti
864 3666 902 3739 in
924 3663 1056 3742 fratres
1077 3663 1165 3740 dicti
1187 3664 1344 3751 ordinis,
1368 3682 1405 3741 et
1424 3665 1507 3740 aliis
1526 3666 1764 3771 tangentibus

337 3812 374 3871 et
399 3794 683 3870 circumstantiis
709 3794 827 3900 ipsam
851 3795 1128 3900 reeepcionem,
1147 3794 1241 3869 dixit
1264 3794 1366 3870 idem
1386 3793 1424 3870 in
1446 3795 1620 3872 omnibus
1641 3814 1679 3872 et
1697 3825 1765 3900 per

337 3924 462 4000 omnia
478 3925 518 3999 in
535 3923 671 4001 effectu
681 3940 724 4000 ut
739 3923 851 4000 frater
865 3923 1150 4002 Bartholomeus
1162 3924 1208 4000 dc
1219 3925 1345 4014 Turn,
1363 3925 1468 4001 testis
1481 3926 1637 4031 primus,
1654 3956 1763 4034 supra

337 4055 515 4160 deposuit
534 4055 573 4129 in
590 4049 663 4131 hoc
682 4054 818 4132 eodem
839 4053 1013 4141 articulo,
1041 4072 1078 4132 et
1097 4071 1141 4130 ut
1161 4055 1375 4132 continetur
1401 4055 1438 4129 in
1465 4055 1565 4132 dicto
1584 4055 1682 4134 libro
1704 4087 1765 4135 ex-

337 4183 476 4274 hibite,
500 4200 543 4260 ut
563 4185 697 4276 credit,
719 4213 787 4290 per
807 4185 970 4262 eundem
990 4184 1144 4262 domino
1161 4185 1336 4291 episcopo
1349 4185 1561 4292 inquisitori
1579 4189 1760 4292 predicto.

393 4313 451 4391 Ad
472 4313 605 4393 lxxxvn
626 4330 664 4390 et
681 4311 827 4390 lxxxvm
853 4330 891 4388 et
917 4313 1093 4390 ultimum
1115 4315 1289 4392 articulos
1307 4317 1506 4418 diligenter
1524 4333 1561 4392 et
1577 4317 1763 4424 sigillatim

337 4443 601 4548 interrogatus,
631 4441 859 4548 respondens
886 4441 978 4518 dixit
1002 4443 1064 4552 de·
1079 4445 1261 4520 contentis
1282 4445 1457 4521 omnibus
1486 4464 1523 4522 et
1548 4447 1705 4553 singulis
1725 4452 1764 4525 in

338 4572 503 4650 articulis
520 4573 741 4678 supradictis
761 4599 799 4649 se
819 4573 968 4678 penitus
987 4571 1103 4648 nichil
1122 4573 1275 4649 credere
1295 4601 1419 4680 neque
1441 4576 1546 4652 scire.

395 4703 516 4807 Super
532 4702 815 4780 circumstantiis
830 4729 917 4780 vero
935 4719 973 4779 et
990 4702 1071 4778 aliis
1091 4701 1292 4808 dequibus
1311 4703 1495 4810 jubentur
1520 4705 1608 4782 dicti
1633 4705 1763 4784 fratres

279 4850 284 4860 '
337 4833 491 4942 inquiri⁸
511 4833 717 4911 secundum
742 4833 847 4939 quod
876 4833 1079 4939 inquirenti
1109 4831 1227 4910 visum
1254 4831 1367 4911 fuerit
1400 4836 1575 4941 expedire
1606 4835 1764 4914 interro·
