4486 5890
475 511 543 580 150
861 495 1053 580 PROCES
1080 506 1175 578 DES
1202 505 1502 580 TEMPLIERS.

468 677 555 724 non.
583 647 798 754 Requisitus
824 648 855 724 si
883 648 1052 754 predicta
1077 647 1204 723 illicita
1232 645 1437 727 confessata
1460 675 1529 754 per
1554 675 1642 724 eum
1663 663 1727 724 aut
1747 646 1817 724 alia
1839 647 1894 725 in-

468 778 625 855 honesta
645 778 944 856 interveniebant
964 779 1002 854 in
1024 777 1306 884 recepcionibus
1325 777 1485 856 aliorum
1502 777 1559 854 vel
1575 793 1676 883 post,
1697 777 1895 884 respondit

468 938 506 986 se
530 909 682 987 credere
707 909 811 1016 quod
836 909 966 987 illicita
992 908 1194 986 consessata
1219 937 1287 1015 per
1312 937 1400 986 eum
1421 910 1676 986 communiter
1694 909 1895 986 interveni-

468 1061 553 1118 rent
579 1044 618 1118 in
643 1041 927 1148 recepcionibus
955 1041 1116 1120 aliorum
1143 1040 1200 1118 vel
1222 1057 1321 1147 post,
1344 1040 1432 1147 quia
1451 1040 1545 1118 vidit
1563 1041 1677 1147 recipi
1699 1040 1737 1118 in
1759 1041 1893 1120 ordine

469 1172 619 1250 fratrem
650 1173 899 1252 Guillelmum
925 1172 1089 1252 Galabrii
1118 1172 1361 1262 servientem,
1383 1189 1641 1278 preceptorem
1669 1172 1717 1249 de
1736 1172 1894 1251 Viveriia

468 1304 742 1380 Lemovicensis
770 1303 944 1392 diocesis,
972 1305 1012 1380 in
1041 1301 1183 1408 capella
1210 1302 1348 1380 domus
1371 1301 1540 1408 predicte
1568 1302 1614 1379 de
1640 1301 1694 1380 las
1718 1303 1891 1409 Maybea‚

470 1435 564 1510 insra
590 1451 672 1510 octo
702 1435 782 1510 dies
811 1463 831 1509 a
857 1451 1029 1539 tempore
1057 1433 1287 1538 receptionis
1317 1431 1435 1539 ipsius
1462 1433 1587 1518 testis,
1616 1459 1684 1539 per
1713 1435 1891 1511 eumdem

470 1565 719 1669 presbiterum
739 1581 784 1640 et
798 1563 1037 1670 presentibus
1057 1562 1131 1640 illis
1151 1563 1216 1670 qui
1237 1561 1443 1640 adsuerunt
1467 1549 1676 1670 recepcioni
1702 1565 1820 1668 ipsius
1843 1561 1893 1642 te-

410 1711 415 1718 ·
469 1695 544 1770 stis.
568 1697 679 1782 ltem,
693 1694 787 1770 vidit
799 1695 913 1800 recipi
935 1695 1139 1800 quemdam
1154 1692 1271 1770 alium
1287 1692 1440 1770 fratrem
1458 1693 1506 1770 de
1521 1693 1772 1784 Borbonesio‚
1788 1696 1893 1802 cujus

470 1852 608 1900 nomen
631 1842 667 1900 et
688 1852 896 1931 cognomen
917 1825 1079 1931 ignorat,
1102 1824 1141 1900 iu
1162 1823 1303 1930 capella
1325 1825 1462 1902 domus
1487 1823 1638 1931 Templi
1665 1827 1713 1902 de
1737 1825 1893 1904 Camba-

470 1953 564 2030 rello
593 1955 868 2031 Lemovicensis
896 1954 1070 2041 diocesis,
1098 1969 1185 2030 sunt
1204 1980 1226 2029 x
1247 1953 1334 2029 anni
1355 1955 1413 2030 vel
1433 1955 1545 2041 circa,
1567 1983 1636 2060 per
1654 1954 1806 2032 fratrem
1829 1957 1893 2033 Pe-

469 2102 571 2161 trum
585 2086 632 2161 de
642 2087 784 2179 Quasto
794 2085 940 2162 Drunio
951 2085 1147 2174 serviente,
1161 2083 1622 2191 quondampreceptorem
1634 2085 1732 2162 dicte
1744 2086 1890 2176 domus,

469 2215 707 2318 presentibus
722 2214 897 2292 fratribus
913 2216 1084 2292 lohanne
1102 2215 1149 2291 de
1168 2213 1316 2293 Gentils
1337 2231 1374 2291 et
1394 2213 1601 2293 Guillelmo
1622 2217 1800 2294 Lancelot
1820 2245 1894 2294 ser-

469 2343 667 2434 vientibus,
679 2347 955 2424 Lemovicensis
970 2346 1140 2434 diocesis,
1157 2345 1205 2422 de
1214 2373 1379 2452 quorum
1393 2347 1465 2424 vita
1476 2347 1534 2422 vel
1552 2365 1674 2426 morte
1690 2350 1893 2428 nonhabet

470 2475 760 2552 certitudinem:
785 2475 822 2550 in
846 2503 1010 2586 quorum
1031 2474 1316 2580 recepcionibus
1340 2474 1436 2552 vidit
1459 2476 1618 2582 precipi‚
1648 2477 1730 2554 fieri
1757 2495 1798 2555 et
1821 2509 1895 2556 ser·

470 2606 544 2680 vari
573 2606 671 2682 licita
698 2623 735 2682 et
762 2606 891 2684 illicita
920 2635 994 2713 que
1022 2608 1061 2682 in
1089 2606 1309 2712 recepcione
1337 2634 1403 2683 sua
1432 2607 1607 2713 deposuit
1636 2607 1892 2688 intervenisse.

470 2736 583 2823 ltem,
606 2735 698 2812 dixit
718 2765 757 2814 se
779 2735 934 2814 credere
959 2737 1215 2814 ecclesiasticis
1236 2737 1493 2825 sacramentis,
1520 2738 1677 2816 credens
1701 2741 1807 2845 quod
1832 2740 1892 2818 alii

471 2865 686 2954 crederent,
699 2884 736 2942 et
757 2866 861 2972 quod
881 2895 1012 2944 eorum
1034 2865 1246 2944 sacerdotes
1261 2867 1387 2944 debite
1409 2866 1654 2946 celebrarent.
1678 2872 1836 2958 sanavit,
1860 2891 1895 2949 et

471 2996 533 3072 alii
554 3025 649 3102 quos
668 2997 762 3075 vidit
781 2999 894 3104 recipi
906 2999 1129 3106 juraverunt
1143 2999 1248 3104 quod
1269 3026 1346 3076 non
1366 2997 1510 3076 exirent
1530 2975 1720 3090 ordinem,
1739 3003 1894 3080 credens

471 3128 576 3233 quod
596 3128 659 3203 alii
680 3129 933 3206 communiter
952 3129 1026 3205 hoc
1039 3130 1222 3235 jurarent.
1252 3127 1386 3205 Statim
1409 3128 1647 3205 habebantur
1665 3157 1734 3235 pro
1754 3131 1894 3235 profes-

472 3259 533 3334 sis.
557 3259 662 3335 Clam
683 3259 969 3365 recipiebantur,
992 3258 1106 3335 nullis
1125 3258 1364 3363 presentibus
1384 3257 1455 3334 nisi
1475 3257 1654 3336 fratribus
1675 3259 1837 3348 ordinis,
1860 3281 1893 3338 et

467 3390 592 3494 januis
613 3389 756 3468 clausis.
785 3389 962 3468 Cordulis
983 3388 1228 3496 cingebantur
1248 3417 1361 3495 super
1381 3387 1550 3464 camisias
1570 3417 1656 3466 cum
1676 3389 1817 3495 quibus
1840 3391 1893 3497 ja·

472 3519 606 3597 cebant
629 3538 666 3598 et
686 3521 888 3626 assumptis
910 3519 1013 3598 unde
1036 3519 1220 3598 volebant.
1251 3519 1521 3627 lnjungebatur
1546 3547 1614 3624 per
1636 3521 1891 3627 juramentum

472 3678 520 3727 ne
532 3651 741 3728 revelarent
756 3651 914 3728 modum
931 3651 1181 3757 recepcionis,
1202 3650 1318 3756 etqui
1336 3650 1562 3728 revelassent
1577 3649 1721 3727 dictum
1739 3651 1892 3728 modum
1957 3731 1961 3742 ,

472 3781 529 3858 vel
549 3782 621 3858 alia
640 3799 780 3860 secreta
801 3781 923 3888 puniti
943 3779 1120 3868 fuissent,
1142 3780 1209 3859 sed
1229 3782 1348 3860 nescit
1367 3779 1539 3887 qualiter.
1569 3781 1762 3875 Quamdiu
1783 3781 1894 3858 habe·

473 3911 572 3988 bant.
591 3914 735 4018 copiam
764 3912 1002 3990 sacerdotum
1032 3912 1192 4000 ordinis,
1221 3939 1298 3989 non
1327 3909 1518 3989 debebant
1544 3939 1588 3988 ex
1614 3930 1791 4018 precepto
1816 3912 1894 3989 aliis

475 4041 658 4118 confiteri.
679 4044 826 4119 Fratres
838 4043 997 4120 scientes
1018 4071 1162 4120 errores
1182 4043 1338 4121 fuerunt
1352 4042 1603 4150 negligentes,
1620 4042 1709 4148 quia
1725 4069 1805 4118 non
1820 4071 1895 4120 cor-

475 4189 650 4249 rexerunt
670 4189 707 4250 et
729 4201 803 4252 non
826 4175 1144 4251 denunciaverunt
1162 4173 1338 4251 Ecclesie.
1361 4151 1595 4250 Elemosinas
1615 4188 1653 4249 et
1673 4173 1895 4280 hospitalita-

474 4319 552 4378 tem
574 4304 838 4382 convenienter
856 4305 949 4383 vidit
967 4304 1048 4382 {ieri
1072 4322 1109 4382 et
1128 4305 1263 4382 servari
1285 4306 1324 4381 in
1345 4304 1525 4382 domibus
1545 4303 1690 4404 ordinis
1705 4305 1743 4381 in
1759 4305 1895 4411 quibus

475 4433 547 4510 suit
566 4452 818 4524 conversatusa
840 4435 983 4512 audivit
997 4451 1122 4510 tamen
1141 4435 1234 4523 dici,
1252 4463 1329 4512 non
1348 4434 1569 4511 recordatur
1583 4463 1603 4510 a
1619 4433 1776 4540 quibus,
1794 4432 1896 4542 quod

477 4591 636 4671 magnus
662 4565 838 4672 Magister
863 4566 1030 4672 precepit
1057 4567 1229 4673 restringi
1258 4565 1482 4650 elemosinas
1509 4565 1547 4640 in
1575 4565 1765 4671 aliquibus
1787 4564 1892 4653 locis,

475 4713 699 4782 nontamen
718 4695 860 4772 audivit
886 4723 955 4772 nec
981 4697 1103 4772 credit
1129 4695 1243 4773 luisse
1272 4697 1468 4772 restrictas.
1499 4697 1651 4774 audivit
1679 4695 1797 4774 eciam
1825 4693 1894 4772 dici

475 4828 579 4932 quod
606 4825 700 4904 clam
729 4826 956 4904 tenebantur
981 4825 1175 4932 capitalia,
1205 4844 1244 4902 et
1269 4853 1419 4902 summo
1451 4853 1579 4914 mane,
1612 4842 1651 4903 et
1680 4843 1765 4905 ante
1797 4825 1896 4904 diem
