4208 5886
386 525 456 598 roa
767 500 964 595 enonas
995 519 1093 594 ons
1123 517 1431 593 inarmans.

381 666 454 742 hoc
478 663 579 742 salvo
603 689 665 740 me
687 689 766 739 non
786 660 1000 742 interfuisse
1020 660 1236 768 juramento
1260 659 1450 740 dictorum
1478 657 1635 736 fratrum
1658 659 1815 737 bartho-

380 794 495 874 lomei
512 811 550 872 et
565 791 772 899 Radulphi,
794 819 865 868 nec
877 792 1055 898 magister
1067 790 1232 869 Amisius
1245 790 1514 868 examinacioni
1534 788 1658 870 fratris
1676 789 1816 870 liedul-

380 926 466 1034 phi,
483 939 598 1034 prout
615 922 730 1004 michi
749 922 790 1003 in
806 922 907 1004 dicto
923 921 1008 1002 loco
1024 939 1062 1000 et
1080 921 1323 1032 presentibus
1342 921 1567 1002 retulerunt.

439 1189 528 1266 Post
547 1189 636 1276 hec,
659 1184 720 1264 die
738 1187 912 1277 Veneris,
941 1187 979 1262 in
1004 1186 1209 1264 crastinum
1233 1186 1334 1264 beati
1357 1185 1541 1264 lobannis
1560 1199 1646 1262 onte
1666 1201 1813 1291 portam

382 1318 571 1408 Latinam,
597 1345 672 1424 que
692 1314 765 1393 iuit
783 1316 944 1422 septima
966 1315 1048 1394 dies
1063 1315 1205 1394 mensis
1223 1315 1331 1406 maii,
1357 1330 1616 1394 convenerunt
1633 1313 1674 1390 in
1698 1315 1813 1392 domo

381 1447 550 1554 predicta
572 1445 718 1524 domini
738 1447 838 1523 Petri
862 1446 910 1524 de
931 1445 1139 1536 Sabaudia,
1161 1443 1294 1553 prelati
1316 1444 1462 1532 domini
1483 1445 1737 1524 Narbonensis
1755 1473 1814 1520 ar·

381 1577 659 1684 chiepiscopus,
687 1575 919 1654 Mimatensis
939 1593 976 1654 et
996 1576 1274 1654 Lemovicensis
1299 1576 1480 1683 episcopi,
1504 1577 1680 1654 Mothous
1699 1591 1738 1653 et
1757 1603 1815 1652 ar-

382 1707 627 1786 chidiaconus
643 1704 909 1798 Tridentinus,
933 1724 971 1784 et
987 1705 1144 1785 fuerunt
1159 1707 1312 1784 adducti
1334 1735 1402 1814 pro
1421 1706 1583 1785 testibus
1600 1705 1648 1784 ad
1665 1733 1816 1812 presan·

382 1837 479 1914 ciam
494 1836 718 1914 eorumdem
735 1834 867 1914 fratres
882 1837 1003 1944 Hugo¹
1018 1837 1066 1914 de
1085 1839 1220 1914 Narrac
1243 1854 1440 1944 preceptor
1460 1837 1507 1914 de
1521 1837 1704 1944 Esponeis
1722 1838 1816 1912 Xan·

382 1967 572 2059 tenensis,
602 1965 833 2046 Guillelmus
858 1966 905 2043 de
924 1967 1105 2075 Sermoya
1130 1967 1446 2076 Engolismensis,
1468 1969 1601 2047 Petrus
1626 1967 1673 2044 de
1698 1966 1815 2044 Nobi-

383 2097 479 2175 lioco
496 2096 783 2187 Lemovioensis,
804 2096 1034 2177 Guillelmus
1051 2097 1257 2177 Audeberti
1272 2099 1597 2207 Petregoricensis,
1620 2098 1747 2176 Helias
1766 2097 1815 2175 de

384 2227 526 2308 chaeac
555 2227 645 2307 alias
675 2227 798 2305 dictus
829 2228 973 2322 Cotati,
1001 2231 1134 2306 Petrus
1160 2229 1206 2306 de
1228 2229 1409 2324 Vernhia,
1436 2248 1474 2308 et
1500 2232 1633 2308 Petrus
1659 2227 1814 2307 Geraldi

383 2357 473 2473 alies
489 2358 612 2438 dictus
627 2358 675 2438 de
688 2358 909 2451 Meleduno,
921 2360 1172 2438 Xantonensis
1188 2359 1408 2450 diocesium,
1419 2361 1633 2454 servientes,
1648 2359 1752 2438 missi
1769 2361 1815 2437 ad

383 2489 675 2596 requisicionem
701 2489 892 2569 dictorum
918 2491 1162 2568 dominorum
1184 2492 1529 2570 commissariorum
1550 2520 1621 2599 per
1640 2518 1815 2570 reveren-

385 2620 479 2698 dum
500 2621 540 2697 in
557 2619 708 2698 Christo
729 2637 872 2729 patrem
895 2621 1096 2700 dominum
1117 2620 1356 2715 Guidooem,
1372 2624 1444 2701 Dei
1459 2622 1581 2732 gracia
1596 2623 1815 2731 episcopum

385 2751 686 2837 Xantonensem,
703 2779 789 2827 curn
811 2751 894 2858 ejus
913 2750 1058 2838 litteris,
1077 2778 1241 2858 quarum
1259 2769 1372 2830 tenor
1390 2753 1548 2832 inferius
1564 2771 1623 2832 est
1640 2753 1813 2832 insertus.

386 2881 479 2976 Qui,
498 2883 606 2960 tactis
626 2881 869 2960 sacrosanctis
881 2880 1108 2991 Evangeliis,
1121 2881 1344 2989 juraverunt
1361 2883 1486 2962 dicere
1507 2886 1547 2960 in
1565 2884 1637 2962 isto
1658 2887 1815 2994 negocio

385 3011 538 3117 plenam
558 3030 596 3090 et
617 3040 761 3090 meram
780 3013 993 3102 veritatem,
1018 3013 1228 3090 secundum
1252 3013 1410 3092 formam
1429 3015 1633 3124 juramenti
1653 3014 1814 3094 aliorum

385 3142 543 3220 testium
569 3143 744 3249 superius
771 3143 1026 3252 registratam,
1060 3144 1265 3250 expositam
1296 3161 1333 3223 et
1362 3145 1626 3252 vulgaritatem
1657 3145 1813 3225 eisdem.

386 3274 474 3368 Quo
496 3274 715 3382 juramento
742 3289 913 3379 recepto,
938 3273 1063 3351 dictus
1088 3274 1266 3352 dominus
1294 3275 1611 3383 archiepiscopus,
1640 3305 1816 3356 excusans

386 3430 426 3480 se
447 3419 490 3480 ut
509 3432 637 3509 supra,
661 3403 824 3483 recessit.
841 3405 971 3482 Tenor
986 3433 1075 3482 vero
1091 3405 1277 3484 dictarum
1292 3405 1504 3484 litterarum
1521 3406 1606 3486 talis
1621 3423 1699 3485 est:
1719 3411 1816 3487 «Re-

387 3534 560 3612 verendis
580 3533 619 3612 in
640 3534 791 3612 Christo
811 3534 981 3642 patribus
1006 3565 1047 3611 ac
1068 3536 1233 3614 dominis
1254 3536 1526 3643 spiritualibus,
1554 3537 1719 3616 dominis
1745 3539 1814 3616 Dei

386 3665 627 3771 providencia
656 3664 936 3773 archiepiscopo
965 3667 1220 3757 Narbonensi,
1253 3669 1510 3746 Lemovicensi
1537 3685 1575 3746 et
1600 3668 1811 3748 Mimatensi

387 3796 588 3904 episcopis,
615 3827 658 3875 ac
682 3797 846 3875 dominis
868 3797 1021 3876 Matheo
1045 3799 1091 3876 de
1117 3799 1272 3906 Neapoli
1297 3800 1399 3877 sedis
1426 3800 1629 3908 apostolice
1649 3801 1813 3890 notario,

388 3929 540 4036 majoris
563 3927 682 4007 Caleti
704 3929 1017 4036 Rothomagensis
1046 3946 1083 4006 et
1110 3931 1272 4010 iohanni
1298 3931 1346 4008 de
1372 3933 1525 4010 Mantua
1552 3933 1696 4010 domini
1719 3934 1814 4040 Pape

389 4057 582 4163 capellano
602 4057 826 4135 Tridentino
847 4058 1088 4136 ecclesiarum
1110 4061 1391 4154 archidiaconis,
1413 4062 1554 4154 Guido,
1571 4063 1641 4141 Dei
1661 4064 1817 4172 permis·

389 4188 493 4265 sione
520 4187 674 4266 ecclesie
700 4186 950 4266 Xantoneusis
976 4188 1160 4281 minister,
1183 4219 1268 4269 cum
1295 4193 1399 4270 muni
1420 4193 1642 4272 obediencia
1668 4210 1705 4271 et
1726 4194 1816 4271 sub-

385 4318 569 4425 jectione,
596 4345 636 4396 se
664 4317 800 4424 ipsum.
836 4319 944 4396 Juxta
974 4337 1180 4398 vostrarum
1208 4323 1343 4400 seriem
1377 4323 1605 4412 litterarum,
1638 4351 1732 4432 quus
1756 4324 1816 4401 die

389 4449 546 4528 Veneris
560 4465 647 4557 post
664 4449 835 4527 octabam
856 4451 994 4530 Pasche
1013 4453 1228 4558 recepimus
1243 4455 1336 4532 circa
1357 4455 1447 4533 solis
1466 4483 1674 4548 occassum,
1696 4473 1816 4534 vestre

389 4580 576 4658 mittimus
596 4582 807 4659 reverencie
832 4599 976 4689 septem
998 4584 1252 4693 Templarios',
1276 4616 1372 4694 quos
1397 4587 1445 4666 de
1465 4587 1615 4694 speciali
1641 4587 1815 4666 mandato

389 4710 536 4789 domini
556 4713 673 4789 nostri
695 4715 834 4791 summi
856 4714 1046 4820 pontificis
1073 4717 1314 4808 tenebamus3
1342 4720 1420 4796 duo
1447 4747 1550 4808 vero,
1576 4719 1642 4826 qui
1669 4719 1816 4797 diucius

352 4915 358 4921 .
389 4843 532 4922 infirmi
547 4843 776 4952 periculosse
791 4843 961 4936 luerunt,
978 4863 1133 4954 propter
1148 4847 1414 4955 impotenciam
1434 4859 1712 4939 remanserunt,
1730 4851 1816 4959 quia
