4242 5890
521 543 528 554 ·
714 528 1032 619 Pnocssuns
1063 547 1364 621 Tuurnrsns.
1538 543 1543 548 ·
1680 552 1753 626 325

382 691 476 768 Item
486 687 601 766 frater
612 685 832 794 Arnnlphus
844 686 892 764 de
907 685 1083 764 Fontanis
1098 687 1230 765 subtus
1245 688 1415 766 Montem
1429 686 1634 778 Desidmii,
1651 690 1758 767 etatis

325 820 509 927 sexaginta
529 845 717 897 annorum
733 817 792 896 vel
816 817 928 905 circa,
952 817 1098 924 juratus
1119 819 1254 896 eodem
1283 816 1458 895 modoet
1482 817 1684 924 requis'itus
1709 820 1756 897 de

325 969 494 1057 tempore
511 967 548 1028 et
562 949 678 1026 modo
692 975 759 1026 sue
774 947 1023 1055 recepcionis‚
1046 947 1139 1026 dixit
1160 977 1228 1054 per
1242 949 1502 1056 juramentum
1521 977 1632 1026 suum
1653 949 1758 1056 quod

325 1081 397 1160 luit
418 1098 588 1187 receptus
606 1079 705 1187 apud
726 1078 971 1167 Soissiacum,
993 1078 1089 1158 circa
1108 1079 1249 1176 instans
1269 1078 1407 1159 festum
1426 1078 1558 1158 Crucis
1573 1077 1756 1158 celebrate

326 1227 438 1294 erunt
457 1210 674 1317 quindecim
695 1208 801 1298 anni,
826 1236 894 1315 per
917 1209 1069 1287 fratrem
1092 1209 1303 1288 lobannem
1329 1210 1377 1289 de
1404 1211 1536 1287 Turno
1566 1209 1758 1288 thesaura-

325 1341 424 1420 rium
443 1341 702 1419 Parisiensem.
719 1338 820 1418 Dixit
842 1339 959 1424 eciam
975 1369 1044 1446 per
1053 1339 1310 1446 juramentum
1326 1369 1436 1419 suum
1456 1341 1559 1447 quod
1574 1369 1643 1447 per
1655 1368 1759 1420 rece-

325 1489 470 1578 ptorem
487 1499 598 1548 suum
615 1469 687 1548 suit
701 1469 771 1547 sibi
787 1486 935 1546 ostensa
954 1469 1119 1577 quedam
1135 1499 1223 1548 crux
1241 1471 1282 1547 in
1302 1499 1377 1577 qua
1394 1486 1472 1548 erat
1490 1498 1624 1578 ymago
1641 1472 1758 1550 lhesu

325 1603 462 1684 Christi
475 1603 588 1710 picta;
605 1619 643 1680 et
654 1601 747 1680 dixit
755 1627 824 1707 per
828 1601 1084 1708 juramentum
1093 1629 1204 1678 suum
1217 1601 1319 1706 quod
1335 1601 1458 1679 dictus
1472 1602 1657 1708 recipiens
1670 1601 1760 1679 lecit

325 1734 450 1840 ipsum
467 1735 611 1812 dictum
624 1731 780 1809 lhesum
794 1731 986 1810 Christum
1003 1729 1187 1839 abnegare
1199 1747 1258 1808 ter
1273 1747 1311 1807 et
1322 1746 1380 1808 ter
1391 1759 1526 1836 spuere
1547 1759 1658 1839 supra
1672 1761 1757 1810 cru-

325 1893 420 1942 cem.
449 1864 551 1942 Dixit
576 1862 695 1940 eciam
720 1889 789 1968 per
805 1861 1064 1968 juramentum
1091 1889 1202 1940 suum
1226 1861 1333 1967 quod
1355 1860 1566 1968 injunctum
1590 1861 1661 1939 fuit
1685 1862 1757 1941 sibi

327 1995 433 2100 quod
446 1993 652 2070 abstineret
662 2019 702 2070 se
714 2021 734 2068 a
744 1991 985 2082 mulieribus,
997 2009 1035 2069 et
1049 1991 1308 2071 commisceret
1319 2017 1359 2067 se
1376 2020 1463 2068 cum
1474 1990 1650 2070 fratribus
1661 1993 1754 2082 suis,

327 2124 358 2200 si
376 2124 577 2230 indigeret.
592 2122 811 2230 Requisitus
826 2138 954 2200 utrum
965 2123 1017 2212 vi,
1030 2121 1088 2198 vel
1102 2137 1208 2198 metu
1224 2119 1379 2198 carceris
1393 2119 1451 2198 vel
1461 2116 1754 2214 tormentorum,

331 2254 493 2360 aliquam
517 2253 651 2330 dixerit
675 2251 873 2328 falsitatem
892 2251 951 2328 vel
976 2251 1222 2346 immiscuerit
1240 2250 1279 2327 in
1304 2251 1542 2355 deposicione
1562 2281 1643 2342 sua,
1664 2254 1757 2331 dixit

327 2412 394 2491 per
409 2384 666 2490 juramentum
682 2409 793 2458 snum
813 2380 918 2487 quod
937 2406 1032 2466 non;
1051 2378 1168 2456 immo
1184 2377 1279 2456 dixit
1296 2379 1499 2459 veritatem.

384 2646 471 2724 Acta
494 2645 647 2722 fuerunt
667 2642 739 2722 hec
764 2671 884 2731 auno„
899 2643 1107 2734 indicione,
1133 2669 1278 2734 mense,
1306 2643 1385 2734 die,
1400 2643 1635 2750 pontificatu,
1658 2672 1755 2722 anno

329 2793 366 2853 et
381 2776 464 2854 loco
485 2773 679 2882 predictis,
705 2773 942 2880 presentibus
961 2772 1073 2851 fratre
1090 2773 1263 2852 iohanne
1285 2775 1332 2852 de
1352 2773 1483 2852 Ruella
1506 2774 1650 2852 ordinis
1673 2775 1758 2852 Pre-

329 2905 555 2993 dicatorum,
569 2902 761 3010 'magistris
781 2901 985 3009 Reginaldo
1011 2901 1059 2979 de
1079 2901 1298 3008 Albigniaco
1318 2903 1541 2981 Bituricensi
1562 2904 1757 2997 canonico,

328 3033 533 3114 Guillelmo
559 3034 605 3110 de
628 3032 804 3139 Choques
826 3033 903 3110 cive
934 3030 1148 3120 Parisiensi‚
1178 3049 1216 3110 et
1241 3030 1415 3138 pluribus
1439 3032 1521 3110 aliis
1551 3032 1695 3111 clericis
1722 3050 1759 3111 et

328 3166 449 3254 laicis,
476 3163 635 3244 testibus
655 3165 705 3241 ad
724 3162 798 3242 hoc
816 3161 953 3240 vocatis
974 3159 1184 3267 specialiter
1198 3179 1235 3240 et
1253 3163 1402 3269 rogatis.
1535 3241 1539 3250 ,

385 3427 432 3502 Et
453 3451 522 3531 ego
537 3423 701 3501 Amisius
726 3423 775 3500 de
789 3422 992 3502 Aureliano
1011 3425 1133 3502 dictus
1152 3423 1187 3501 le
1206 3423 1307 3502 Ratis
1309 3485 1317 3513 ‚
1339 3425 1512 3514 clericus,
1530 3443 1759 3504 sacrosancte

330 3559 495 3634 Romane
516 3553 674 3632 ecclesie
694 3551 913 3632 auctoritate
941 3554 1109 3635 notarius
1135 3553 1325 3661 publicus,
1350 3555 1540 3660 premissis
1559 3554 1760 3634 consessio-

330 3685 441 3762 nibus
457 3701 495 3760 et
510 3683 688 3762 omnibus
710 3683 792 3760 aliis
812 3701 849 3760 et
869 3683 1043 3790 singulis,
1062 3703 1176 3792 prout
1198 3685 1238 3762 in
1262 3685 1425 3790 presenti
1451 3701 1549 3762 carta
1564 3711 1630 3764 seu
1655 3684 1760 3792 pecie

331 3831 369 3891 et
397 3812 688 3920 precedentibus
716 3813 824 3920 signo
850 3841 937 3891 meo
964 3815 1118 3921 signatis
1144 3815 1395 3903 continentur,
1426 3843 1605 3892 unacum
1632 3842 1761 3921 supra·

330 3945 476 4050 scriptis
490 3944 649 4024 testibus
665 3960 703 4022 et
716 3943 901 4052 magistris
914 3944 1086 4023 Johanne
1099 3943 1148 4022 de
1162 3945 1324 4021 Pruvino
1343 3959 1380 4021 et
1395 3943 1535 4022 tacoho
1551 3944 1600 4022 de
1610 3943 1759 4024 Virtute

331 4076 485 4154 notariis
510 4074 687 4182 publicis,
708 4100 862 4179 presens
882 4071 1051 4162 interfui,
1070 4089 1125 4163 et,
1154 4073 1202 4150 de
1222 4073 1396 4152 mandato
1411 4074 1567 4179 predicti
1583 4075 1759 4152 commis-

331 4204 434 4292 sarii,
453 4205 493 4280 in
509 4205 582 4282 boc
597 4205 844 4308 instrumento
857 4230 919 4279 me
931 4201 1133 4308 subscripsi
1146 4204 1185 4278 in
1194 4204 1451 4282 testimonium
1468 4205 1755 4311 premissorum,

221 4395 225 4400 .
330 4331 501 4438 illudque
521 4332 626 4438 signo
647 4358 734 4409 meo
754 4330 866 4410 solito
884 4333 1020 4438 signavi
1040 4349 1202 4438 rogatus.

387 4595 434 4672 Et
454 4619 523 4699 ego
544 4593 703 4672 lacobus
728 4592 775 4670 de
799 4592 948 4672 Virtuto
974 4592 1128 4671 clericus
1155 4594 1460 4673 Cathalaunensis
1489 4597 1663 4686 diocesis,
1690 4625 1759 4702 pu-

330 4723 452 4802 blicus
480 4721 662 4830 imperiali
697 4724 914 4829 auctoritate
943 4725 1126 4817 notarius,
1162 4727 1351 4832 premissis
1389 4726 1687 4806 confessionibus
1721 4744 1760 4802 et

332 4854 508 4932 omnibus
520 4853 601 4932 aliis
617 4871 654 4932 et
673 4852 845 4960 singulis,
864 4871 977 4960 prout
994 4855 1033 4932 in
1053 4857 1217 4961 presenti
1236 4873 1336 4936 carta
1355 4885 1422 4936 scu
1435 4857 1539 4963 pecia
1556 4875 1594 4936 et
1613 4855 1758 4934 duabus
