4208 5886
679 501 874 634 ruocns
906 521 1003 594 ons
1035 520 1341 595 Taurumue.
1652 525 1717 595 191

295 676 537 740 correxerunt
550 687 615 738 eos
630 687 700 739 nec
713 663 1034 741 denunciaverunt
1048 663 1232 753 Ecclesie;
1248 689 1326 740 non
1343 678 1471 738 tamen
1486 658 1607 738 credit
1617 662 1724 768 quod

295 796 335 870 in
360 793 461 872 dicto
490 792 624 870 ordine
650 810 775 874 essent
802 821 959 872 errores.
982 793 1136 872 Audivit
1160 794 1236 872 dici
1260 793 1364 900 qnod
1390 818 1523 868 eorum
1548 793 1724 899 capitolia

296 923 391 1002 clem
401 924 628 1004 tenebantur
642 925 746 1031 apud
759 924 880 1016 Auso,
895 923 1012 1002 nullis
1024 925 1267 1031 presentibus
1281 923 1353 1000 nisi
1370 919 1552 1000 fratribus
1569 924 1726 1014 ordinis,

295 1056 498 1163 aliquando
513 1055 561 1132 de
580 1073 701 1134 nome.
721 1056 905 1135 Ordinato
921 1084 1183 1164 permagnum
1199 1055 1418 1162 Magistrum
1434 1082 1521 1130 cum
1536 1073 1722 1134 conventu

296 1204 474 1266 servasset
496 1204 598 1264 totns
622 1189 734 1280 ordo,
761 1205 890 1267 contm
914 1215 1030 1295 quem
1051 1215 1153 1266 nunc
1172 1185 1329 1295 grandia
1351 1183 1538 1274 scandala,
1560 1186 1723 1293 suspicio

297 1336 335 1396 et
351 1318 503 1396 infamia
534 1335 626 1396 sunt
640 1336 784 1408 exorta,
807 1337 847 1396 et
863 1336 989 1398 contra
1012 1347 1128 1426 quem
1149 1315 1293 1396 audivit
1313 1315 1387 1395 dici
1407 1343 1588 1423 magnum
1609 1318 1724 1425 Magi-

297 1467 416 1527 strum
432 1467 470 1527 et
487 1449 581 1528 alios
602 1449 726 1558 aliqua
739 1449 852 1528 luisse
869 1449 1077 1539 confessos,
1102 1449 1151 1524 nd
1164 1449 1271 1556 cujus
1284 1443 1432 1524 ordinis
1447 1444 1723 1524 deffensionem

296 1609 334 1656 se
353 1607 429 1656 non
450 1579 651 1658 obtulerat.

351 1712 568 1818 Requisitus
600 1713 632 1790 si
664 1711 719 1788 sic
755 1710 981 1817 deposuerat
1013 1737 1140 1816 prece,
1177 1721 1367 1816 precepto,
1402 1705 1555 1798 timore,
1576 1736 1721 1798 amore,

244 1831 247 1840 λ
296 1840 404 1930 odio,
424 1841 483 1916 vel
517 1839 715 1946 temporali
754 1841 915 1918 comodo
941 1841 1071 1918 habito
1095 1839 1151 1916 vel
1178 1837 1374 1930 habendo,
1400 1838 1595 1942 respondit
1616 1839 1723 1945 quod

296 1997 389 2058 non,
426 1971 493 2048 sed
531 1997 600 2075 pro
638 1971 791 2048 veritate
826 1969 1007 2058 dicenda,
1045 1971 1107 2048 cui
1139 1969 1211 2046 fuit
1243 1967 1457 2075 injunctum
1494 1968 1598 2074 quod
1645 1997 1723 2046 non

295 2099 476 2178 revelaret
500 2099 596 2176 hanc
616 2123 722 2177 suam
744 2099 1043 2212 deposicionem,
1076 2127 1276 2206 quousque
1303 2097 1564 2176 attestaciones
1581 2096 1724 2176 fuerint

294 2230 495 2335 publicato.

351 2361 440 2438 Aeta
470 2359 625 2438 fuenmt
648 2360 720 2438 hec
743 2360 853 2440 dictis
875 2361 939 2440 die
967 2380 1005 2440 et
1032 2360 1134 2452 loco,
1160 2371 1336 2468 presente
1363 2359 1540 2468 magistro
1562 2358 1722 2452 Amisio,

296 2509 447 2599 excepta
475 2491 611 2572 ultima
639 2491 898 2599 deposicione,
921 2493 982 2569 cni
1011 2521 1089 2570 non
1117 2491 1303 2580 interfuit,
1333 2507 1373 2568 et
1400 2491 1639 2596 presentibus
1661 2519 1722 2568 me

294 2623 324 2698 F
326 2622 550 2702 loriamonte
570 2622 790 2715 Dondedei,
811 2623 1005 2701 Bernardo
1026 2621 1166 2712 Filioli,
1189 2620 1395 2700 Guillelmo
1415 2620 1618 2728 Radulpbi,
1641 2623 1724 2700 Ber·

296 2754 415 2830 nardo
435 2747 639 2831 Humbaldi
660 2770 699 2830 et
718 2755 829 2858 Hugo
848 2751 989 2832 Nicolai
1015 2753 1171 2830 notoriis
1190 2751 1425 2859 supradictis.

353 3016 441 3092 Post
470 3014 558 3106 bec,
594 3013 657 3092 die
682 3014 790 3092 Lune
819 3030 904 3118 post
934 3013 1084 3094 octabas
1111 3013 1271 3104 Pascbe,
1298 3043 1372 3122 qne
1405 3014 1478 3092 fuit
1503 3039 1603 3094 xvim
1632 3014 1721 3091 dicti

297 3145 436 3222 mensis
455 3143 600 3250 aprilis,
630 3161 886 3222 convenerunt
920 3136 1010 3222 dieti
1044 3144 1191 3222 domini
1220 3142 1453 3222 Mimatensis
1487 3161 1525 3221 et
1551 3145 1724 3222 Lemovi-

295 3275 416 3350 censis
439 3272 626 3378 episcopi,
653 3273 827 3350 Matbeus
846 3289 885 3350 et
909 3272 1196 3351 archidiaconns
1224 3273 1489 3364 Tridentinus,
1511 3273 1592 3350 aliis
1611 3301 1723 3381 supra

297 3401 495 3492 excusatis,
521 3403 562 3480 in
587 3402 704 3482 domo
730 3401 898 3508 predicta
917 3402 1063 3480 domini
1084 3403 1183 3480 Petri
1204 3402 1252 3480 de
1273 3403 1478 3492 sabaudia,
1506 3421 1544 3480 et
1568 3401 1724 3482 suerunt

297 3519 440 3610 ibidem
462 3532 615 3609 adducti
630 3559 701 3638 pro
717 3530 892 3621 testibus,
911 3532 958 3608 ad
978 3512 1211 3638 presenciam
1232 3533 1622 3622 eorumdem,f1atres
1635 3534 1723 3611 Rar-

294 3663 512 3741 tholomeus
530 3663 703 3742 Bocherii
717 3662 844 3754 miles,
870 3663 1113 3742 Carnotensis
1131 3661 1308 3753 diocesis,
1323 3664 1393 3769 qui
1413 3680 1523 3740 natus
1539 3661 1665 3740 suerat
1683 3665 1722 3740 in

298 3791 434 3870 diocesi
453 3792 702 3882 Ruthenensi‚
722 3809 761 3870 et
775 3791 996 3899 badulphus
1012 3791 1169 3872 Louveti
1185 3792 1364 3882 serviem,
1383 3792 1621 3870 Ebroicensis
1641 3793 1723 3871 dio·

297 3925 406 4015 cesis,
433 3924 519 4031 qui,
547 3925 653 4002 tactis
677 3923 919 4002 sacrosanctis
937 3923 1165 4031 Evangeliis,
1188 3926 1411 4033 juraverunt
1434 3925 1559 4002 dicere
1584 3923 1624 4000 in
1650 3923 1721 4002 isto

296 4055 453 4160 negocio
478 4055 629 4162 plenam
650 4071 689 4133 et
709 4083 853 4134 merum
872 4055 1085 4142 veritatem,
1107 4055 1320 4132 secundum
1340 4054 1499 4136 formam
1514 4055 1720 4164 juramenti

296 4183 457 4262 eliorum
486 4186 641 4264 testium
669 4187 844 4292 superius
871 4186 1127 4293 registratem,
1158 4186 1362 4292 expositam
1393 4205 1431 4264 et
1460 4185 1720 4294 vulgarinatem

295 4313 453 4392 eisdem.

353 4576 441 4670 Quo
457 4575 572 4670 facto,
588 4577 711 4656 dictus
732 4577 845 4656 frater
859 4573 1170 4670 bartholomeus,
1189 4605 1268 4658 non
1287 4579 1480 4660 defferens
1493 4581 1719 4660 mantellum

296 4706 455 4796 ordinis,
475 4707 566 4814 quia
584 4708 709 4814 ipsum
729 4707 935 4787 voluntarie
957 4708 1149 4788 dimiserat
1175 4711 1290 4788 tercia
1311 4710 1374 4788 die
1394 4728 1480 4818 post
1499 4713 1718 4819 capcionem

296 4865 417 4928 snam,
440 4854 478 4913 et
496 4837 577 4916 radi
598 4837 735 4916 lecerat
754 4837 824 4916 sibi
845 4837 1019 4931 barbam,
1040 4839 1303 4946 sexagenarius
1322 4839 1381 4918 vel
1401 4841 1513 4932 circa,
1536 4871 1623 4920 cum
1640 4869 1717 4947 quo
