4242 5890
374 523 447 596 ssa
760 504 955 596 raucas
982 523 1077 596 uas
1102 521 1399 596 Taurumue.

372 666 410 740 in
427 692 502 771 qua
519 680 596 786 erat
610 691 741 772 ymago
760 664 896 742 Jbesus
912 662 1094 768 crucifixig
1110 663 1175 770 qui
1192 663 1286 741 dixit
1300 665 1335 740 ei
1353 661 1458 769 quod
1472 661 1672 770 abnegaret
1686 663 1792 742 illum

370 795 476 901 cujus
496 812 574 870 erat
591 822 742 900 ymago,
760 795 850 872 etin
871 794 1047 899 despectu
1062 793 1163 870 illius
1182 810 1333 898 spueret
1346 811 1405 870 ter
1425 821 1535 898 supra
1549 821 1696 872 munem
1707 825 1717 869 ε
1728 797 1790 901 qui

370 924 564 1030 abnegavit
586 922 704 999 semel
727 951 809 1011 ore,
832 924 900 1001 sed
920 951 995 1000 nou
1015 922 1145 1010 corde,
1167 940 1203 999 et
1222 923 1323 1028 spuit
1341 940 1400 1000 ter
1417 950 1529 1029 supra
1547 953 1711 1002 crucem.

424 1055 518 1129 Item
536 1053 748 1158 recognovit
770 1053 874 1159 quod
897 1053 996 1130 vovit
1022 1052 1211 1130 continere
1236 1081 1258 1127 a
1279 1051 1515 1142 mutieribus,
1540 1053 1608 1130 sed
1629 1055 1792 1162 precepit

370 1182 492 1259 dictus
510 1182 692 1287 recipiens
707 1211 775 1260 seu
793 1181 1045 1260 thesaurarius
1059 1181 1180 1288 quod,
1195 1182 1226 1260 si
1238 1198 1485 1286 temptaretur
1504 1183 1707 1271 carnaliter,
1726 1213 1792 1290 po-

369 1328 464 1388 terat
482 1311 716 1388 commisceri
735 1340 819 1389 cum
840 1311 1017 1389 fratribus
1036 1311 1126 1388 dicti
1146 1311 1306 1404 ordinis,
1329 1328 1368 1388 et
1386 1311 1562 1390 exhibere
1582 1342 1622 1390 se
1642 1313 1738 1403 eliis,
1758 1315 1789 1390 si

368 1469 481 1546 super
499 1440 571 1518 hoc
590 1441 846 1546 requireretur
860 1441 908 1519 ab
923 1443 1066 1520 eisdem
1082 1474 1091 1518 :
1109 1469 1302 1547 nunquam
1319 1459 1444 1518 tamen
1465 1441 1538 1520 hoc
1557 1442 1628 1521 sibi
1647 1443 1788 1522 accidit.

367 1573 414 1647 Et
427 1571 518 1649 dixit
529 1573 634 1678 quod
649 1572 837 1650 osculatus
854 1571 927 1648 fuit
942 1571 1085 1649 dictum
1101 1572 1342 1678 recipientem
1357 1573 1479 1677 primo
1495 1573 1628 1663 inore,
1646 1591 1786 1680 postea,

366 1701 536 1780 revoluto
558 1702 841 1807 supertunicali,
863 1705 901 1778 in
921 1701 1100 1780 umbilico
1119 1731 1233 1808 super
1247 1703 1412 1780 tunicam
1427 1703 1544 1808 ipsius
1557 1702 1787 1780 thesaurarii.

367 1832 413 1906 Et
432 1831 526 1907 dixit
543 1832 647 1938 quod
662 1861 705 1909 aa
720 1859 794 1938 que
811 1832 986 1936 deposuit
998 1850 1084 1910 sunt
1096 1859 1199 1918 vera,
1216 1860 1285 1908 nec
1302 1849 1456 1938 propter
1469 1849 1613 1910 metum
1627 1833 1789 1940 aliquem

366 1961 422 2038 vel
442 1961 510 2038 alia
531 1961 578 2039 de
598 1991 708 2040 causa
728 1962 917 2068 deposuit,
935 1963 1003 2040 sed
1023 1991 1091 2067 pro
1111 1962 1228 2040 salute
1248 1961 1372 2040 anime
1392 1989 1471 2038 sne.

421 2223 515 2297 Item
537 2220 650 2296 frater
672 2219 810 2298 Michel
835 2220 882 2295 de
902 2219 1003 2308 Fles,
1021 2220 1168 2326 juratus
1191 2237 1378 2326 utsupra,
1398 2223 1506 2300 etatis
1525 2223 1790 2330 quinquaginta

366 2368 525 2456 quatuor
544 2377 728 2426 annorum
743 2349 800 2426 vel
819 2349 976 2436 circiter,
998 2366 1041 2425 ut
1056 2350 1219 2438 dicebat,
1240 2350 1443 2455 requisitus
1455 2380 1524 2456 per
1534 2351 1790 2458 juramentum

365 2508 475 2558 suum
487 2497 669 2585 utsupra,
685 2479 890 2584 dicitquod
901 2477 976 2554 luit
995 2496 1168 2585 receptus
1183 2497 1270 2558 sunt
1282 2479 1410 2584 viginti
1424 2480 1501 2558 duo
1515 2481 1601 2556 anni
1621 2481 1660 2556 in
1676 2482 1789 2560 domo

365 2613 414 2688 de
440 2613 607 2718 Druerya
631 2609 893 2688 Ambianensis
919 2609 1094 2696 diocesis,
1126 2637 1195 2714 per
1219 2607 1371 2686 fratrem
1389 2608 1608 2687 Guiardum·
1624 2610 1673 2688 de
1692 2612 1789 2690 Can-

364 2769 474 2850 noys,
502 2740 550 2818 de
574 2741 749 2818 mandato
769 2737 892 2820 fratris
917 2738 1098 2816 lobannis
1116 2739 1165 2816 de
1187 2740 1320 2816 Turno
1343 2756 1434 2816 tunc
1451 2739 1690 2829 thesaurarii,
1712 2770 1790 2848 pre·
1850 2845 1854 2852 ἡ

364 2870 532 2948 sentibus
546 2867 938 2974 fratribusRadulpho
959 2867 1061 2946 dicto
1076 2871 1241 2976 Moyses,
1264 2867 1468 2948 Gnillelmo
1489 2871 1588 2947 dicto
1602 2870 1638 2948 le
1659 2872 1787 2979 Biyes,

365 3002 431 3109 qui
458 2999 581 3078 adbuc
598 3000 702 3090 vivit,
727 3017 772 3076 ut
795 2999 931 3090 credit,
961 3017 998 3076 et
1017 2999 1195 3106 pluribus.
1210 2999 1290 3077 aliis
1310 3001 1390 3107 jam
1410 2998 1614 3090 defunctis3
1641 3020 1679 3080 et
1701 3001 1790 3080 dicit

364 3132 484 3238 quod,
501 3148 584 3237 post
598 3130 733 3209 multas
751 3130 1019 3237 promissiones
1041 3131 1088 3209 de
1111 3129 1358 3208 observanciis
1378 3128 1468 3206 dicti
1489 3129 1650 3221 ordinis,
1671 3148 1709 3208 et
1729 3159 1788 3208 re·

364 3279 472 3368 cepto
493 3261 687 3352 mantello,
710 3262 898 3340 osculatus
917 3261 989 3339 fuit
1010 3261 1255 3368 recipientem
1275 3261 1398 3367 primo
1423 3261 1566 3350 inore,
1591 3260 1729 3338 deinde
1749 3263 1788 3336 in

364 3389 544 3494 umbilico
564 3393 669 3470 nudo
685 3409 723 3468 et
739 3419 814 3468 non
835 3390 936 3468 alibi.

419 3523 513 3599 Item
533 3539 698 3628 aportata
722 3519 793 3598 Iuit
817 3521 869 3599 ihi
886 3523 1050 3627 quedam
1067 3549 1171 3609 crux,
1192 3519 1259 3597 sed
1283 3548 1361 3598 non
1388 3520 1521 3598 recolit
1540 3537 1667 3596 uuum
1693 3540 1788 3598 esset

363 3650 415 3728 ibi
436 3649 559 3758 aliqua
581 3678 716 3758 ymago
735 3649 794 3728 vel
814 3679 907 3742 non,
931 3668 969 3728 et
987 3650 1076 3730 fecit
1094 3679 1182 3728 eum
1207 3649 1555 3756 abnegarecrucem
1569 3666 1627 3726 ter
1649 3666 1688 3726 et
1707 3679 1787 3728 cru·

364 3779 597 3870 chinonem,
628 3799 665 3858 et
688 3809 822 3886 spuere
846 3800 905 3859 ter
930 3811 1042 3887 supra
1069 3809 1151 3858 eam
1173 3810 1182 3854 ε
1204 3809 1395 3888 nunquam
1420 3779 1566 3888 negavit
1590 3778 1720 3866 corde,
1747 3799 1788 3856 ut

363 3911 463 3989 dicit.

418 4044 510 4118 Item
539 4042 756 4149 recognovit
776 4041 880 4148 quod
904 4041 1003 4120 vovit
1025 4042 1213 4120 continere
1238 4041 1518 4120 amulieribus.
1548 4042 1639 4120 Fuit
1665 4059 1787 4118 tamen

364 4171 488 4248 eidem
507 4171 650 4248 dictum
669 4172 773 4278 quod
792 4171 822 4248 si
847 4170 944 4249 forte
964 4189 1177 4249 moveretur
1196 4172 1403 4259 carnaliter,
1424 4171 1530 4278 quod
1548 4171 1691 4250 licitum
1709 4191 1788 4250 erat

364 4303 398 4378 ei
420 4303 653 4380 commisceri
674 4330 759 4380 cum
779 4300 954 4380 fratribus
974 4301 1065 4379 dicti
1085 4301 1241 4380 ordinis.
1259 4301 1474 4409 Requisitus
1489 4303 1537 4379 de
1552 4299 1678 4410 ydola,
1696 4301 1787 4380 dicit

363 4432 468 4539 quod
491 4431 606 4510 nichil
626 4433 704 4510 scit.
725 4432 824 4510 Dicit
849 4432 966 4510 eciam
988 4433 1094 4538 quod
1119 4459 1161 4508 ea
1182 4460 1256 4537 que
1284 4432 1459 4536 deposuit
1481 4459 1565 4510 vera
1591 4450 1695 4521 sunt,
1717 4460 1787 4508 nec

324 4613 327 4620 ι
361 4579 516 4671 propter
532 4562 656 4670 aliqua
672 4580 873 4651 tormenta,
892 4590 961 4665 nec
975 4561 1046 4638 alia
1064 4561 1110 4640 de
1127 4589 1237 4640 causa
1253 4560 1428 4667 deposuit
1442 4591 1485 4640 ea
1498 4591 1573 4669 que
1592 4562 1783 4667 deposuit,

364 4694 431 4770 sed
440 4722 509 4799 pro
523 4693 641 4773 salute
658 4695 779 4772 anime
790 4722 869 4774 sue.
884 4692 1126 4771 Presentibus
1139 4693 1299 4771 testibus
1314 4692 1588 4800 supradictisac
1600 4691 1785 4802 religiosis

364 4825 449 4903 viris
461 4823 637 4904 fratribus
652 4825 849 4904 Lamberto
865 4823 912 4902 de
928 4824 1076 4913 Merdo,
1098 4823 1251 4903 Nicolao
1267 4823 1315 4900 de
1327 4824 1429 4902 Sicca
1442 4823 1554 4912 Villa,
1569 4823 1721 4902 Matheo
1737 4823 1786 4926 de
