4486 5890
481 547 549 616 172
871 523 1066 618 rnocts
1093 542 1187 615 ons
1212 539 1514 616 rnurnrnns

474 700 571 760 teste
596 709 709 789 supra
740 681 966 774 examinato,
995 681 1236 790 presentibus
1269 680 1447 760 iratribus
1476 681 1629 761 Matheo
1661 679 1709 758 de
1742 679 1907 759 Garucto

479 814 690 919 presbitero
725 829 763 890 et
788 811 997 892 Guillelmo
1031 813 1187 906 Barloti,
1227 813 1390 892 detentis
1419 812 1522 921 apud
1551 814 1730 893 Sanctum
1757 812 1908 890 Maxen-

479 943 580 1021 cium
599 943 823 1021 Pictavensis
842 942 1017 1032 diocesis,
1040 945 1152 1022 Petro
1175 942 1387 1022 laboratore
1416 943 1515 1020 dicte
1537 944 1674 1021 domus
1694 943 1743 1019 de
1760 941 1904 1033 Auson,

480 1076 637 1152 detento
668 1075 838 1166 Pictavis,
866 1074 1126 1154 servientibus.
1156 1075 1312 1155 Viderat
1341 1074 1461 1152 eciam
1490 1075 1606 1184 recipi
1638 1073 1772 1151 fratres
1799 1071 1906 1152 Guil-

478 1204 637 1282 lelmum
671 1203 814 1284 Gavant
840 1222 878 1282 et
897 1205 996 1284 duos
1015 1203 1109 1283 alios
1137 1205 1297 1297 milites,
1318 1234 1485 1312 quorum
1517 1206 1672 1284 nomina
1703 1219 1743 1282 et
1770 1231 1906 1310 cogno·

477 1335 580 1423 mina
606 1337 766 1442 ignorat,
796 1334 951 1413 insimul
979 1353 1018 1414 et
1038 1337 1172 1415 eodem
1196 1335 1330 1428 modo,
1357 1337 1396 1414 in
1421 1335 1562 1443 capella
1585 1335 1682 1412 dicte
1707 1333 1904 1412 domusde

479 1465 627 1551 Amen,
652 1482 742 1544 sunt
760 1466 906 1544 circiter
926 1491 1038 1546 xxvur
1063 1467 1166 1557 anni,
1195 1496 1262 1573 per
1285 1467 1439 1544 fratrem
1465 1466 1715 1547 Amblardum
1744 1463 1904 1542 militem

477 1597 686 1700 qnondam,
699 1597 1143 1704 preceptoremPictavie‚
1154 1596 1396 1703 presentibus
1411 1595 1807 1677 iratribusGuillelmo
1823 1597 1905 1674 Ber-

477 1729 599 1805 trandi
625 1744 664 1806 et
687 1726 862 1834 pluribus
887 1727 968 1805 aliis
993 1725 1206 1805 deffunctis.
1230 1727 1341 1816 Item,
1366 1727 1460 1805 dixit
1481 1729 1586 1834 quod
1605 1727 1705 1804 bene
1728 1725 1904 1804 credebat

477 1856 733 1936 ecclesiasticis
753 1857 1008 1950 sacramentis,
1031 1874 1070 1934 et
1088 1857 1210 1935 credit
1228 1859 1335 1964 quod
1354 1857 1416 1934 alii
1436 1856 1570 1936 iratres
1594 1857 1738 1936 ordinis
1766 1858 1901 1934 eodem

477 1986 593 2066 modo
612 1987 825 2078 crederent,
848 2005 886 2065 et
905 1988 1010 2096 quod
1031 2016 1162 2066 eorum
1181 1989 1393 2067 sacerdotes
1413 1988 1540 2067 debite
1566 1988 1810 2066 celebrarent.
1836 1987 1901 2063 lu-

476 2118 609 2194 rabant
627 2119 801 2198 ordinem
822 2146 899 2197 non
920 2119 1031 2196 exire.
1062 2119 1197 2197 Statim
1226 2148 1297 2226 pro
1319 2117 1495 2225 professis
1515 2118 1764 2197 habebantur.
1792 2117 1902 2196 Clan-

478 2248 623 2326 destine
639 2249 930 2356 recipiebantur,
964 2247 1081 2327 nullis
1101 2250 1341 2355 presentibus
1367 2249 1440 2326 nisi
1467 2248 1643 2328 iratribus
1677 2249 1832 2326 ordinis.
1862 2249 1900 2328 Si

477 2377 541 2484 qui
569 2396 675 2456 erant
701 2376 833 2456 iratres
860 2379 1020 2456 scientes
1045 2378 1193 2485 aliquos
1220 2407 1367 2458 errores
1401 2407 1482 2458 esse
1506 2380 1546 2456 in
1570 2379 1722 2465 ordine,
1747 2376 1902 2456 luerunt

479 2508 729 2616 negligentes,
745 2509 927 2616 quianon
945 2525 1188 2587 correxerunt
1209 2537 1273 2589 eos
1292 2537 1363 2586 nec
1383 2509 1706 2587 denunciaverunt
1724 2507 1899 2586 Ecclesie.

476 2637 736 2716 Helemosinas
756 2653 795 2715 et
814 2636 1219 2744 hospitalitatemvidit
1248 2639 1513 2717 convenienter
1542 2641 1624 2718 lieri
1650 2656 1688 2717 et
1707 2639 1844 2716 servari
1865 2642 1900 2716 in

477 2743 657 2846 domibus
683 2768 826 2845 ordinis
858 2768 896 2844 in
927 2767 1069 2874 quibus
1099 2769 1218 2847 extitit
1246 2786 1515 2859 commoratus,
1536 2786 1583 2847 et
1606 2769 1781 2877 capitulia
1807 2769 1899 2846 olam

477 2899 613 2986 teneri,
636 2895 750 2975 nullis
770 2897 1008 3005 presentibus
1025 2897 1095 2976 nisi
1116 2895 1294 2976 iratribus
1318 2898 1481 2990 ordinis,
1502 2916 1589 3006 post
1606 2900 1778 2988 missam,
1796 2899 1899 2977 valde

476 3027 714 3133 tempestive,
735 3044 779 3104 ut
796 3043 950 3134 possent
969 3027 1111 3133 absque
1132 3027 1320 3106 caloribus
1337 3029 1519 3134 equitare.
1540 3026 1722 3106 Ordinata
1740 3056 1810 3134 per
1824 3029 1899 3108 Ma-

476 3159 636 3264 gistrum
668 3187 754 3236 cum
784 3174 970 3235 conventu
1001 3175 1181 3236 servasset
1216 3175 1321 3236 totus
1360 3157 1471 3248 ordo,
1500 3175 1769 3265 contraquam
1801 3188 1899 3237 nunc

477 3289 632 3393 grandia
662 3287 849 3376 scandala,
872 3288 1035 3396 suspicio
1066 3305 1104 3366 et
1123 3288 1275 3367 infamia
1308 3305 1397 3366 sunt
1416 3305 1558 3376 exorta,
1581 3304 1620 3366 et
1638 3304 1766 3366 contra
1786 3319 1897 3397 quem

477 3419 620 3496 audivit
641 3420 715 3496 dici
729 3447 916 3528 magnum
937 3419 1156 3528 Magistrum
1176 3437 1215 3498 et
1243 3419 1336 3499 alios
1354 3418 1480 3528 aliqua
1503 3418 1618 3497 luisse
1638 3417 1844 3516 consessos;
1866 3439 1899 3498 et

477 3551 580 3627 ssevit
597 3549 764 3628 multum
797 3551 837 3627 in
868 3578 935 3628 sua
964 3549 1223 3656 deposicione,
1250 3566 1289 3627 et
1318 3549 1433 3656 peciit
1456 3550 1563 3656 quod
1589 3565 1687 3626 esset
1714 3547 1812 3628 salva
1831 3551 1897 3630 sibi

476 3683 548 3758 vita
562 3709 647 3774 sua,
665 3698 702 3760 et
718 3680 813 3760 dixit
830 3681 936 3789 quod
956 3680 1028 3758 alia
1048 3679 1171 3792 luerat
1189 3678 1382 3759 consessus
1402 3706 1527 3757 coram
1548 3678 1694 3758 officiali
1713 3679 1896 3786 predicto,

477 3830 515 3888 et
530 3812 634 3919 quod
654 3811 776 3890 luerat
794 3829 880 3890 ante
900 3828 1034 3890 tortus.

534 3943 750 4049 Requisitus
767 3944 797 4020 si
809 3943 862 4020 sic
874 3941 1100 4048 deposuerat
1115 3973 1243 4051 prece,
1260 3963 1449 4052 precepto,
1464 3946 1620 4035 timore,
1637 3974 1781 4038 amore,
1798 3947 1896 4036 odio,

477 4072 536 4149 vel
557 4071 754 4177 temporali
788 4073 950 4150 comodo
977 4072 1107 4151 habito
1132 4073 1191 4152 vel
1222 4075 1418 4164 habendo,
1446 4075 1642 4182 respondit
1670 4076 1775 4183 quod
1806 4105 1896 4163 non,

478 4205 543 4282 sed
572 4231 640 4310 pro
669 4203 822 4282 veritate
848 4201 1023 4294 dicenda;
1055 4205 1116 4282 cui
1148 4202 1220 4283 luit
1244 4206 1458 4314 injunctum
1488 4205 1594 4314 quod
1616 4234 1693 4284 non
1721 4207 1901 4286 revelaret

479 4336 576 4412 hanc
592 4362 696 4412 suam
707 4334 989 4441 deposicionem
1002 4355 1020 4425 ,⁴
1032 4363 1233 4444 quousque
1251 4335 1511 4416 attestaciones
1537 4335 1677 4414 suerint
1701 4336 1898 4444 publicata.

535 4597 664 4674 Frater
680 4595 812 4673 Petrus
832 4597 880 4674 de
899 4595 1066 4674 Turonis
1091 4596 1273 4686 serviens,
1299 4614 1501 4705 preceptor
1531 4596 1668 4675 domus
1686 4598 1836 4705 Templi
1857 4598 1903 4676 de

478 4727 508 4804 F
511 4741 615 4832 rotay
630 4726 863 4802 Turonensis
882 4724 1058 4814 diocesis,
1076 4725 1182 4804 testis
1200 4755 1313 4834 supra
1327 4726 1491 4834 juratus,
1514 4725 1738 4804 mantellum
1763 4729 1905 4806 ordinis

480 4875 518 4934 ct
532 4855 687 4933 barbam
709 4855 915 4947 defferens,
943 4856 1262 4964 quadragenarius
1288 4873 1373 4937 octo
1402 4885 1589 4936 annorum
1604 4857 1662 4936 vel
1686 4859 1798 4952 circa,
1817 4887 1902 4938 cum
