4210 5882
677 535 875 630 rnocns
900 555 996 629 nas
1021 555 1323 632 rnururuas.
1639 559 1712 631 ssr

290 713 328 776 et
347 696 517 774 discretis
543 697 629 774 viris
647 696 823 776 fratribus
850 699 1010 805 lingone
1037 697 1085 775 dc
1115 699 1283 788 Noalhis‚
1312 696 1520 778 Guillclmo
1544 698 1713 776 Durandi

289 826 431 907 ordinis
444 825 743 917 Predicatorum‚
763 827 941 934 magistro
960 828 1168 936 Reginaldo
1189 830 1238 907 de
1258 826 1474 937 Albigniaco
1500 844 1716 906 succentore

288 951 527 1050 Bituricensi',
550 973 588 1036 ct
607 958 763 1037 domino
781 961 941 1065 Hugone
962 958 1010 1035 de
1030 957 1134 1038 Cella
1159 958 1296 1047 milite,
1317 957 1478 1036 testibus
1499 957 1547 1035 ad
1566 957 1636 1036 hec
1655 986 1718 1034 vo·

287 1089 381 1166 catis
407 1105 446 1166 et
469 1089 621 1196 rogatis.

274 1433 284 1452 .
346 1352 393 1428 Et
412 1378 483 1457 ego
496 1351 645 1428 Euenus
658 1349 756 1428 Phili
774 1349 823 1428 dc
839 1350 973 1428 Sancto
992 1350 1136 1428 Nicasio
1156 1349 1314 1428 clericus
1328 1349 1617 1455 Corisopitensis
1637 1349 1720 1426 dio-

292 1481 401 1570 cesis,
422 1479 623 1586 apostolica
642 1479 819 1586 publicus
834 1479 1053 1558 auctoritate
1072 1479 1257 1568 notarius,
1271 1478 1463 1586 premissis
1483 1480 1660 1557 omnibus
1679 1480 1719 1555 in

291 1611 455 1718 presenti
480 1627 518 1688 et
543 1610 760 1718 precedenti
787 1629 885 1688 carta
913 1609 1160 1699 simulantis,
1182 1610 1288 1718 signo
1316 1637 1403 1686 meo
1430 1609 1601 1718 signatis,
1630 1638 1721 1688 con-

290 1743 422 1834 tentis,
443 1769 598 1848 presens
616 1741 789 1834 interlui,
812 1760 849 1820 ct
870 1771 912 1818 ea
940 1741 1053 1820 scribi
1077 1739 1167 1829 leci,
1191 1768 1252 1816 me
1272 1739 1491 1846 subscripsi,
1515 1757 1552 1816 et
1571 1738 1721 1848 signum

293 1871 447 1951 solitum
478 1872 540 1949 bic
564 1873 719 1980 apposui
750 1887 919 1980 rogatus,
952 1901 1038 1949 cum
1067 1871 1176 1980 signo
1204 1871 1439 1949 notariorum
1467 1869 1723 1976 infrascripto-

293 2031 390 2080 ΝΜ.
1660 2027 1662 2036 .

351 2265 400 2341 Et
419 2291 490 2371 ego
509 2263 723 2342 Gaulredus
741 2263 932 2371 Enguelor
953 2263 1076 2341 dictus
1094 2262 1256 2368 Chalop‚
1278 2261 1434 2339 clericus
1448 2262 1622 2340 Dolensis
1643 2263 1726 2341 dio·

297 2395 406 2485 cesis,
422 2393 624 2498 apostolica
644 2393 864 2470 auctoritate
885 2393 1052 2471 notarius
1065 2391 1261 2499 publicus,
1280 2391 1472 2498 premissis
1492 2392 1670 2470 omnibus
1688 2411 1725 2470 et

298 2523 452 2630 singulis
468 2523 568 2601 dicte
582 2522 741 2630 septima
761 2523 823 2600 die
842 2523 1059 2602 novembris
1076 2523 1184 2614 actis,
1207 2523 1246 2598 in
1266 2523 1414 2601 duabus
1433 2522 1725 2630 precedentibus

297 2653 413 2758 peciis
441 2653 552 2731 simul
579 2654 672 2730 sutis
701 2654 809 2760 signo
832 2682 919 2732 mco
945 2653 1099 2763 signatis
1123 2653 1327 2746 contentis,
1357 2681 1513 2760 presens
1536 2681 1614 2730 una
1639 2681 1724 2732 cum

299 2785 407 2864 dictis
426 2785 603 2892 magistro
618 2785 746 2862 Eveuo
765 2784 913 2864 acurio
932 2783 1086 2892 publico
1107 2800 1145 2862 et
1160 2783 1320 2863 testibus
1339 2785 1598 2892 suprascriptis
1616 2785 1728 2863 inter-

299 2915 371 3004 lui,
388 2943 449 2992 me
469 2914 690 3021 subscripsi,
713 2931 752 2992 et
769 2916 920 3023 signum
941 2943 1071 2994 meum
1091 2913 1248 3021 apposui
1267 2931 1494 2994 consuetum
1520 2931 1670 2994 vocatus
1691 2932 1729 2993 et

299 3063 460 3152 rogatus.

223 3409 231 3416 ῃ
355 3310 399 3385 ln
417 3307 572 3384 nomine
590 3305 745 3384 Domini
771 3333 895 3396 amen.
920 3305 1028 3383 Anno
1049 3306 1222 3412 ejusdem
1242 3308 1396 3385 Domini
1420 3307 1624 3386 millesimo
1645 3327 1726 3388 ccc⁰

301 3437 477 3544 septimo,
492 3435 683 3512 indicione
699 3451 817 3524 serta,
834 3463 964 3514 mense
982 3435 1213 3526 novenbris,
1227 3435 1398 3541 ejusdem
1411 3437 1551 3516 mensis
1570 3438 1730 3543 septima

302 3566 382 3654 dic,
402 3561 646 3670 pontificatus
664 3563 885 3642 sanctissimi
905 3565 1020 3670 patris
1040 3582 1078 3641 et
1103 3564 1248 3642 domini
1273 3564 1417 3642 demini
1442 3565 1647 3644 Clementis
1669 3567 1727 3643 di-

300 3699 387 3774 vina
402 3695 642 3804 providencia
655 3723 775 3802 poppe
792 3695 916 3802 quinti
934 3723 1031 3774 anno
1053 3695 1238 3787 secundo,
1261 3695 1301 3772 in
1322 3693 1488 3803 religiosi
1509 3695 1576 3773 viri
1598 3713 1637 3773 et
1658 3688 1730 3775 hb-

248 3835 254 3844 '
302 3828 399 3906 nesti
418 3827 541 3904 fratris
556 3825 752 3906 Guillelmi
773 3826 821 3904 de
840 3827 988 3906 Parisiis
1007 3826 1150 3904 ordinis
1170 3825 1473 3916 Predicatorum‚
1495 3827 1729 3934 inquisitoris

304 3959 467 4038 heretice
486 3957 674 4066 pravitatis
693 3957 911 4036 auctoritate
930 3957 1133 4065 apostolica
1158 3957 1199 4034 in
1222 3985 1340 4065 regno
1359 3956 1512 4036 Francis
1537 3960 1726 4064 deputati,

303 4090 342 4164 in
362 4088 479 4166 domo
495 4086 634 4166 milicie
646 4088 798 4196 Templi
817 4087 1050 4179 parisiensis,
1065 4115 1135 4194 pro
1150 4087 1378 4195 inquirendo
1397 4105 1527 4166 contra
1545 4088 1728 4196 quasdam

304 4245 481 4324 personas
495 4218 586 4298 dicti
607 4218 752 4296 ordinis
768 4217 893 4294 eidem
914 4217 1057 4296 delatas
1075 4247 1189 4325 super
1208 4218 1308 4296 dicto
1334 4217 1492 4296 crimine
1518 4218 1727 4306 existentis,

305 4366 477 4428 nostrum
508 4349 741 4428 notariorum
767 4348 1008 4455 publicorum
1042 4365 1080 4426 et
1107 4327 1428 4456 infrascriptorum
1463 4349 1617 4428 testium
1644 4377 1728 4456 prc-

305 4479 429 4556 sencia
456 4477 701 4586 personaliter
720 4478 945 4557 constitutus
967 4477 1082 4556 frater
1103 4478 1262 4558 lacobus
1285 4479 1420 4570 Ducis,
1443 4479 1550 4558 etatis
1577 4479 1729 4586 triginta

307 4610 475 4719 quinque
497 4639 704 4701 annorum,
725 4627 769 4688 ut
783 4609 891 4698 dixit,
907 4611 1055 4717 juratus
1076 4608 1125 4687 ad
1144 4626 1269 4687 sancta
1287 4609 1356 4689 Dei
1377 4610 1592 4720 Evangelia,
1614 4610 1662 4688 ab
1683 4639 1729 4688 eo

308 4740 550 4848 corporaliter
568 4757 681 4833 tacta,
704 4741 742 4818 in
767 4769 875 4820 causa
898 4741 987 4818 fidei
1010 4741 1064 4836 de
1084 4769 1124 4817 se
1144 4757 1185 4817 et
1201 4741 1283 4818 aliis
1307 4739 1432 4820 dicere
1452 4743 1665 4830 veritatem
1692 4758 1729 4818 et

307 4873 511 4980 requisitus
526 4872 574 4951 de
590 4889 761 4978 tempore
781 4887 822 4948 et
835 4871 949 4949 modo
964 4899 1031 4948 sue
1044 4871 1289 4978 recepcionis,
1314 4872 1405 4950 dixit
1418 4899 1487 4979 per
1501 4900 1613 4950 suum
1627 4872 1732 4978 jura·
