4486 5890
610 543 656 615 os
996 519 1189 612 raeces
1216 538 1310 646 ors
1337 537 1641 610 ravennas.

606 681 723 761 lelmo
737 681 785 756 de
800 679 908 758 Blere
929 697 1148 786 preceptore
1162 681 1209 758 de
1224 680 1368 784 Campo
1384 677 1530 757 Gilonis
1544 676 1769 756 Pictavensis
1778 676 1953 766 diocesis,
1964 679 2029 784 qui

607 814 800 892 detinetur
819 810 1171 918 apudCaynonem3
1192 809 1341 888 Andrea
1363 810 1409 886 dc
1434 809 1565 886 Monte
1584 809 1772 899 Laudato,
1799 825 1895 886 teste
1919 839 2029 915 supra

603 943 910 1049 juratonondum
924 942 1148 1032 examinato,
1163 957 1200 1017 et
1210 941 1312 1017 dicto
1328 939 1547 1019 Guaulredo
1562 939 1610 1016 de
1625 941 1795 1020 Tencen.
1812 955 1850 1016 ct
1860 939 2029 1016 lobanne

608 1074 770 1164 Picardi,
792 1075 856 1179 qui
876 1073 1067 1148 detinetur
1084 1072 1266 1159 Turonis,
1282 1070 1549 1158 servientibus;
1567 1069 1731 1175 plurium
1748 1069 2031 1174 recepcionibus

610 1232 685 1278 non
702 1200 835 1279 recolit
847 1229 886 1277 se
903 1198 1076 1276 adfuisse.
1093 1201 1134 1276 ln
1152 1199 1409 1304 predictorum
1431 1215 1555 1276 autem
1571 1197 1855 1303 recepcionibus
1869 1198 1928 1275 vel
1945 1216 2030 1304 post

609 1360 686 1408 non
702 1331 796 1408 vidit
813 1329 957 1435 aliquid
977 1329 1150 1405 illicitum
1172 1329 1253 1406 lieri
1277 1329 1335 1406 vel
1356 1329 1522 1436 injungi,
1541 1357 1611 1406 nec
1630 1327 1753 1432 credit
1769 1330 1875 1434 quod
1894 1329 2029 1406 sactum

609 1459 731 1536 suerit.
747 1460 878 1537 Credit
888 1459 1145 1536 ecclesiasticis
1162 1459 1417 1549 sacramentis,
1444 1459 1602 1536 credens
1618 1459 1735 1536 eciam
1749 1457 1853 1562 quod
1874 1457 1936 1534 alii
1954 1487 2030 1536 cre·
2085 1495 2089 1502 ¹

610 1591 753 1675 derant,
768 1604 805 1665 et
816 1588 1060 1693 quodeorum
1066 1591 1277 1666 sacerdotes
1287 1588 1415 1665 debite
1429 1587 1675 1665 celebrarent.
1686 1588 1827 1664 Juravit
1837 1587 1943 1692 quod
1957 1615 2031 1664 non

609 1722 725 1794 exiret
745 1717 938 1804 ordinem,
960 1735 998 1794 et
1020 1718 1114 1794 vidit
1139 1717 1242 1824 quod
1267 1716 1328 1794 alii
1354 1745 1450 1824 quos
1476 1717 1569 1793 vidit
1593 1715 1709 1822 recipi
1732 1717 1831 1792 idem
1848 1717 2028 1822 jurarent.

610 1847 743 1924 Statim
764 1877 833 1954 pro
863 1847 1038 1952 professis
1062 1848 1309 1925 habebantur.
1332 1847 1575 1925 Clandestine
1602 1845 1893 1954 recipiebantur,
1917 1845 2031 1922 nullis

609 1976 849 2082 presentibus
868 1976 940 2052 nisi
957 1975 1148 2063 fratribus,
1163 2005 1207 2053 ex
1219 2005 1294 2081 quo
1310 1977 1407 2054 mala
1418 1976 1580 2081 suspicio
1592 1975 1803 2052 habebatur
1812 1991 1941 2052 contra
1955 2001 2029 2052 eos.

610 2108 809 2210 Nunquam
831 2107 971 2184 audivit
1004 2107 1109 2211 loqui
1141 2106 1189 2182 de
1212 2104 1348 2213 ydolis,
1369 2107 1444 2184 sed·
1462 2105 1629 2182 cordulis
1656 2103 1902 2212 cingebantur
1935 2105 2031 2182 bene

609 2263 722 2340 super
739 2236 907 2312 camisias
926 2265 1013 2312 cum
1036 2234 1176 2340 quibus
1194 2235 1380 2340 jacebant.
1403 2235 1534 2312 Credit
1552 2235 1658 2340 quod
1688 2233 1942 2312 diversimodo
1973 2263 2031 2310 re—

609 2365 822 2468 ciperentur
842 2366 880 2440 in
897 2363 1053 2451 ordine,
1072 2379 1226 2468 propter
1250 2361 1315 2438 illa
1331 2390 1406 2470 que
1428 2363 1476 2441 de
1498 2364 1719 2467 recepcione
1742 2391 1808 2441 sua
1824 2379 1863 2439 et
1877 2363 2030 2442 illorum

608 2521 704 2598 quos
723 2493 817 2568 vidit
838 2493 952 2597 recipi
976 2519 1087 2598 supra
1115 2490 1307 2596 deposuit,
1336 2507 1490 2597 propter
1519 2490 1583 2568 illa
1617 2491 1746 2568 illicita
1775 2523 1850 2598 que
1874 2521 2031 2600 magnus

609 2623 785 2728 Magister
794 2642 832 2700 et
846 2623 906 2698 alii
925 2621 1083 2700 confessi
1101 2622 1214 2700 luisse
1232 2621 1422 2698 dicuntur.
1434 2623 1591 2711 Juravit,
1611 2641 1650 2700 et
1669 2623 1730 2699 alii
1748 2651 1846 2728 quos
1860 2622 1953 2700 vidit
1972 2651 2030 2698 re-

611 2751 682 2855 cipi
699 2752 928 2857 juraverunt,
948 2752 1054 2858 quod
1071 2777 1148 2829 non
1164 2752 1373 2830 revelarent
1389 2769 1529 2830 secreta
1549 2751 1818 2858 capitulorum,
1840 2779 1918 2829 non
1938 2751 2031 2828 facta

610 2883 808 2958 mancione
837 2880 986 2986 speciali
1012 2883 1060 2958 de
1087 2883 1202 2959 modo
1226 2882 1477 2987 recepcionis,
1506 2882 1664 2960 credens
1685 2883 1791 2989 quod
1812 2909 1945 2959 omnes
1968 2882 2028 2958 alii

611 3011 683 3087 boc
708 3010 808 3088 idem
828 3013 1016 3117 jurarent,
1040 3029 1077 3088 ct
1105 3013 1227 3117 quod,
1256 3013 1286 3088 si
1311 3011 1536 3102 revelarent,
1564 3010 1726 3088 luissent
1750 3013 1889 3116 puniti,
1913 3013 2030 3089 nescit

610 3140 782 3245 qualiter.
793 3141 869 3232 Qui
885 3140 1051 3218 sciebant
1058 3168 1204 3218 errores
1221 3169 1301 3218 csse
1320 3143 1358 3216 in
1379 3141 1513 3218 ordine
1528 3141 1760 3248 negligentes
1774 3141 1930 3218 luerunt
1942 3143 2028 3246 quia

611 3297 687 3345 non
709 3287 950 3359 correxerunt
969 3297 1038 3346 nec
1057 3269 1379 3346 denunciaverunt
1397 3269 1572 3348 Ecclesie.
1593 3271 1827 3348 Elemosiuas
1848 3289 1885 3348 et
1903 3273 2028 3377 bospi-

610 3399 790 3474 talitatem
821 3399 914 3476 vidit
934 3398 1197 3475 convenienter
1220 3395 1302 3474 lieri
1330 3416 1368 3475 ct
1392 3401 1527 3476 servari
1553 3400 1592 3476 in
1617 3399 1795 3476 domibus
1821 3400 1965 3478 ordinis
1991 3401 2027 3476 in

611 3526 751 3634 quibus
769 3527 842 3604 fuit
856 3545 1033 3604 moratus.
1053 3527 1323 3635 lnjungebatur
1339 3529 1504 3634 cisquod
1509 3531 1609 3636 juste
1624 3545 1663 3604 et
1676 3528 1776 3606 licite
1793 3529 2029 3635 acquirerent

613 3657 754 3748 ordini,
769 3685 846 3734 non
856 3673 984 3734 autem
998 3685 1066 3763 per
1081 3657 1196 3734 nefas.
1210 3657 1360 3734 Audivit
1376 3658 1448 3734 dici
1462 3658 1568 3764 quod
1581 3659 1674 3736 clam
1683 3657 1912 3734 tenebantur
1931 3661 2028 3765 capi-

609 3787 708 3874 tula,
734 3787 850 3864 nullis
873 3788 1014 3864 scilicet
1038 3787 1276 3892 presentibus
1298 3788 1368 3864 nisi
1387 3786 1564 3864 fratribus
1585 3787 1740 3864 ordinis.
1763 3787 1945 3866 Ordinata
1964 3815 2028 3897 per

557 3926 562 3942 '
609 3917 830 4022 Magistrum
858 3947 943 3992 cum
968 3933 1153 3993 conventu
1178 3924 1245 3992 suo
1267 3935 1405 3994 servata
1437 3917 1595 3994 fuissent
1622 3919 1660 3993 in
1695 3917 1841 3994 ordine.
1866 3918 2028 3996 Grandia

611 4045 800 4136 scandala,
816 4046 978 4150 suspicio
991 4063 1030 4122 et
1041 4045 1192 4122 infamia
1204 4073 1304 4124 nune
1315 4063 1440 4124 exorta
1452 4064 1678 4124 suntcontra
1691 4047 1865 4124 ordinem
1878 4065 2029 4154 propter

610 4174 928 4280 predicta.lllicita
939 4174 1056 4253 crodit
1071 4204 1150 4252 esse
1168 4193 1255 4254 nota
1269 4177 1445 4264 [ratribus
1459 4177 1524 4283 qui
1540 4176 1709 4254 lecerunt
1724 4177 1841 4284 etqui
1857 4177 2028 4256 viderunt

611 4303 707 4382 lieri.
730 4305 788 4384 Ad
808 4305 1080 4383 deffensionem
1099 4304 1243 4383 ordinis
1259 4334 1302 4385 se
1318 4335 1395 4384 non
1416 4306 1616 4384 obtulerat.

666 4434 880 4540 Requisitus
897 4437 925 4512 si
947 4437 999 4512 sic
1019 4435 1243 4540 deposuerat
1257 4465 1379 4543 prece,
1395 4455 1581 4544 precepto,
1596 4437 1751 4524 timore,
1766 4418 1905 4526 amede,
1922 4437 2023 4522 odio,

610 4562 666 4640 vel
685 4565 883 4668 temporali
902 4565 1061 4642 eomodo
1078 4564 1206 4642 habito
1221 4566 1280 4643 vel
1295 4565 1490 4657 babendo,
1510 4565 1706 4672 respondit
1722 4567 1826 4673 quod
1847 4595 1943 4659 non,
1963 4565 2026 4644 sed

609 4723 678 4800 pro
698 4695 850 4774 veritate
873 4695 1049 4782 dicanda;
1068 4695 1128 4770 cui
1157 4693 1229 4772 fuit
1253 4696 1465 4806 injunctum
1490 4696 1594 4802 quod
1619 4724 1696 4774 non
1723 4697 1906 4776 revelaret
1931 4699 2024 4774 banc

608 4851 714 4902 suam
730 4824 1026 4930 deposicionem,
1044 4853 1243 4932 quousque
1259 4826 1516 4906 attestaciones
1528 4825 1668 4904 luerint
1682 4826 1891 4933 publicum
1908 4844 1946 4904 et
1959 4825 2027 4902 fuit
