4210 5882
541 547 544 554 ·
674 524 871 620 rnoeus
897 545 993 616 nas
1019 521 1318 618 ratramnus.
1634 547 1703 617 aar

341 684 431 762 Acta
442 700 532 762 sunt
543 684 613 762 hec
623 711 736 773 anno,
745 684 954 778 indicione,
966 713 1112 775 mense,
1125 684 1203 777 die,
1217 665 1437 792 pontificatu
1447 682 1576 761 etloeo
1587 686 1710 790 predi-

285 818 364 907 ctis,
376 815 613 924 presentibus
624 815 735 894 fratre
747 816 954 895 Guillelmo
970 816 1112 922 priore,
1127 815 1304 893 fratribus
1314 817 1470 921 Hugone
1479 816 1526 891 de
1536 815 1708 907 Noailles,

285 940 489 1028 Guillelmo
504 945 674 1026 Durandi
695 947 840 1025 ordinis
859 965 896 1024 et
913 963 1115 1025 conventus
1131 948 1409 1024 Predieatorum
1431 945 1708 1036 Parisiensium,

287 1079 441 1156 domino
459 1081 618 1186 Hugone
636 1078 683 1154 de
698 1076 802 1155 Cella
825 1077 960 1171 milite,
980 1094 1017 1154 et
1035 1074 1238 1156 Guillelmo
1256 1078 1303 1154 de
1323 1077 1502 1182 Choques
1521 1077 1598 1152 cive
1618 1078 1714 1154 Pari·

287 1211 415 1298 siensi,
440 1227 477 1286 et
498 1207 672 1314 pluribus
692 1207 772 1285 aliis
790 1207 950 1286 testibus
969 1208 1017 1285 ad
1038 1208 1108 1284 hee
1126 1207 1263 1284 voeatis
1282 1205 1492 1312 specialiter
1512 1227 1550 1286 et
1564 1209 1711 1315 rogatis.

344 1473 392 1548 Et
409 1498 478 1576 ego
497 1470 657 1547 lacobus
685 1469 732 1546 de
755 1469 904 1549 Virtuto
928 1469 1083 1547 clericus
1109 1467 1418 1546 Gathalaunensis
1437 1469 1615 1558 diocesis,
1646 1499 1716 1576 pu-

287 1601 408 1680 blicus
444 1598 627 1706 imperiali
659 1599 876 1676 auctoritate
908 1600 1094 1688 notarius,
1124 1597 1316 1705 premissis
1352 1597 1648 1678 confessionibus
1678 1619 1715 1678 et

288 1731 464 1809 omnibus
479 1730 560 1808 aliis
585 1747 623 1806 et
644 1727 822 1837 singulis,
843 1747 958 1833 prout
976 1730 1015 1804 in
1032 1728 1196 1833 presenti
1211 1745 1307 1805 carta
1327 1756 1395 1805 seu
1409 1729 1515 1833 peeia
1531 1746 1569 1806 et
1585 1730 1715 1808 imme·

289 1861 388 1938 diate
399 1859 615 1967 precedenti
627 1859 733 1965 signo
746 1885 832 1935 meo
847 1858 998 1964 signatis
1013 1858 1263 1945 eontinentur,
1277 1885 1448 1936 unacum
1460 1860 1715 1967 suprascriptis

287 1991 447 2070 testibus
464 2006 502 2068 et
523 1989 707 2096 magistris
723 1987 867 2064 Amisio
883 1989 931 2064 de
949 1986 1151 2065 Aureliano
1165 2004 1201 2064 et
1214 1985 1397 2066 Gaulrido
1408 1989 1599 2095 Enguelor
1614 1990 1715 2070 dicto

289 2121 449 2227 Chalop,
471 2119 625 2198 notariis
640 2118 818 2226 publicis,
838 2143 992 2223 presens
1012 2116 1185 2208 interfui,
1207 2134 1261 2207 et,
1283 2118 1331 2195 de
1352 2119 1528 2197 mandato
1549 2121 1639 2198 dicti
1659 2123 1718 2198 in-

289 2251 498 2359 quisitoris,
515 2249 605 2328 huie
618 2249 870 2327 instrumento
889 2277 950 2325 me
970 2247 1172 2354 subscripsi
1185 2247 1225 2325 in
1239 2247 1496 2328 testimonium
1512 2253 1713 2354 premisso-

290 2411 391 2472 rum,
411 2382 594 2488 signoque
612 2407 699 2459 meo
719 2379 858 2485 signavi
880 2395 1044 2485 rogatus.

344 2647 391 2722 Et
400 2643 643 2751 egoAmisius
654 2642 703 2719 de
712 2641 916 2721 Aureliano
927 2642 1050 2719 dictus
1064 2641 1100 2718 le
1111 2640 1214 2720 Ratis
1216 2704 1225 2732 ,
1238 2641 1412 2732 clericus,
1422 2658 1631 2720 sacrosante
1645 2644 1718 2720 llo-

288 2801 398 2854 mane
424 2772 579 2851 ecclesie
600 2772 818 2852 auctoritate
838 2773 1007 2850 notarius
1029 2771 1219 2877 publicus,
1240 2771 1417 2850 omnibus
1442 2789 1478 2848 et
1501 2773 1658 2881 singulis
1678 2773 1717 2848 in

288 2905 358 2983 bae
371 2921 409 2982 et
425 2903 713 3010 precedentibus
724 2903 841 3009 peciis
852 2903 959 3009 signo
973 2928 1060 2980 meo
1071 2902 1221 3010 signatis
1237 2902 1434 2992 contentis,
1448 2930 1619 2980 unacum
1637 2903 1720 2980 scri·

290 3036 363 3143 ptis
376 3034 537 3113 testibus
552 3053 589 3111 et
599 3033 753 3112 notariis
769 3033 946 3138 publicis,
959 3061 1114 3139 presens
1125 3032 1295 3126 interlui,
1308 3061 1364 3120 ac,
1380 3032 1427 3109 de
1443 3033 1618 3110 mandato
1629 3033 1718 3110 dicti

291 3165 537 3273 inquisitoris,
563 3165 604 3240 in
623 3164 695 3241 hoe
715 3164 966 3242 instrumento
986 3192 1047 3241 me
1069 3164 1272 3271 subscripsi
1297 3164 1335 3240 in
1356 3163 1614 3242 testimonium
1633 3194 1719 3271 pre-

292 3295 509 3385 missorum,
536 3293 706 3400 illudque
722 3320 809 3371 meo
825 3295 930 3400 signo
949 3293 1061 3374 solito
1081 3293 1218 3401 signavi
1241 3310 1403 3400 rogatus.

312 3599 318 3620 =
348 3559 391 3633 ln
410 3557 565 3634 nomine
585 3556 739 3634 Domini
759 3585 879 3634 amen.
906 3557 1017 3634 Anno
1046 3554 1215 3664 ejusdem
1239 3555 1394 3636 Domini
1418 3555 1619 3636 millesimo
1641 3575 1721 3636 ccc⁰

293 3688 475 3795 septimo,
501 3687 691 3766 indicione
715 3705 836 3776 sexta,
860 3715 990 3765 mense
1019 3686 1231 3776 novembri,
1262 3687 1432 3794 ejusdem
1459 3689 1598 3766 mensis
1623 3717 1720 3767 nona

294 3818 376 3906 die,
396 3816 636 3923 pontificatus
655 3819 876 3896 sanctissimi
900 3817 1016 3923 patris
1040 3833 1077 3894 et
1103 3816 1247 3895 domini
1268 3817 1414 3895 domini
1438 3818 1641 3897 Clementis
1664 3821 1722 3896 di-

293 3948 376 4026 vina
389 3945 630 4055 providencia
644 3944 739 4054 pape
755 3949 876 4055 quinti
893 3975 992 4025 anno
1005 3947 1189 4037 secundo,
1211 3947 1250 4024 in
1263 3946 1426 4054 religiosi
1437 3948 1504 4025 viri
1523 3948 1646 4027 fratris
1661 3951 1722 4027 Ni:
1854 4045 1859 4056 Ι

295 4077 389 4156 colai
418 4077 466 4154 de
493 4077 664 4155 Anisiaco
688 4076 932 4155 commissarii
959 4077 1081 4154 fratris
1100 4075 1293 4156 Guillelmi
1322 4076 1369 4153 de
1394 4077 1555 4155 Parisius
1581 4077 1722 4156 ordinis

293 4206 592 4296 Prodicatorum,
610 4207 841 4314 inquisitoris
859 4209 1023 4286 heretice
1039 4208 1455 4313 pravitatisauctoritate
1470 4209 1670 4315 apostolica
1683 4211 1721 4288 in

294 4363 411 4443 regno
431 4337 585 4414 Franeie
606 4338 789 4445 deputati,
813 4337 851 4414 in
874 4339 988 4416 domo
1004 4338 1142 4416 milicie
1161 4339 1312 4445 Templi
1331 4339 1492 4418 Parisios
1510 4369 1580 4447 pro
1600 4341 1723 4448 inqui-

293 4465 411 4543 rendo
432 4483 562 4544 eontra
581 4469 761 4574 quasdam
775 4493 952 4573 personas
971 4467 1061 4544 dicti
1082 4467 1226 4547 ordinis
1247 4469 1457 4562 existentes,
1480 4471 1603 4548 eidem
1623 4473 1724 4550 dela·

294 4613 349 4674 tas
365 4596 594 4701 superdicto
614 4597 785 4686 erimine,
804 4598 1007 4688 existentis,
1021 4613 1188 4675 nostrum
1198 4599 1428 4678 notariorum
1438 4601 1676 4708 publicorum
1687 4621 1724 4680 et

296 4725 614 4833 infrascriptorum
625 4729 777 4805 testium
789 4729 980 4834 presencia
993 4727 1240 4835 personaliter
1250 4731 1469 4810 constitutus
1489 4731 1600 4810 frater
1616 4735 1722 4840 Hugo

297 4857 344 4935 de
361 4858 530 4936 Paraudo
548 4857 655 4937 miles
672 4858 760 4936 dieti
775 4859 935 4952 ordinis,
952 4877 988 4938 et
1005 4858 1170 4938 visitator
1185 4861 1355 4953 Franoie,
1372 4861 1521 4968 juratus
1538 4863 1585 4940 ad
1599 4881 1723 4942 saneta
1768 4880 1770 4886 ’

382 5017 489 5076 esocis
503 5033 557 5076 nes
572 5035 839 5078 marmana—u.
1511 5017 1553 5088 tt
