4210 5882
429 539 503 613 eea
820 516 1017 610 rnocts
1043 535 1139 608 ons
1165 531 1463 608 3333333333.

397 767 400 777 ,
427 679 498 758 Dei
521 676 722 785 evangelia,
743 679 789 757 ab
805 705 851 756 eo
868 675 1110 784 corporaliter
1134 693 1245 768 tacta,
1268 676 1436 770 13333333
1465 672 1557 752 fidei
1578 672 1625 752 de
1646 701 1685 750 se
1711 690 1749 751 et
1772 675 1853 752 31113

429 809 552 886 dicere
580 809 792 898 veritatem,
820 827 858 888 et
881 807 1082 916 requisitus
1107 808 1154 884 de
1182 826 1353 915 tempore
1379 823 1417 884 et
1442 804 1559 898 modo
1581 833 1649 884 sue
1671 807 1854 913 recepcio·

428 940 501 1026 uis,
524 938 617 1016 dixit
636 967 704 1044 per
712 939 969 1046 juramentum
985 967 1097 1016 suum
1117 937 1221 1044 quod
1241 936 1312 1016 fuit
1329 953 1503 1043 receptus
1522 935 1562 1012 in
1577 934 1694 1016 domo
1707 936 1852 1042 Templi

428 1070 706 1179 Lugdunensis,
725 1099 793 1176 per
816 1071 964 1148 fratrem
990 1069 1237 1176 Hymbertum
1260 1069 1307 1146 de
1332 1066 1501 1146 Paraudo
1527 1085 1703 1174 patruum
1727 1097 1850 1156 suum,

366 1227 375 1234 ·
429 1203 468 1276 in
488 1200 583 1278 festo
603 1202 800 1308 Magorum
821 1200 1038 1278 immediate
1059 1201 1239 1306 preterito
1261 1199 1415 1282 fuerunt
1434 1199 1853 1306 quadragintaquatuor

430 1332 533 1419 anui,
550 1329 785 1436 presentibus
797 1331 908 1408 fratre
923 1331 1086 1409 Henrico
1108 1333 1155 1408 de
1169 1332 1263 1410 Dola
1279 1348 1315 1408 et
1327 1329 1491 1437 quodam
1513 1328 1585 1406 alio
1600 1328 1712 1406 fratre
1727 1348 1852 1409 vocato

432 1461 621 1548 Johanne,
644 1460 709 1566 qui
737 1478 865 1566 postea
894 1461 965 1538 fuit
986 1479 1182 1568 preceptor
1198 1459 1245 1538 de
1264 1460 1300 1540 la
1317 1463 1448 1550 Muce,
1472 1476 1510 1537 et
1528 1459 1756 1565 quibusdam
1776 1461 1851 1545 aliis

431 1591 479 1668 de
508 1617 672 1696 quorum
702 1591 924 1668 nominibus
953 1619 1029 1668 non
1059 1591 1202 1671 recolit.
1232 1589 1333 1668 Dixit
1360 1590 1476 1670 eciam
1506 1619 1576 1697 per
1594 1589 1851 1697 juramentum

430 1748 542 1798 suum
564 1719 684 1825 quod,
706 1738 792 1825 post
814 1719 949 1798 multas
970 1721 1239 1826 promissiones
1263 1719 1309 1798 ab
1333 1748 1379 1798 eo
1403 1719 1514 1799 factas
1541 1721 1589 1798 de
1618 1721 1853 1800 observandis

430 1851 577 1927 statutis
593 1868 631 1927 et
644 1851 797 1928 secretis
811 1849 969 1940 ordinis,
988 1850 1153 1957 positum
1170 1848 1242 1928 fuit
1256 1849 1475 1928 mantellum
1496 1850 1641 1930 ordinis
1655 1851 1704 1928 ad
1717 1852 1850 1930 collum

430 2011 559 2068 suurn,
583 1999 620 2058 et
638 1981 828 2087 predictus
851 1982 1041 2060 lohannes
1060 1981 1127 2088 qni
1152 1997 1280 2088 postea
1299 1980 1372 2059 fuit
1388 1998 1586 2089 preceptor
1610 1981 1658 2060 de
1683 1982 1718 2060 la
1745 1983 1851 2061 Muce

431 2111 534 2187 duxit
554 2139 642 2187 eum
661 2129 761 2188 retro
786 2111 976 2217 quoddam
1005 2111 1136 2200 altare,
1159 2128 1197 2188 et
1216 2110 1381 2192 ostendit
1400 2111 1525 2189 eidem
1544 2112 1748 2218 quamdam
1770 2143 1850 2191 cru-

431 2270 511 2320 cem
534 2243 661 2348 inqua
683 2259 761 2320 erat
780 2242 902 2348 imago
921 2243 1038 2320 Jhesu
1058 2241 1218 2332 Christi,
1240 2258 1278 2319 33
1296 2243 1463 2348 precepit
1485 2241 1555 2320 sibi
1572 2243 1677 2350 quod
1696 2244 1850 2352 abnega·

428 2389 486 2448 ret
500 2372 611 2448 illum
629 2372 734 2478 cujus
753 2401 885 2480 ymago
906 2371 958 2450 ibi
978 2373 1316 2479 representabatur,
1335 2389 1373 2450 et
1387 2391 1538 2480 spueret
1558 2403 1669 2481 supra
1684 2403 1847 2464 crucem,

429 2521 466 2578 et
493 2504 571 2608 ipse
599 2521 690 2579 tunc
714 2503 802 2581 11333
827 2503 965 2581 invitus
986 2503 1142 2581 Jhesum
1171 2503 1363 2581 Christum
1389 2503 1598 2610 abnegavit,
1622 2533 1703 2594 ore,
1720 2523 1758 2582 et
1778 2533 1847 2584 nou

428 2633 558 2721 corde,
581 2649 625 2709 ut
649 2632 751 2710 dixit.
777 2633 879 2710 Dixit
899 2633 1016 2710 eciam
1037 2662 1105 2740 per
1119 2633 1378 2741 juramentum
1402 2657 1513 2712 suum
1538 2634 1658 2740 quod,
1685 2662 1762 2714 non
1785 2635 1847 2712 ob-

428 2780 546 2840 stante
572 2781 749 2870 precepto
774 2763 880 2870 quod
898 2763 971 2840 fuit
993 2763 1064 2841 sibi
1084 2763 1222 2842 lactum
1243 2763 1290 2840 de
1310 2763 1498 2870 spuendo,
1520 2791 1601 2844 non
1620 2767 1720 2871 spuit
1743 2795 1847 2874 supra

429 2922 576 2971 crucem
588 2955 596 2984 ,
610 2910 653 2971 ut
668 2894 774 2982 dixit,
790 2911 829 2972 et
841 2921 916 2972 non
929 2893 1123 3001 abnegavit
1137 2894 1208 2972 nisi
1226 2893 1354 2972 semel.
1371 2893 1591 3000 Requisitus
1602 2913 1730 2974 utrum
1746 2924 1848 2974 oscu-

427 3023 523 3102 latus
542 3026 675 3104 fuisset
693 3026 951 3132 recipientem,
970 3025 1029 3103 vel
1049 3027 1128 3131 ipse
1148 3026 1331 3132 recipiens
1341 3027 1464 3131 ipsum
1481 3027 1547 3134 qui
1562 3027 1743 3135 loquitur,
1761 3028 1847 3104 dixit

427 3185 495 3262 per
499 3157 756 3262 juramentum
766 3185 877 3234 suum
888 3157 993 3263 quod
1006 3157 1058 3234 sic
1071 3158 1109 3232 in
1125 3184 1190 3234 ore
1203 3156 1456 3236 solummodo.
1468 3157 1718 3265 Interrogatus
1725 3177 1846 3237 utrum

428 3287 572 3392 aliquos
589 3287 720 3364 fratres
733 3289 949 3396 recepisset,
974 3287 1066 3366 dixit
1085 3316 1153 3393 per
1162 3290 1419 3394 juramentum
1438 3317 1551 3367 suum
1569 3288 1676 3396 quod
1694 3290 1747 3366 sic
1771 3289 1846 3396 plu·

426 3416 511 3493 ries.
534 3417 750 3522 Requisitus
770 3446 839 3524 per
858 3447 972 3525 quem
995 3419 1152 3495 modum
1168 3418 1385 3525 recipiebat,
1403 3418 1495 3496 dixit
1513 3447 1581 3526 per
1595 3420 1846 3528 juramentum

390 3585 397 3606 ·
426 3577 537 3624 suum
554 3549 679 3654 quod,
695 3565 897 3654 postquam
912 3549 1160 3654 promiserant
1180 3577 1323 3626 servare
1339 3566 1473 3628 statuta
1484 3567 1521 3630 et
1533 3565 1682 3628 secreta¹
1691 3550 1843 3636 ordinis,

427 3696 464 3754 et
482 3677 667 3755 mantellis
687 3679 734 3756 ad
756 3679 852 3758 colla
872 3681 1042 3788 ipsorum
1056 3679 1204 3787 positis,
1226 3680 1386 3760 ducebat
1404 3707 1468 3758 eos
1482 3680 1532 3758 ad
1544 3680 1627 3760 loca
1638 3697 1795 3771 secreta,
1813 3698 1847 3757 et

425 3807 584 3886 faciebat
599 3838 638 3888 se
655 3809 815 3888 osculari
838 3811 884 3888 ab
901 3811 954 3887 313
974 3811 1013 3886 in
1030 3810 1202 3888 'inferiori
1220 3827 1324 3915 parte
1346 3810 1453 3916 spine
1476 3809 1594 3900 dorsi,
1612 3810 1651 3888 iu
1671 3811 1845 3890 umbilico

427 3956 463 4014 et
478 3939 517 4013 in
534 3968 616 4027 ore,
635 3958 672 4017 et
688 3957 818 4046 postea
829 3939 988 4018 faciebat
1004 3942 1189 4046 apportari
1211 3969 1361 4018 crucem
1377 3941 1416 4016 in
1426 3941 1619 4048 presencia
1632 3941 1843 4049 cujuslibet,

428 4085 465 4143 et
483 4069 629 4147 dicebat
648 4069 701 4146 eis
716 4070 821 4176 quod
836 4070 1034 4176 oportebat
1053 4070 1100 4148 de
1114 4072 1261 4150 statutis
1281 4071 1390 4149 dictis
1410 4071 1672 4178 ordinisquod
1691 4071 1845 4178 abnega·

426 4215 511 4274 rent
526 4195 744 4276 crucifixum
761 4215 800 4274 33
813 4209 962 4276 crucem
975 4216 1045 4290 ter,
1061 4218 1098 4277 et
1114 4219 1293 4306 spuerent
1307 4229 1415 4307 supra
1431 4227 1580 4279 crucem
1594 4219 1633 4278 et
1640 4203 1843 4309 ymaginem

425 4327 542 4404 Jhesu
555 4325 712 4420 Christi;
730 4328 857 4406 dicens
877 4330 999 4437 quod,
1018 4329 1105 4408 licet
1122 4330 1195 4410 hoc
1211 4331 1351 4409 eisdem
1364 4332 1588 4439 preciperet,
1608 4359 1685 4410 uon
1696 4331 1845 4410 faciebat

427 4458 551 4536 corde.
576 4459 793 4566 Requisitus
817 4477 947 4538 utrum
971 4461 1171 4540 invenisset
1197 4461 1343 4569 aliquos
1372 4463 1438 4569 qui
1458 4464 1532 4541 hoc
1559 4461 1679 4541 facere
1706 4479 1844 4542 contra-

427 4587 610 4677 dicerent,
632 4589 726 4667 dixit
747 4591 852 4697 quod
871 4593 939 4681 sic,
955 4610 1082 4670 tamen
1106 4591 1268 4670 finaliter
1287 4592 1473 4672 faciebant
1497 4594 1786 4702 abnegacionem
1812 4610 1845 4670 et

425 4721 671 4827 spuicionem.
690 4722 792 4804 Dixit
810 4724 926 4800 eciam
941 4752 1009 4829 per
1019 4725 1279 4831 juramentum
1300 4753 1412 4804 suum
1432 4727 1537 4832 quod
1558 4724 1632 4804 illis
1650 4753 1746 4832 quos
1765 4723 1844 4803 reci·

425 4851 551 4954 plebat
567 4851 716 4930 dicebat
731 4854 853 4960 quod,
870 4855 900 4932 31
915 4853 1049 4961 aliquis
1064 4855 1164 4934 33133
1178 4845 1356 4934 naturalis
1370 4875 1521 4964 urgeret
1535 4856 1636 4963 ipsos
1656 4857 1705 4934 ad
1725 4857 1845 4934 incon·
