4486 5890
740 509 936 602 rnocns
962 525 1058 600 uns
1084 528 1389 602 rnurunns.
1698 535 1767 606 us

348 669 515 748 muniter
541 671 581 746 in
607 669 891 776 recepcionibus
917 669 1078 747 aliorum
1106 669 1262 748 fratrum
1292 671 1436 748 ordinis
1461 672 1519 750 rel
1546 689 1650 779 post,
1682 675 1769 781 quia

348 800 440 877 vidit
469 800 583 908 recipi
617 799 888 906 infrascriptos,
918 799 958 875 in
984 827 1149 906 quorum
1174 801 1462 908 recepcionibus
1486 803 1769 880 intervenerunt

346 931 513 1038 predicta
540 931 685 1021 illicita,
713 948 867 1037 excepto
892 930 965 1006 boc
988 930 1094 1036 quod
1115 931 1171 1007 illi
1192 933 1257 1038 qui
1286 960 1363 1011 non
1389 932 1462 1010 suit
1483 933 1668 1038 presbiter
1691 961 1769 1012 non

347 1061 419 1140 luit
438 1079 659 1170 preceptum
677 1062 782 1169 quod
802 1061 1020 1139 obmitteret
1040 1061 1138 1138 dicta
1159 1064 1269 1140 verba
1288 1063 1456 1151 canonis;
1478 1062 1678 1141 videlieet:
1699 1066 1771 1142 fra-

346 1209 444 1268 trem
465 1191 675 1272 Gerardum
697 1193 744 1269 de
766 1194 874 1298 Rupe
899 1191 990 1296 Apis
1009 1191 1284 1270 Lemovicensis
1305 1193 1480 1282 diocesis,
1503 1195 1570 1301 qui
1588 1223 1690 1272 nunc
1715 1214 1769 1274 est

347 1322 532 1428 presbiter
553 1340 590 1400 et
610 1322 802 1400 detinetur
828 1321 865 1397 in
890 1320 1164 1409 Lemovicinio‚
1191 1349 1305 1429 quem
1333 1325 1474 1429 recepit
1499 1322 1612 1401 frater
1639 1328 1769 1402 Petrus

348 1452 394 1529 de
423 1452 567 1531 Madito
595 1453 807 1558 quondam,
842 1469 1039 1558 preceptor
1060 1469 1153 1528 tunc
1174 1451 1364 1542 Alvernie,
1396 1455 1434 1529 in
1464 1454 1603 1560 capella
1632 1457 1769 1535 domus

348 1583 499 1689 Templi
525 1584 572 1660 de
593 1584 681 1661 Bela
700 1582 913 1662 Chassanha
940 1583 1216 1660 Lemoviccnsis
1236 1585 1415 1672 diocesis,
1439 1585 1676 1691 presentibus
1699 1586 1769 1663 lra-

346 1711 469 1788 tribus
489 1712 694 1791 Guillelmo
715 1709 763 1788 de
783 1712 920 1790 Arzaco
936 1730 1154 1818 preceptore
1181 1729 1272 1790 tunc
1297 1715 1446 1802 domus,
1468 1715 1668 1806 serviente,
1686 1715 1768 1792 Ste-

347 1843 473 1947 phano
489 1843 524 1920 la
538 1844 687 1922 Vemha
705 1843 914 1931 deffuncto,
936 1841 1113 1922 Guidone
1135 1842 1306 1921 d’Arsaco
1327 1844 1525 1932 serviente,
1541 1845 1606 1950 qui
1625 1844 1767 1952 aufugit

347 1971 387 2046 in
407 1974 581 2078 capcione
604 1973 784 2059 aliorum,
806 1971 899 2048 circa
921 1971 1062 2050 instans
1081 1971 1218 2049 festum
1240 1973 1459 2080 Magdalene
1481 1990 1593 2049 erunt
1611 2000 1660 2050 xu
1680 1975 1767 2050 anni

347 2100 405 2176 vel
426 2103 539 2191 circa,
568 2119 606 2179 et
630 2103 784 2206 insuper
808 2097 1055 2180 Guillelmum
1080 2101 1284 2209 Aymerici,
1313 2104 1534 2178 servientem
1560 2103 1703 2192 vivum,
1726 2121 1768 2180 ut

348 2231 483 2320 credit,
512 2233 577 2338 qui
610 2231 682 2309 fuit
712 2248 902 2340 receptus,
929 2249 1018 2309 sunt
1046 2250 1190 2339 septem
1216 2233 1302 2310 anni
1328 2234 1386 2309 vel
1416 2234 1530 2323 circa,
1557 2232 1594 2308 in
1627 2234 1766 2339 capella

348 2360 484 2438 domus
502 2361 650 2467 Templi
666 2359 715 2438 de
730 2362 889 2440 Lobertx
902 2363 1176 2440 Lemovicensis
1192 2361 1366 2448 diocesis,
1386 2389 1455 2469 per
1473 2361 1626 2438 fratrem
1649 2366 1767 2439 Hum-

347 2490 498 2567 bertum
513 2491 559 2566 de
571 2489 803 2570 Comborino
821 2491 983 2568 militem
1002 2492 1209 2598 quondam,
1222 2493 1459 2598 presentibus
1471 2492 1648 2569 fratribus
1666 2492 1769 2571 Guil-

347 2617 464 2695 lelnro
480 2617 665 2725 Aymerioi
687 2621 871 2697 avunculo
890 2619 979 2697 dicti
1002 2619 1216 2708 Guilleln'ri,
1233 2638 1451 2726 preceptore
1471 2621 1519 2696 de
1537 2622 1765 2728 Champeus,

347 2747 411 2852 qui
432 2747 625 2826 detinetur
639 2749 678 2825 in
695 2747 966 2838 Lemovicinio,
982 2748 1159 2827 Guidone
1180 2751 1227 2826 de
1247 2751 1419 2858 Preyssac
1441 2750 1578 2841 milite,
1595 2751 1660 2856 qui
1673 2769 1770 2828 tem-

345 2905 438 2983 pore
459 2879 645 2986 capcionis
671 2907 801 2958 eorum
825 2879 961 2957 eratin
980 2879 1138 2985 Cbipro,
1160 2896 1198 2956 et
1217 2879 1424 2958 Guillelmo
1439 2881 1486 2956 de
1507 2882 1679 2986 Preyssac
1700 2883 1771 2958 mi-

347 3007 412 3086 lite
432 3011 642 3114 quondam,
657 3027 750 3087 tunc
766 3028 984 3116 preceptore
1006 3009 1105 3087 dicte
1124 3010 1280 3100 domus;
1297 3009 1466 3116 plurium
1484 3009 1769 3115 recepcionibus

349 3164 426 3214 non
446 3137 633 3227 adsuerat,
656 3139 752 3216 sicut
767 3139 870 3216 dixit.
892 3141 1007 3227 Item,
1028 3139 1123 3216 dixit
1140 3139 1244 3244 quod
1265 3141 1312 3216 de
1327 3139 1409 3218 aliis
1428 3138 1568 3216 illicitis
1583 3140 1642 3215 vel
1661 3140 1772 3217 inbo-

348 3267 464 3344 nestis
479 3295 557 3345 non
576 3267 648 3346 luit
662 3268 833 3348 locutum
855 3269 979 3347 eidem
1000 3269 1039 3346 in
1058 3297 1125 3348 sua
1144 3269 1363 3377 recepcione
1381 3269 1440 3346 vel
1456 3287 1558 3377 post,
1577 3295 1646 3345 neo
1662 3270 1770 3347 dictis

348 3396 500 3475 duobus
520 3426 616 3504 quos
634 3399 728 3476 vidit
747 3399 880 3505 recipi,
902 3400 1007 3506 quod
1031 3399 1109 3504 ipse
1131 3400 1235 3476 scivit
1251 3399 1472 3508 velandivit
1491 3400 1576 3476 dici.
1598 3400 1770 3506 Requisi-

346 3527 460 3603 tussi
485 3528 652 3632 predicta
676 3527 804 3605 illicita
824 3529 1122 3615 intervenerunt,
1149 3528 1188 3604 in
1202 3514 1427 3634 'recepcidn'e
1452 3557 1517 3606 sua
1545 3547 1583 3605 et
1607 3528 1767 3607 aliorum

350 3683 444 3760 quos
474 3656 568 3734 vidit
592 3657 730 3763 recipi,
761 3675 846 3734 ante
875 3657 1125 3735 tradicionem
1155 3657 1324 3735 mantelli
1349 3658 1408 3734 vel
1438 3675 1542 3762 post,
1575 3659 1770 3762 respondit

347 3785 454 3890 quod
477 3803 563 3864 ante
583 3787 830 3865 tradicionem
849 3785 1031 3865 mantelli.
1059 3787 1171 3876 Item,
1195 3788 1288 3864 dixit
1308 3789 1411 3894 quod
1432 3815 1626 3894 nunquam
1649 3788 1770 3864 obmi-

347 3932 446 3992 serat
470 3917 584 3994 verba
608 3918 761 3995 oandnis
786 3917 1012 3995 celebrando
1041 3916 1211 4005 missam,
1241 3945 1311 3994 nec
1337 3919 1405 3994 scit
1432 3945 1501 3994 nec
1527 3916 1679 3992 audivit·
1696 3917 1769 3992 dici

347 4045 451 4150 quod
472 4046 536 4123 alii
557 4046 753 4152 presbiteri
774 4047 918 4124 ordinis
938 4046 1200 4139 obmitterent,
1221 4076 1292 4124 nec
1308 4049 1412 4155 quod
1432 4047 1494 4124 alii
1515 4047 1646 4126 lratres
1666 4048 1771 4124 ordi-

349 4174 407 4251 nis
429 4192 554 4252 eesent
577 4155 763 4253 increduli
790 4176 1046 4255 ecclesiasticis
1073 4178 1328 4264 sacramentis,
1355 4205 1425 4254 nec
1449 4177 1555 4283 quod
1575 4175 1772 4254 carnaliter

348 4306 693 4383 commiscerentur.
721 4305 873 4383 Audivit
897 4306 971 4382 dici
996 4321 1080 4411 post
1105 4308 1320 4411 capcionem
1343 4333 1474 4382 eorum
1496 4325 1533 4384 et
1551 4306 1683 4383 fratres
1702 4307 1771 4383 ali-

348 4460 444 4538 quos
469 4434 612 4512 ordinis
638 4435 807 4512 confiteri
836 4434 941 4540 quod
970 4433 1172 4541 aliquando
1202 4437 1342 4541 recepti
1374 4435 1640 4513 osculabantur
1667 4465 1795 4514 rece·¹

349 4579 475 4664 ptores
490 4564 528 4640 in
545 4591 629 4642 ano.
646 4565 752 4653 ltem,
771 4564 865 4642 dixit
879 4593 917 4642 se
932 4564 1067 4642 vidisse
1089 4581 1128 4640 et
1146 4565 1345 4652 audivisse,
1364 4567 1404 4640 in
1423 4565 1693 4643 terminatione
1714 4595 1772 4642 ca-

348 4692 575 4798 pitulorum,
593 4697 698 4802 quod
718 4696 832 4771 frater
851 4695 967 4772 laicus
985 4711 1118 4772 tenens
1138 4695 1344 4800 capitulum
1368 4696 1517 4772 dicebat
1533 4695 1628 4773 talia
1640 4695 1768 4784 verba,

349 4823 503 4926 qtlaudo
522 4822 640 4930 aliqui
656 4823 784 4903 liatres
803 4823 1080 4905 confitebantur
1092 4824 1152 4902 vel
1170 4827 1537 4905 commendabantur
1549 4827 1589 4902 in
1600 4824 1770 4931 capitulis

1571 4961 1620 5024 16.
