4242 5890
696 561 892 652 rnocts
917 577 1013 652 nas
1038 576 1343 682 rennuens
1658 583 1728 655 aar

309 737 347 798 et
360 717 539 798 mantello
559 717 630 796 sibi
646 717 693 796 ad
709 719 849 798 collum
870 718 1011 825 posito,
1028 719 1149 796 dictus
1162 719 1346 828 recipiens
1361 720 1528 826 precepit
1542 719 1612 798 sibi
1628 722 1734 828 quod

307 849 538 928 oscularetur
549 878 637 927 eum
651 849 689 926 in
700 850 900 943 umbilico;
915 851 1020 957 quod
1034 847 1133 927 iecit.
1148 850 1249 927 Dixit
1269 851 1386 928 eciam
1402 879 1470 956 per
1476 851 1733 958 juramentum

307 1009 418 1060 suum
438 982 542 1090 quod
561 983 600 1057 in
620 982 810 1087 presencia
837 981 1009 1058 omnium
1031 979 1176 1057 ibidem
1201 981 1453 1059 assistencium
1478 983 1642 1060 ostendit
1662 981 1734 1059 sibi

307 1112 508 1219 quamdam
527 1139 692 1202 crucem,
711 1129 749 1190 et
766 1112 882 1219 peciit
900 1111 946 1189 ab
968 1139 1014 1188 eo
1034 1111 1137 1188 idem
1153 1113 1338 1219 recipiens
1357 1129 1485 1190 utrum
1506 1113 1675 1190 crederet
1695 1114 1733 1188 in

307 1243 373 1322 illo
398 1244 463 1350 qui
490 1271 618 1349 passus
636 1242 759 1320 fuerat
777 1243 817 1320 in
838 1269 964 1331 cruce,
989 1242 1130 1347 etipse
1155 1243 1247 1320 dixit
1271 1241 1377 1348 quod
1400 1242 1467 1333 sic,
1496 1258 1533 1319 et
1554 1260 1647 1320 tunc
1672 1242 1733 1318 ille

307 1375 475 1482 precepit
494 1370 565 1452 sibi
585 1373 690 1481 quod
710 1373 908 1481 abnegaret
926 1373 1083 1450 ihesum
1102 1371 1294 1450 Christum
1313 1390 1381 1461 ter,
1403 1390 1440 1450 et
1458 1373 1562 1479 quod
1583 1390 1736 1478 spueret

287 1500 291 1509 ’
306 1522 365 1582 ter
383 1532 493 1612 supra
507 1532 678 1594 crucem,
695 1521 733 1581 et
752 1506 826 1582 hoc
844 1504 923 1611 ipse
941 1499 1030 1579 fecit
1047 1519 1117 1580 ter.
1138 1503 1240 1581 Dixit
1260 1503 1378 1580 eciam
1397 1529 1465 1609 per
1480 1503 1734 1610 juramentum

307 1663 417 1713 suum
433 1633 538 1742 quod
552 1635 710 1744 injunxit
729 1635 801 1713 sibi
821 1634 943 1711 dictus
963 1651 1134 1740 receptor
1149 1633 1270 1740 quod,
1292 1634 1322 1711 si
1343 1632 1443 1710 calor
1465 1633 1639 1710 naturalis
1655 1659 1735 1709 mo-

306 1782 408 1843 veret
423 1793 526 1854 eum,
550 1765 808 1843 commisceret
827 1793 869 1843 se
887 1792 973 1842 cum
993 1764 1104 1842 sociis
1123 1764 1217 1852 suis,
1233 1782 1270 1842 et
1283 1762 1357 1841 hoc
1372 1791 1391 1840 a
1406 1763 1516 1842 sociis
1535 1763 1612 1839 suis
1631 1779 1736 1868 pate-

307 1913 421 1973 retur.
437 1897 581 1972 Tamen
596 1895 688 1973 dixit
702 1923 771 2001 per
779 1895 1036 2004 juramentum
1050 1921 1160 1972 suum
1171 1895 1276 2002 quod
1287 1923 1479 2000 nunquam
1492 1892 1590 1971 fecit.
1602 1895 1736 2000 Requi-

308 2027 401 2104 situs
418 2043 546 2105 utrum
564 2028 618 2115 vi,
649 2026 707 2104 vel
723 2044 828 2104 metu
848 2027 1005 2104 carceris
1024 2025 1081 2102 vel
1099 2042 1390 2114 tormentorum,
1417 2025 1581 2131 aliquam
1602 2025 1736 2102 dixerit

307 2154 503 2234 falsitatem
519 2157 579 2236 vel
599 2158 845 2236 immiscuerit
864 2157 903 2234 in
925 2157 1166 2263 deposicione
1186 2185 1268 2247 sna,
1290 2157 1382 2234 dixit
1400 2183 1468 2263 per
1476 2155 1734 2262 juramentum
1867 2173 1874 2188 ·

308 2315 419 2366 suum
438 2286 541 2395 quod
558 2316 655 2378 non,
671 2288 789 2364 immo
805 2287 901 2363 dixit
917 2287 1121 2364 veritatem.

364 2553 457 2628 Item
482 2549 595 2628 irater
618 2549 843 2631 Guilielmus
874 2550 921 2626 de
948 2549 1100 2628 Yvriaco
1128 2547 1241 2627 frater
1266 2549 1428 2626 serviens
1456 2548 1545 2624 dicti
1572 2549 1732 2636 ordinis,

309 2683 414 2759 etatis
425 2681 610 2788 sexaginta
623 2708 807 2758 annorum
824 2679 1047 2787 etamplius,
1070 2697 1112 2755 ut
1124 2678 1288 2767 dicebat,
1306 2679 1454 2785 juratus
1471 2678 1607 2756 eodem
1620 2679 1736 2756 modo

309 2827 347 2890 et
365 2814 568 2920 requisitus
584 2814 632 2890 de
647 2830 819 2920 tempore
834 2829 872 2889 et
883 2812 999 2889 modo
1015 2840 1082 2888 sue
1096 2811 1341 2917 reccpcionis‚
1358 2808 1451 2886 dixit
1462 2838 1530 2915 per
1545 2809 1738 2916 juramen-

307 2960 389 3020 tum
404 2971 516 3020 suum
529 2944 634 3049 quod
648 2943 719 3021 snit
733 2959 906 3048 receptus
920 2941 1021 3048 apud
1032 2941 1225 3019 Yvriacum
1239 2942 1278 3018 in
1292 2941 1566 3047 chquecinio‚
1588 2967 1655 3046 per
1669 2937 1737 3016 ira·

308 3090 405 3152 trem
414 3073 639 3150 Ymbertum
653 3073 1208 3161 thesaurariumtuncParisius‚
1219 3089 1257 3148 et
1271 3071 1363 3148 dixit
1377 3071 1482 3178 quod
1496 3070 1737 3178 quadraginta

308 3204 394 3280 anni
414 3220 502 3282 sunt
523 3204 628 3311 quam
647 3202 717 3280 suit
735 3220 924 3310 receptus,
947 3231 1024 3280 non
1044 3202 1262 3282 recordatur
1283 3202 1330 3279 de
1351 3200 1569 3279 nominibus
1589 3229 1739 3310 presen-

309 3335 422 3420 cium,
439 3334 527 3440 quia
538 3333 678 3412 mortui
692 3351 788 3410 sunt.
804 3334 907 3411 Dixit
920 3333 1037 3410 eciam
1046 3361 1115 3440 per
1123 3335 1381 3440 juramentum
1395 3361 1506 3410 suum
1516 3333 1640 3440 quod,
1654 3349 1738 3437 post

308 3462 446 3540 multas
459 3463 712 3541 observancias
732 3463 823 3540 dicti
844 3463 987 3540 ordinis
1007 3462 1135 3550 factas,
1153 3463 1274 3538 dictus
1294 3479 1465 3568 receptor
1483 3461 1651 3569 precepit
1665 3460 1736 3537 sibi

308 3593 413 3700 quod
434 3593 663 3670 oscularetur
684 3595 831 3670 eumin
852 3621 916 3670 ore
938 3610 975 3670 et
998 3593 1037 3668 in
1058 3591 1253 3682 umbilico,
1269 3592 1374 3698 quod
1389 3590 1492 3669 fecit.
1514 3593 1562 3670 Et
1580 3591 1737 3697 injunxit

308 3722 379 3800 sibi
401 3723 521 3828 quod,
544 3723 574 3800 si
595 3723 694 3800 calor
712 3724 893 3801 naturalis
910 3740 1077 3800 moveret
1097 3749 1201 3811 eum,
1218 3723 1476 3800 commisceret
1495 3749 1534 3798 se
1559 3749 1645 3798 cum
1667 3719 1738 3796 ira-

308 3852 430 3930 tribus
449 3853 542 3940 suis,
565 3869 603 3930 et
622 3855 695 3930 boc
715 3869 905 3958 pateretur
921 3853 968 3930 de
990 3851 1069 3930 aliis
1089 3851 1275 3930 fratribus.
1297 3853 1399 3929 Dixit
1418 3853 1534 3928 eciam
1555 3879 1623 3958 per
1636 3851 1735 3958 jura-

309 3999 479 4060 mentum
496 4011 608 4060 suum
628 3982 733 4089 quod
746 3981 868 4059 dictus
885 3983 1070 4088 recipiens
1085 3982 1249 4059 ostendit
1264 3981 1334 4059 sibi
1348 3981 1547 4087 quamdam
1567 4009 1732 4090 crucem,

310 4130 348 4189 et
366 4112 454 4190 fecit
473 4141 561 4190 eum
580 4141 693 4219 super
713 4141 863 4190 crucem
883 4141 1020 4218 spuere
1042 4130 1102 4190 ter
1121 4130 1159 4189 et
1175 4128 1235 4190 ter
1255 4110 1437 4219 abnegare
1457 4111 1613 4190 ihesum
1633 4112 1737 4192 Chri·

310 4259 425 4331 stum,
438 4241 590 4330 etfacit,
607 4259 648 4318 ut
663 4242 769 4332 dixit,
787 4244 936 4318 invitus.
952 4241 1166 4348 Requisitus
1182 4259 1308 4319 utrum
1327 4241 1379 4331 vi,
1394 4241 1452 4319 vel
1463 4259 1568 4320 metu
1582 4243 1736 4318 carceris

309 4371 367 4448 vel
377 4387 669 4461 tormentorum,
682 4369 843 4476 aliquam
855 4371 990 4448 dixerit
1005 4369 1201 4448 salsitatem
1213 4370 1270 4448 vel
1278 4371 1525 4450 immiscuerit
1538 4373 1576 4448 in
1586 4371 1738 4478 deposi-

310 4499 416 4578 cione
427 4529 510 4591 sua,
523 4501 616 4578 dixit
625 4529 695 4608 per
699 4501 958 4609 juramentum
970 4502 1193 4609 suumquod
1203 4529 1296 4593 nom
1309 4503 1425 4579 immo
1435 4501 1734 4580 dixitveritatem.

364 4763 456 4841 Item
477 4763 589 4841 frater
604 4763 689 4844 Odo
705 4764 753 4841 de
771 4765 985 4872 Latigniaco
1005 4765 1129 4858 Sicco,
1151 4765 1257 4844 etatis
1272 4766 1537 4874 quinquaginta
1554 4793 1736 4842 annorum

310 4893 497 5006 veletren,
520 4910 564 4972 ut
584 4893 749 4986 dicebat,
766 4895 913 5002 juratus
933 4895 1069 4975 eodem
1089 4894 1204 4974 modo
1226 4913 1262 4972 et
1282 4895 1484 5002 requisitus
1505 4895 1552 4972 de
1567 4912 1735 4998 tempore

393 5043 500 5102 naccis
517 5061 569 5100 aas
585 5061 757 5102 reuertens.
772 5076 811 5087 -
827 5061 859 5102 u.
1526 5043 1562 5107 lat
