4210 5882
675 504 1315 600 enootsonsrnurmaas.
1511 512 1516 524 '
1630 524 1700 600 aar

339 665 397 747 Ad
410 664 524 742 lxxtut
539 663 737 742 articulum
752 664 1000 771 respondens,
1022 665 1169 771 negavit
1183 665 1318 772 ipsum.
1337 664 1438 744 Dixit
1456 683 1581 746 tamen
1601 665 1705 774 quod

282 797 370 876 licet
387 797 466 902 ipsc
481 794 547 902 qui
567 794 747 901 loquitur,
775 824 819 872 ex
841 809 1018 901 precepto
1037 796 1094 872 sui
1116 795 1335 900 superioris,
1357 823 1433 874 non
1453 797 1627 876 habuerit
1646 825 1707 874 ex·-

282 955 407 1033 presse
422 926 527 1034 quod
541 925 784 1005 confiteretur
801 924 861 1004 rel
876 952 953 1002 non
972 923 1213 1002 confiteretur
1224 925 1296 1002 nisi
1311 924 1488 1004 fratribus
1503 929 1591 1006 dicti
1607 926 1708 1006 ordi-

284 1057 358 1144 nis,
379 1057 459 1162 ipse
474 1073 614 1145 tamen,
631 1055 801 1162 quandiu
821 1021 961 1132 habere
981 1055 1103 1159 potuit
1118 1054 1407 1160 oportunitatem
1424 1054 1627 1136 confitendi
1643 1084 1707 1134 sua

283 1205 431 1293 peccata
457 1186 633 1266 iratribus
654 1185 851 1292 capellanis
870 1185 927 1263 sui
949 1184 1109 1274 ordinis,
1128 1185 1182 1264 eis
1199 1184 1467 1276 confitebatur;
1489 1189 1528 1264 in
1544 1186 1707 1266 deffectu

284 1333 408 1393 autem
435 1343 567 1396 eorum
593 1314 842 1394 confitebatur
860 1330 898 1392 et
918 1314 1108 1394 confessus
1128 1331 1188 1392 est
1207 1313 1381 1392 tratribus
1408 1317 1707 1395 Predicatoribus

283 1444 342 1522 vel
362 1444 589 1536 Minoribus,
621 1445 680 1524 vel
706 1447 823 1524 eciam
851 1443 1069 1551 presbiteris
1093 1444 1323 1524 secularibus
1348 1445 1573 1525 habentibus
1591 1475 1612 1524 a
1631 1447 1707 1524 suis

284 1575 540 1683 superioribus
559 1575 751 1654 licenciam
768 1575 947 1656 audiendi
965 1575 1218 1654 consessiones
1233 1592 1269 1654 et
1288 1575 1467 1654 salutares
1479 1578 1707 1683 penitenciae

284 1707 518 1813 injungendi.
547 1707 737 1800 Quantum
757 1705 804 1784 ad
828 1706 920 1784 alios
942 1733 1030 1784 vero
1052 1706 1185 1784 iratres
1207 1706 1378 1812 ejusdem
1407 1705 1564 1796 ordinis,
1591 1708 1709 1784 nescit

284 1865 396 1942 quem
414 1836 665 1914 confessorem
685 1865 755 1943 pro
775 1838 851 1914 suis
871 1837 1029 1943 peccatis
1048 1835 1247 1914 audiendis
1262 1835 1423 1942 eligunt;
1444 1837 1511 1916 sed
1526 1836 1646 1916 credit
1660 1837 1708 1914 de

285 1966 365 2044 aliis
383 1966 558 2045 fratribus
573 1965 674 2045 idem
695 1967 801 2075 quod
819 1984 857 2044 et
876 1967 923 2044 de
944 1993 983 2045 so
1003 1994 1103 2044 nunc
1124 1966 1290 2072 proxime
1311 1985 1368 2044 est
1386 1966 1588 2046 confessus.
1610 1947 1723 2046 Dixit

286 2098 402 2174 eciam
423 2125 608 2205 nusquam
632 2098 704 2176 sibi
724 2097 837 2176 lirisse
855 2097 1027 2186 vetitum,
1047 2125 1117 2174 nec
1142 2094 1225 2174 aliis
1243 2095 1433 2186 fratribus,
1455 2126 1476 2174 a
1500 2098 1577 2176 suis
1596 2125 1709 2202 supc-

285 2227 447 2307 rioribus
462 2228 555 2335 quin
573 2228 742 2335 quemvis
758 2227 828 2306 sibi
848 2228 993 2333 possint
1011 2242 1050 2305 et
1067 2224 1183 2304 velint
1201 2226 1339 2334 eligere
1358 2225 1622 2306 confessorem.

342 2358 400 2436 Ad
409 2358 650 2438 lxxv-lxm
664 2358 840 2438 articulos
861 2357 1038 2436 inclusive
1058 2355 1290 2463 respondens
1307 2356 1545 2464 singulariter
1556 2355 1709 2464 singulis

286 2509 324 2568 et
344 2490 524 2577 districte,
546 2490 692 2597 negavit
711 2489 836 2567 omnia
856 2506 894 2567 et
913 2487 1058 2596 singula
1072 2503 1244 2568 contenta
1259 2487 1299 2564 in
1314 2487 1385 2574 eis,
1407 2486 1572 2587 adiciens
1587 2515 1626 2564 se
1643 2515 1710 2566 ne-

286 2621 379 2700 scire
400 2649 469 2698 nec
489 2621 642 2699 credere
663 2620 767 2728 quam
787 2619 901 2727 aliqui
922 2620 970 2698 de
989 2618 1166 2725 predictis
1187 2616 1377 2696 erroribus
1397 2618 1471 2696 sint
1489 2619 1636 2696 comissi
1652 2619 1710 2696 vel

285 2751 377 2830 fiant
394 2780 463 2860 per
481 2751 645 2860 aliquem
663 2750 816 2831 fratrem
833 2750 976 2828 ordinis
996 2748 1210 2856 supradicti.
1280 2857 1283 2864 ¹

341 2885 401 2962 Ad
422 2881 700 2962 lxxxo-lxxxv
718 2880 894 2960 articulos
916 2880 1094 2960 inclusive
1114 2880 1362 2988 respondens,
1388 2880 1479 2958 dixit
1497 2909 1537 2958 se
1556 2881 1709 2959 credere

288 3012 544 3092 confessiones
557 3011 670 3092 lactas
688 3041 757 3120 per
770 3011 902 3090 iratres
916 3012 1006 3090 dicti
1025 3011 1170 3090 ordinis
1184 3011 1332 3118 Templi
1343 3039 1469 3090 coram
1480 3013 1710 3090 sanctissimo

287 3145 443 3222 domino
475 3161 603 3222 nostro
634 3142 789 3222 domino
813 3142 1009 3222 Clemente
1040 3141 1112 3221 Dei
1139 3141 1257 3250 gratia
1285 3160 1513 3221 sacrosancte
1544 3145 1710 3222 Romane

286 3273 452 3352 Ecclesia
477 3301 627 3352 summo
650 3272 829 3378 pontifice
857 3272 969 3351 lactas
991 3271 1122 3360 luisse,
1149 3272 1244 3350 sicut
1263 3272 1366 3350 idem
1390 3272 1564 3350 dominus
1583 3291 1712 3352 noster

287 3432 455 3482 summus
470 3400 654 3510 pontifex,
671 3402 711 3478 in
730 3431 799 3484 sua
810 3401 931 3480 littera
950 3400 1061 3480 missa
1080 3400 1288 3480 reverendo
1309 3402 1401 3508 patri
1416 3403 1455 3479 in
1473 3401 1623 3482 Christo
1643 3405 1713 3481 do·

288 3536 393 3612 mino
403 3532 634 3610 Narbonensi
653 3532 933 3638 archiepiscopo
949 3549 987 3610 et
1000 3531 1080 3638 ejus
1099 3530 1340 3637 suffraganeis
1360 3532 1610 3611 Narbonensis
1623 3562 1712 3640 pro-

287 3665 422 3750 vincie,
444 3663 573 3739 asserit
592 3681 631 3739 et
648 3661 796 3748 latetur,
820 3679 858 3738 et
881 3662 983 3738 idem
1002 3662 1191 3740 creditde
1214 3661 1511 3741 confessionibus
1526 3663 1631 3742 lactis
1645 3693 1713 3772 per

289 3793 506 3899 Magistrum
531 3808 569 3870 et
592 3789 724 3870 fratres
748 3789 918 3898 ejusdem
943 3789 1086 3868 ordinis
1113 3817 1237 3868 coram
1258 3788 1422 3868 dominis
1445 3793 1710 3884 cardinalibus,

290 3925 337 4000 de
354 3923 493 4029 quibus
512 3921 554 3998 lit
569 3921 739 4029 specialis
758 3921 901 3998 mentio
922 3920 961 3997 in
981 3919 1103 4026 papali
1128 3919 1251 3998 littera
1275 3920 1496 4028 supradicta.
1518 3923 1714 4003 Verumta-

289 4081 376 4130 men
397 4052 489 4129 dixit
507 4052 610 4130 idem
629 4051 743 4129 frater
760 4052 946 4130 Jordanus
966 4051 1085 4158 quod,
1108 4050 1203 4130 salva
1223 4052 1413 4130 sanctitate
1438 4069 1476 4130 et
1500 4053 1714 4132 excellentia

290 4183 460 4290 ejusdem
482 4183 626 4261 domini
645 4183 762 4261 nostri
781 4183 920 4260 summi
936 4181 1143 4288 pontilicis,
1161 4210 1307 4260 necnon
1323 4200 1361 4260 et
1374 4184 1587 4262 reverencia
1600 4185 1715 4263 dicto·

288 4344 373 4392 rum
388 4313 628 4392 dominorum
645 4312 907 4402 cardinalium,
918 4312 1023 4420 quod
1033 4313 1285 4392 consessiones
1298 4313 1393 4392 lacte
1403 4342 1472 4420 per
1480 4315 1714 4422 Templarios

289 4474 367 4524 non
383 4446 577 4524 continent
590 4443 802 4535 veritatem,
822 4470 909 4550 ymo
931 4460 1056 4521 carent
1074 4443 1455 4550 primordio'veritatis
1470 4445 1559 4522 etin
1571 4474 1612 4523 se
1626 4473 1715 4524 con-

289 4577 410 4654 tinent
429 4573 645 4665 falsitatem,
663 4576 702 4652 in
723 4603 768 4652 eo
788 4574 893 4684 quod
910 4575 998 4652 dicti
1014 4573 1161 4664 fratres,
1181 4575 1401 4652 confitentes
1416 4604 1560 4655 errores
1575 4577 1623 4656 de
1636 4577 1716 4684 qui·

289 4707 360 4785 bus
376 4707 496 4814 agitur
515 4707 553 4783 in
575 4705 738 4784 articulis
752 4723 791 4785 et
803 4704 938 4785 litteris
952 4705 1146 4812 papalibus
1163 4735 1231 4812 per
1246 4705 1390 4784 dictum
1409 4704 1585 4785 ordinem
1599 4724 1636 4784 et
1648 4735 1716 4814 per

290 4838 422 4916 fratrm
441 4838 522 4944 ejus
544 4835 658 4915 luisse
679 4837 873 4926 comissos,
895 4854 1062 4915 asserunt
1081 4836 1171 4914 lalso
1191 4837 1319 4916 modo.

402 4987 508 5044 raucis
525 5005 577 5045 nes
594 5005 766 5046 retrectans.
781 5019 822 5031 -
838 5003 870 5043 u.
1507 4981 1545 5044 56
