4210 5882
406 559 479 630 sco
505 559 509 566 ·
794 533 989 626 procas
1015 551 1110 624 oss
1136 550 1435 623 rsursrsas.

405 725 513 772 suum
539 695 643 802 quod
665 711 835 800 receptus
859 694 979 771 fuerat
1001 694 1039 770 in
1064 691 1177 770 domo
1198 691 1246 768 de
1266 693 1425 769 Feritate
1444 689 1633 778 Galcheri,
1660 691 1828 767 seranni

405 827 463 902 vel
481 826 576 902 circa
596 841 682 902 sunt
702 826 832 931 elapsi,
850 853 918 932 per
938 824 1089 900 fratrem
1103 821 1312 901 Gerardum
1332 821 1379 900 de
1404 821 1604 900 Villaribus
1635 838 1726 898 tunc
1744 849 1829 928 pre-

406 975 594 1061 ceptorem
613 955 783 1042 Francie,
803 952 1037 1060 presentibus
1050 952 1223 1030 fratribus
1237 952 1434 1058 Radulpho
1448 951 1496 1028 de
1515 951 1594 1030 Gisi
1610 967 1647 1028 et
1660 952 1828 1028 Johanne

405 1086 441 1162 le
462 1087 605 1174 Moine‚
623 1102 667 1162 ut
679 1086 827 1162 videtur
846 1085 934 1172 sibi,
957 1101 994 1162 ct
1007 1081 1179 1190 pluribus
1199 1083 1279 1159 aliis
1292 1083 1338 1158 de
1350 1109 1512 1188 quorum
1524 1083 1744 1160 nominibus
1753 1107 1828 1160 non

405 1213 633 1292 recordatur.
662 1215 761 1296 Dixit
781 1215 897 1292 eciam
921 1243 990 1320 per
1008 1216 1264 1320 juramentum
1294 1241 1405 1290 suurn
1432 1211 1556 1317 quod,
1584 1227 1668 1317 post
1694 1211 1828 1288 multas

405 1346 670 1453 promissiones
680 1345 727 1422 ah
742 1372 787 1421 co
798 1344 910 1420 lactas
922 1344 969 1420 de
987 1343 1131 1420 statutis
1141 1359 1179 1418 et
1195 1343 1347 1420 secretis
1358 1342 1502 1420 ordinis
1518 1341 1775 1431 observandis,
1793 1359 1829 1418 et

406 1476 583 1552 mantello
600 1474 670 1551 sibi
687 1476 735 1552 ad
750 1475 888 1552 collum
902 1474 1043 1580 posito,
1062 1473 1183 1550 dictus
1198 1473 1382 1578 recipiens
1394 1473 1502 1548 traxit
1521 1501 1609 1550 curn
1622 1474 1670 1549 nd
1686 1489 1827 1579 partem

406 1624 506 1682 retro
519 1605 650 1691 altare,
664 1620 701 1679 et
714 1603 881 1681 ostendit
895 1603 966 1680 sibi
980 1602 1189 1707 ymaginem
1209 1603 1247 1676 in
1261 1602 1424 1706 quodam
1439 1602 1597 1691 missali;
1611 1603 1675 1679 sed
1690 1621 1771 1680 ¹erat
1780 1605 1828 1680 ita

399 1736 564 1842 juvenis,
577 1735 682 1840 quod
697 1733 888 1810 nesciebat
901 1749 991 1810 tunc
1004 1732 1108 1836 cujus
1125 1747 1203 1806 erat
1216 1759 1364 1837 ymagm
1383 1747 1420 1807 et
1432 1731 1770 1836 tuncfuitpetitum
1782 1735 1828 1812 ab

407 1892 452 1942 eo
467 1881 595 1943 utrum
616 1861 786 1938 crederet
803 1863 843 1938 in
863 1861 968 1938 illum
989 1861 1095 1966 cujus
1111 1877 1187 1937 erat
1201 1887 1350 1966 ymago,
1373 1875 1411 1937 et
1425 1861 1504 1966 ipse
1520 1863 1714 1967 respondit
1726 1863 1827 1969 quod

407 1995 581 2072 credebat
601 1995 639 2069 in
665 1993 821 2070 lhesum
840 1991 1032 2072 Christum
1056 2009 1094 2068 et
1120 1993 1159 2068 in
1185 1990 1435 2068 beatissimam
1458 1992 1649 2098 Virginem
1672 2012 1826 2072 matrem

407 2153 524 2202 suam.
546 2127 592 2201 Et
612 2123 689 2230 ipse
711 2125 804 2200 dixit
819 2125 923 2230 quod
937 2124 1033 2200 male
1050 2121 1239 2212 credeban
1258 2139 1295 2199 et
1314 2123 1393 2228 ipse
1409 2150 1556 2228 semper
1577 2125 1707 2202 dicens
1726 2126 1829 2233 quod

406 2255 581 2332 credebat
600 2257 638 2330 in
656 2256 810 2332 Jhesum
827 2255 1018 2332 Christum
1035 2271 1072 2330 et
1085 2255 1124 2329 in
1139 2253 1339 2360 gloriosam
1352 2270 1507 2330 matrem
1523 2283 1643 2343 suam,
1665 2255 1737 2332 fuit
1752 2287 1829 2334 ver-

405 2385 556 2462 beratus
571 2385 618 2462 ab
635 2386 715 2490 ipso
734 2386 935 2492 recipiente
956 2385 1097 2472 acriter,
1122 2399 1159 2460 et
1173 2401 1300 2490 postea
1312 2383 1384 2460 fuit
1397 2385 1543 2490 positus
1556 2385 1750 2463 incarcere
1762 2417 1829 2494 per

405 2543 519 2592 unam
534 2516 635 2592 diem
652 2516 731 2592 sine
747 2535 840 2621 potu
853 2515 1000 2605 etcib03
1019 2532 1056 2592 et
1071 2515 1238 2621 oportuit
1250 2513 1411 2590 finaliter
1421 2515 1524 2618 (cum
1541 2515 1713 2593 dicebant
1727 2519 1827 2624 quod

407 2645 505 2720 male
525 2645 715 2750 credebat)
731 2646 835 2751 quod
849 2645 1001 2736 faceret3
1018 2661 1107 2722 tunc
1126 2643 1218 2720 dixit
1234 2673 1276 2720 ex
1299 2661 1401 2750 parte
1423 2646 1513 2735 Dei,
1537 2661 1575 2720 et
1590 2647 1708 2722 nichil
1728 2646 1827 2724 aliud

407 2801 473 2880 per
484 2776 741 2881 juramentum
754 2803 879 2864 suurn,
895 2775 1014 2851 ethoc
1024 2773 1130 2861 dixit,
1147 2774 1235 2878 quin
1251 2801 1337 2849 eum
1353 2773 1527 2850 volebant
1540 2775 1679 2852 iterum
1689 2803 1826 2882 ponere

407 2907 445 2980 in
461 2931 624 2993 carcere,
641 2907 728 3012 quia
741 2904 888 2982 dicebat
900 2903 1004 3011 quod
1015 2903 1162 2981 volebat
1174 2905 1272 2980 exire
1289 2921 1327 2981 et
1342 2905 1394 2980 ire
1408 2905 1622 2982 addomum
1633 2909 1824 3013 patrissui.

366 3049 370 3064 '
463 3037 713 3141 Interrogatus
734 3035 780 3112 de
802 3034 948 3122 osculo,
968 3035 1060 3111 dixit
1078 3035 1183 3140 quod
1201 3035 1252 3110 ita
1268 3052 1346 3111 erat
1358 3051 1605 3113 tormentatus
1624 3063 1693 3144 per
1711 3039 1828 3115 dictos

408 3167 553 3254 fratres,
571 3167 675 3272 quod
692 3193 768 3242 non
784 3167 915 3243 recolit
929 3167 1032 3274 quod
1045 3165 1149 3242 aliud
1161 3194 1275 3271 quarn
1293 3165 1385 3243 dixit
1398 3165 1513 3244 luerit
1526 3168 1598 3246 sihi
1614 3167 1753 3245 factum
1763 3197 1826 3246 seu

327 3322 332 3334 ·
408 3295 563 3373 dictum.
586 3298 835 3402 Interrogatus
858 3311 985 3372 utrum
1009 3295 1061 3384 vi,
1089 3295 1147 3372 vel
1169 3313 1310 3372 terrore
1331 3314 1605 3374 tormentorum
1626 3315 1691 3374 aut
1710 3327 1829 3376 carce-

406 3427 473 3513 ris,
491 3427 529 3500 in
544 3453 610 3500 sua
626 3425 865 3530 deposicione
885 3424 1019 3502 dixerit
1032 3444 1097 3502 aut
1117 3425 1362 3502 immiscuerit
1382 3425 1594 3518 falsitatem,
1616 3445 1679 3504 aut
1697 3431 1828 3505 verita-

406 3575 481 3632 tem
501 3555 735 3642 subticuerit,
759 3554 852 3630 dixit
869 3583 936 3660 per
950 3556 1208 3662 juramentum
1228 3585 1337 3632 suum
1360 3555 1465 3662 quod
1482 3583 1576 3644 non,
1596 3558 1712 3636 immo
1727 3559 1827 3666 quod

406 3687 503 3762 illud
522 3687 627 3791 quod
644 3687 736 3762 dixit
755 3713 885 3762 verum
902 3703 967 3762 est.

463 3952 552 4024 ltem
566 3948 679 4024 frater
692 3947 892 4024 Baldoinus
903 3948 950 4024 de
961 3947 1124 4037 Waben,
1138 3949 1242 4024 etatis
1253 3949 1435 4055 sexaginta
1446 3977 1633 4026 annorum
1648 3951 1706 4027 vel
1718 3952 1824 4041 circa,

408 4079 543 4154 eodem
564 4078 679 4154 modo
693 4080 931 4166 constitutus,
948 4078 1094 4183 juratus
1115 4094 1153 4154 et
1172 4079 1437 4185 interrogatus,
1453 4081 1546 4156 dixit
1558 4109 1626 4186 per
1637 4082 1827 4187 juramen-

406 4226 486 4285 tum
503 4237 612 4285 suum
631 4209 733 4314 quod
753 4223 924 4315 receptus
942 4207 1013 4285 fuit
1033 4209 1070 4284 in
1090 4208 1201 4286 domo
1225 4210 1272 4286 de
1292 4211 1410 4287 Bosco
1431 4212 1469 4286 in
1489 4211 1745 4302 Viromandis,
1764 4241 1830 4319 per

406 4338 557 4414 fratrem
578 4339 784 4418 Guarinum
802 4339 849 4416 de
864 4339 1004 4417 Grandi
1022 4336 1167 4428 Villari,
1183 4341 1244 4416 die
1259 4340 1453 4418 Dominica
1469 4342 1637 4446 proximo
1653 4343 1828 4448 preterita

408 4487 494 4545 sunt
517 4487 602 4547 octo
622 4470 723 4556 anni,
746 4470 983 4576 presentibus
1012 4469 1122 4546 fratre
1148 4469 1282 4548 Odone
1314 4471 1360 4546 de
1386 4469 1526 4548 Grandi
1547 4472 1673 4551 Villari
1694 4491 1828 4578 nepotc

395 4589 496 4676 'dicti
513 4601 728 4706 receptoris,
751 4599 860 4676 fratre
876 4601 1026 4678 Matheo
1040 4601 1088 4676 de
1109 4599 1234 4707 Tilloy
1248 4618 1285 4676 ct
1302 4600 1476 4706 pluribus
1495 4602 1576 4678 aliis
1598 4605 1645 4680 de
1666 4632 1829 4709 quorum

407 4730 624 4806 nominibus
640 4757 716 4806 non
730 4730 872 4806 recolit.
887 4731 988 4807 Dixit
1002 4730 1118 4806 eciam
1133 4759 1202 4836 per
1216 4720 1470 4836 juramentum
1489 4761 1600 4810 suurn
1613 4734 1734 4840 quod,
1747 4752 1831 4841 post

406 4861 540 4937 multas
554 4859 820 4966 promissiones
836 4859 882 4938 ab
902 4887 946 4936 eo
966 4859 1078 4936 factas
1099 4861 1145 4936 de
1162 4861 1306 4938 statutis
1327 4879 1363 4936 et
1378 4863 1529 4938 secretis
1542 4863 1686 4941 ordinis
1701 4865 1829 4941 obser·
