4320 5898
388 493 410 564 a
788 467 979 563 eneces
1004 486 1099 560 uas
1125 486 1424 560 exuramus.

387 631 541 709 audivit
554 647 682 708 tamen
700 630 774 708 dici
795 632 842 710 ab
860 629 1051 739 aliquibus
1067 658 1111 706 ex
1129 627 1307 707 fratribus
1324 628 1484 722 ordinis,
1501 628 1548 706 de
1569 655 1735 736 quorum
1750 653 1817 702 no-

386 760 557 839 minibus
584 791 664 840 non
692 763 922 852 recordatur,
951 761 1055 869 quod
1090 776 1310 868 preceptum
1336 760 1460 840 suerat
1483 758 1537 838 eis
1564 760 1603 836 in
1629 757 1818 867 recepcio-

387 895 501 973 nibus
519 922 653 972 eorum
670 895 774 1001 quod
794 911 975 1001 spuerent
995 921 1107 999 supra
1123 921 1291 983 crucem3
1313 895 1379 972 sed
1399 893 1470 1000 ipsi
1487 892 1664 970 dicebant
1682 917 1817 969 senon

387 1025 552 1133 spuisse,
573 1055 650 1102 non
669 1043 796 1104 tamur
817 1025 961 1104 audivit
975 1024 1048 1102 dici
1064 1023 1112 1101 ab
1128 1024 1181 1102 eis
1201 1026 1307 1131 quod
1326 1025 1585 1132 preciperetur
1603 1023 1657 1102 eis
1673 1021 1817 1130 aliquid
1900 1107 1911 1120 ³

388 1158 436 1236 de
457 1157 732 1268 abnegacione,
762 1187 832 1236 uec
852 1158 900 1235 de
920 1155 1227 1245 conculcacione,
1257 1185 1329 1234 nec
1357 1158 1404 1235 de
1428 1155 1566 1234 osculis
1589 1154 1815 1242 inhonestis,

388 1316 458 1367 nec
478 1290 596 1367 eciam
620 1290 668 1367 de
691 1289 849 1367 crimine
869 1288 1115 1376 sodomitico,
1134 1287 1193 1365 vel
1214 1288 1261 1366 de
1287 1288 1414 1395 aliquo
1439 1289 1654 1367 inhonesto.
1679 1287 1819 1395 Requi-

388 1421 482 1498 situs
507 1421 660 1528 quaudo
690 1419 833 1498 audivit
858 1418 1026 1526 predicta
1050 1417 1144 1507 dici,
1178 1418 1271 1495 dixit
1295 1419 1399 1524 quod
1426 1435 1516 1498 sunt
1543 1418 1818 1528 quinquaginta

387 1551 477 1628 anni
496 1549 556 1628 vel
572 1551 685 1640 circa,
701 1568 739 1627 et
755 1578 799 1627 ex
812 1566 905 1627 tunc
920 1548 1054 1626 babuit
1068 1548 1206 1631 malam
1219 1547 1471 1654 suspicionem
1490 1541 1616 1627 contra
1627 1550 1816 1642 ordinem,

387 1710 501 1789 quam
532 1698 640 1759 antea
671 1709 748 1759 non
775 1680 950 1780 babebat.
975 1681 1057 1788 lpse
1079 1696 1207 1762 autem
1226 1681 1369 1788 recepit
1387 1707 1434 1758 xx
1452 1681 1511 1758 vel
1535 1707 1604 1758 xxv
1626 1680 1758 1759 fratres
1778 1683 1817 1758 iu

389 1813 523 1891 ordine
548 1816 595 1890 de
620 1812 759 1920 quibus
784 1812 878 1889 dixit
909 1840 988 1890 esse
1012 1811 1138 1889 vivum
1164 1812 1203 1888 in
1229 1811 1389 1918 Rupella
1414 1813 1569 1890 Petrum
1600 1813 1648 1889 dc
1674 1813 1819 1890 Luchet

389 1945 613 2023 servientem
634 1943 886 2032 Xantooensis
910 1943 1092 2035 diocesis,
1116 1971 1253 2020 omnes
1273 1943 1366 2020 alios
1387 1971 1466 2028 esse
1487 1962 1674 2034 mortuos3
1703 1974 1817 2052 quem
1919 1941 1922 1950 ’

389 2079 544 2155 Petrum
562 2075 705 2181 recepit
717 2075 757 2152 in
779 2073 920 2180 capella
941 2075 988 2152 de
1001 2073 1177 2180 Rupella,
1199 2074 1293 2152 circa
1311 2076 1452 2154 instans
1469 2075 1608 2155 festum
1619 2076 1819 2156 nativitatis

387 2207 490 2286 beati
511 2207 692 2286 Jobannis
710 2206 875 2312 Baptista
902 2222 1014 2286 erunt
1045 2205 1214 2312 quinque
1246 2205 1334 2282 anui
1359 2207 1417 2284 vel
1443 2207 1555 2296 circa,
1581 2209 1820 2314 presentibus

390 2337 556 2446 quodam
583 2336 697 2414 fratre
724 2336 935 2444 presbitero
965 2336 1109 2413 ordinis
1138 2335 1351 2429 Gallicano,
1375 2337 1481 2445 cujus
1507 2367 1648 2416 nomen
1674 2357 1712 2417 et
1735 2369 1820 2450 cog-

390 2497 532 2548 nomen
563 2469 728 2575 ignorat‚
754 2467 1023 2546 Bartholomeo
1050 2469 1098 2546 de
1122 2470 1315 2576 Pertenay‚
1341 2467 1551 2548 Guillelmo
1571 2471 1619 2550 dc
1646 2473 1818 2553 Mortone

391 2600 867 2710 Engolismensisdiocesis
891 2598 1140 2678 servientibus
1162 2600 1374 2694 deffunctis,
1392 2619 1437 2680 ‘et
1464 2631 1553 2680 eum
1579 2603 1722 2709 recepit
1752 2633 1821 2710 per

393 2761 481 2810 eum
502 2733 661 2811 modum
680 2762 749 2841 per
768 2759 883 2842 quem
903 2731 1080 2840 deposuit
1097 2759 1136 2808 se
1156 2730 1272 2810 luisse
1295 2749 1500 2840 receptum.
1522 2732 1624 2811 Dixit
1643 2735 1759 2812 eciam
1781 2765 1820 2813 se

391 2865 577 2972 recepisse
608 2864 798 2976 predictos
829 2865 985 2941 Petrum
1017 2879 1054 2940 et
1087 2861 1181 2940 alios
1214 2864 1424 2942 secundum
1463 2863 1623 2942 modum
1654 2864 1818 2954 licitum,

392 2995 482 3103 quia
508 3023 595 3072 cum
617 2995 821 3074 dimisisset
840 2995 1021 3072 ducentas
1041 2992 1415 3112 libras'Turoneuses
1441 2995 1695 3086 reddituales,
1728 3026 1821 3104 quas
1918 3041 1930 3060 ⁴

393 3128 587 3206 habuisset
614 3127 775 3205 existens
805 3126 845 3202 in
876 3126 1024 3214 seculo,
1055 3142 1099 3202 ut
1125 3125 1285 3203 existens
1312 3125 1353 3201 in
1390 3126 1523 3204 ordine
1552 3125 1707 3208 salvaret
1741 3129 1822 3204 ani-

393 3287 494 3336 mam
522 3288 654 3359 suam,
682 3256 791 3336 nullo
820 3257 937 3334 modo
969 3257 1230 3347 consensisset⁸
1248 3256 1395 3364 aliquid
1428 3255 1558 3334 illicite
1585 3274 1737 3344 actum,
1776 3289 1820 3338 eo

393 3391 550 3483 sciente,
573 3389 776 3472 mandante
795 3389 854 3467 vel
873 3389 1153 3479 consenciente3
1173 3387 1240 3466 sed
1258 3418 1301 3465 ex
1320 3416 1396 3496 quo
1415 3389 1609 3466 audiverat
1626 3389 1701 3466 dici
1716 3391 1822 3497 quod

393 3523 585 3630 aliquibus
604 3523 765 3631 receptis
784 3549 854 3630 per
868 3521 961 3598 alios
976 3549 1090 3628 quarn
1112 3548 1180 3627 per
1196 3520 1320 3628 ipsum
1336 3538 1557 3628 preceptum
1577 3520 1699 3601 suerat
1717 3525 1823 3628 quod

391 3671 572 3762 spuerent
588 3683 700 3761 supra
718 3681 885 3744 crucem,
909 3669 947 3728 et
966 3650 1151 3730 habuerat
1167 3652 1421 3758 suspicionem
1443 3653 1482 3728 iu
1500 3651 1613 3730 corde
1630 3681 1699 3730 suo
1717 3654 1823 3760 quod

393 3787 465 3864 hoc
496 3803 593 3864 esset
620 3813 767 3874 verum,
799 3782 952 3888 quando
987 3781 1224 3889 contingerat
1253 3810 1342 3858 cum
1375 3782 1504 3860 adesse
1538 3783 1823 3888 recepcionibus

368 3917 574 4004 -aliorum,
596 3913 799 3992 recedebat
823 3941 937 4019 quam
963 3913 1069 4019 prius
1088 3929 1252 4020 poterat,
1274 3913 1414 3992 tradito
1439 3914 1623 3993 mantello
1650 3915 1820 4021 receptis.

392 4047 610 4154 Requisitus
631 4045 662 4121 si
678 4073 746 4152 per
766 4042 934 4150 aliquem
959 4071 1003 4119 ex
1023 4043 1283 4150 superioribus
1303 4045 1380 4122 suis
1397 4045 1519 4122 suerat
1542 4046 1575 4122 ei
1601 4063 1824 4154 preceptum

393 4177 499 4285 quod
519 4193 684 4256 servaret
707 4174 853 4281 aliquid
875 4172 1053 4252 illicitum
1073 4175 1114 4252 in
1140 4176 1427 4283 recepcionibus
1450 4175 1607 4254 fratrum
1627 4176 1686 4254 vel
1715 4195 1821 4284 post,

393 4308 591 4416 respondit
601 4308 708 4415 quod
719 4335 809 4385 uon.
828 4305 1046 4413 Requisitus
1060 4307 1091 4384 si
1103 4309 1182 4416 ipse
1194 4308 1345 4386 locutus
1358 4307 1480 4386 fuerat
1498 4309 1641 4387 eisdem
1655 4311 1825 4416 superio-

393 4439 499 4517 ribus
514 4465 553 4515 se
568 4435 753 4514 audivisse
772 4434 846 4511 dici
862 4436 968 4542 quod
982 4421 1151 4544 predicta
1171 4438 1315 4545 spuicio
1332 4440 1452 4516 crucis
1465 4439 1743 4547 precipiebatur
1757 4471 1824 4548 per

393 4570 539 4677 aliquos
550 4566 634 4646 fieri
648 4570 688 4643 in
704 4566 850 4656 ordine,
865 4569 1063 4675 respondit
1074 4569 1179 4677 quod
1194 4598 1289 4662 non3
1307 4570 1450 4648 dixerat
1464 4587 1591 4649 tamen
1606 4570 1825 4679 frequenter

393 4699 523 4778 multis
537 4729 580 4777 ex
600 4696 778 4776 fratribus
793 4698 938 4776 ordinis
954 4701 1057 4806 quod
1075 4701 1144 4778 sibi
1163 4701 1387 4811 displicebat
1403 4702 1568 4780 multum
1583 4703 1671 4810 quia
1689 4730 1823 4780 eorum

392 4831 633 4939 recepciones
648 4829 791 4907 fiebant
809 4828 1055 4922 clandestine,
1079 4833 1194 4911 nullis
1214 4833 1454 4940 presentibus
1472 4835 1544 4912 nisi
1565 4833 1743 4913 fratribus
1763 4862 1824 4912 or·
