4210 5882
718 545 915 640 rnocts
940 565 1037 638 ons
1063 563 1359 638 rnxrmnns.
1676 563 1746 639 sm

326 711 487 799 dem,in
495 707 659 817 religiosi
672 725 707 784 et
722 708 870 786 honesti
885 708 952 784 viri
965 705 1237 784 fratrisNicolai
1263 707 1310 784 de
1324 707 1519 784 Anessiaco
1537 709 1679 787 ordinis
1700 712 1751 788 di-

325 860 473 920 ctorum
483 840 784 927 Predicatorum,
797 838 1040 918 commissarii
1052 837 1142 916 dicti
1157 839 1302 916 domini
1317 839 1567 945 inquisitoris,
1579 859 1750 920 nostrum

325 973 558 1050 notariorum
575 988 612 1049 et
624 971 776 1048 testium
790 971 1087 1076 subscriptorum
1108 971 1300 1076 presencia
1317 968 1563 1074 personaliter
1580 974 1751 1048 constitu-

323 1122 385 1181 tus
406 1121 444 1180 et
459 1103 595 1182 eodem
610 1102 725 1180 modo
740 1101 888 1208 juratus
912 1118 949 1178 et
967 1100 1181 1207 requisitus,
1204 1099 1317 1178 frater
1331 1099 1505 1178 Albertus
1526 1102 1573 1178 de
1594 1104 1751 1180 Rumer-

325 1250 431 1310 court
452 1233 657 1338 presbyter,
680 1232 789 1308 etatis
809 1232 1040 1338 septuaginta
1059 1257 1243 1309 annorum
1257 1230 1316 1306 vel
1333 1231 1442 1318 cirea,
1468 1231 1561 1307 dixit
1569 1259 1638 1336 per
1651 1235 1752 1339 jura-

326 1383 496 1441 mentum
513 1392 624 1442 suum
644 1363 932 1469 quodreoeptus
943 1361 1016 1440 luit
1029 1361 1131 1467 apud
1146 1363 1418 1450 Montesoourt,
1440 1379 1517 1437 tres
1535 1363 1619 1440 anui
1642 1383 1751 1441 erunt

322 1497 518 1574 Dominice
534 1513 618 1574 ante
637 1496 775 1573 instans
792 1495 1098 1601 carnisprivium,
1118 1523 1183 1601 per
1198 1493 1351 1572 fratrem
1361 1494 1537 1601 Egidium
1553 1496 1601 1571 de
1615 1496 1750 1574 Chivre

323 1627 497 1717 militem,
521 1627 569 1704 de
591 1645 767 1735 precepto
788 1626 912 1704 fretris
931 1625 1084 1704 lloberti
1105 1625 1153 1702 de
1174 1625 1331 1732 Samayo
1351 1624 1498 1711 militis,
1523 1628 1751 1731 preceptoris

320 1757 528 1840 balliviede
537 1759 805 1846 Montescourt,
817 1756 1057 1863 presentibus
1065 1757 1178 1834 fratre
1187 1755 1502 1844 lohanneWatel,
1516 1753 1624 1832 lratre
1630 1755 1750 1833 Adam

323 1887 370 1964 de
384 1889 535 1994 Sarnay,
561 1904 596 1963 et
617 1887 844 1993 quibusdam
864 1887 946 1964 aliis
960 1886 1007 1962 de
1026 1915 1188 1993 quorum
1208 1885 1428 1963 nominibus
1448 1914 1524 1962 non
1544 1887 1693 1977 recolit3
1715 1907 1752 1965 et

323 2016 415 2095 dixit
431 2046 499 2123 per
517 1994 774 2123 juramentum
801 2045 915 2095 suum
932 2016 1037 2123 quod
1060 2016 1164 2094 idem
1179 2015 1292 2093 frater
1320 2016 1506 2094 liebertus
1522 2018 1568 2094 de
1588 2019 1750 2124 Sarneyo

322 2147 487 2227 ostendit
506 2148 576 2228 sibi
599 2175 748 2226 crucem
769 2147 954 2254 depictam
968 2148 1008 2225 in
1024 2147 1189 2254 quodam
1211 2147 1367 2234 missali,
1389 2175 1474 2224 curn
1492 2147 1614 2254 effigie
1635 2151 1750 2226 lhesu

321 2278 474 2368 Christi,
488 2296 527 2357 et
537 2280 704 2386 precepit
714 2278 784 2356 sibi
797 2276 1230 2385 dictusllobertusquod
1243 2277 1323 2383 ipse
1332 2279 1750 2384 spueretsupradictem

321 2438 490 2486 crucem:
509 2411 575 2516 qui
593 2409 684 2486 dixit
697 2426 799 2486 totus
809 2409 985 2488 territus:
1003 2445 1015 2476 ι
1031 2411 1085 2485 Ha
1098 2425 1221 2486 sancta
1232 2407 1364 2512 Mariel
1379 2435 1496 2513 quare
1507 2407 1667 2484 facerem
1680 2437 1749 2516 ego

320 2541 416 2617 hocl
430 2543 510 2650 Ego
524 2541 687 2647 aperturi
705 2539 831 2618 omnia
845 2541 944 2618 bona
959 2567 1043 2618 mea
1056 2541 1175 2628 intus,
1194 2539 1370 2616 videlicet
1383 2538 1623 2646 quadraginta
1638 2540 1751 2616 libras

319 2689 419 2750 terre
439 2672 676 2762 redditualis,
700 2689 737 2748 et
756 2699 820 2750 vos
838 2669 949 2750 vultis
973 2671 1080 2777 quod
1106 2698 1175 2777 ego
1194 2669 1325 2747 faciam
1347 2687 1423 2746 tam
1447 2668 1620 2746 mirabile
1645 2673 1749 2776 quod

320 2801 424 2879 nullo
445 2801 561 2880 modo
581 2800 752 2879 lacerem.
770 2839 784 2870 ι
803 2801 851 2877 Et
868 2817 960 2878 tunc
984 2799 1048 2878 ille
1068 2799 1182 2877 frater
1200 2799 1386 2878 Robertus
1406 2800 1498 2876 dixit
1516 2831 1525 2874 ι
1542 2839 1555 2870 ι
1571 2801 1670 2894 Quia
1685 2830 1749 2878 vos

321 2932 408 3010 estis
427 2959 558 3021 senex,
589 2960 658 3010 nos
681 2959 875 3037 parcemus
894 2930 999 3010 vobis
1019 2929 1226 3036 superbiis
1247 2948 1284 3006 et
1307 2930 1433 3020 aliis,·
1456 2949 1493 3006 et
1512 2931 1627 3008 nichil
1646 2931 1749 3010 aliud

319 3061 391 3139 fuit
405 3063 477 3140 sibi
494 3061 651 3150 factum,
675 3079 718 3138 ut
734 3061 827 3138 dixit
847 3089 915 3167 per
925 3061 1185 3166 juramentum
1205 3089 1330 3138 suum.
1346 3062 1449 3138 Dixit
1469 3063 1586 3138 eciam
1606 3091 1675 3167 per
1688 3066 1750 3170 ju-

319 3210 531 3270 rementum
551 3219 662 3269 suum
681 3191 785 3297 quod
806 3190 837 3267 si
857 3190 985 3278 sciret,
1006 3207 1205 3296 antequam
1224 3191 1396 3278 intraret,
1412 3191 1517 3297 quod
1537 3191 1633 3269 ordo
1655 3213 1750 3270 esset

318 3323 419 3413 telis,
441 3323 547 3430 quod
571 3351 649 3400 non
678 3323 852 3398 intrasset
868 3351 939 3428 pro
968 3337 1049 3418 toto
1070 3321 1234 3410 mundo;
1257 3323 1373 3406 immo
1398 3321 1484 3427 plus
1509 3322 1621 3398 vellet
1644 3325 1749 3429 quod

318 3455 503 3532 abscisum
526 3453 656 3531 finisset
679 3453 751 3530 sibi
772 3468 893 3557 ceput.
922 3451 1138 3556 Requisitus
1159 3468 1288 3528 utrum
1311 3451 1447 3528 viderit
1471 3454 1585 3556 recipi
1603 3453 1749 3560 aliquos

317 3585 466 3672 fratres,
481 3585 574 3663 dixit
587 3611 656 3691 per
669 3583 927 3690 juramentum
943 3609 1055 3659 suum
1069 3582 1175 3689 quod
1191 3583 1244 3660 sio
1258 3583 1461 3687 quemdem
1474 3584 1539 3689 qui
1550 3583 1750 3662 vocabatur

317 3715 472 3822 Egidius
483 3715 530 3790 de
538 3713 830 3800 Valenoiennes;
853 3729 890 3788 et
905 3711 1047 3817 recepit
1063 3739 1151 3788 eum
1163 3711 1276 3788 frater
1290 3710 1377 3790 Odo
1389 3729 1586 3817 preceptor
1599 3713 1748 3790 ballivie

317 3845 642 3935 viromendensis,
670 3863 708 3923 et
730 3845 823 3921 dixit
847 3845 951 3950 quod
975 3844 1117 3921 audivit
1140 3845 1246 3951 quod
1269 3845 1392 3922 dictus
1412 3845 1597 3951 recipiens
1619 3873 1749 3951 prece-

318 3978 373 4083 pit
393 3977 516 4054 eidem
542 3975 644 4054 fratri
661 3975 795 4083 Egidio
815 3975 920 4080 quod
940 3991 1091 4080 spueret
1111 4003 1222 4081 supra
1242 3976 1446 4081 quamdam
1467 4005 1614 4054 crucem
1634 4005 1748 4082 quam

319 4107 482 4186 ostendit
500 4106 593 4198 sibi,
620 4125 658 4183 et
682 4123 775 4183 tunc
793 4103 896 4182 idem
921 4103 1077 4212 Egidius
1100 4105 1215 4210 spuit,
1242 4105 1300 4182 vel
1318 4104 1423 4182 finxit
1442 4133 1481 4182 se
1510 4134 1659 4212 spuere,
1681 4105 1749 4184 sed

317 4237 514 4316 videbatur
523 4238 648 4315 eidem
669 4237 735 4344 qui
755 4235 924 4342 loquitur
943 4235 1047 4340 quod
1063 4253 1227 4342 spueret.

375 4369 468 4445 ltem
482 4367 683 4475 requisitus
698 4383 828 4443 utrum
838 4366 890 4457 vi,
906 4363 964 4442 vel
981 4381 1085 4443 metu
1105 4367 1265 4444 carceris
1284 4383 1346 4444 aut
1359 4367 1747 4471 tormentorum,ipse

317 4498 356 4572 in
373 4498 563 4604 premissis
575 4497 739 4604 aliquem
752 4495 999 4574 immiscuerit
1007 4495 1065 4572 vel
1079 4495 1214 4575 dixerit
1227 4495 1441 4588 falsitatem,
1459 4495 1517 4574 vel
1529 4497 1747 4574 subticuerit

318 4627 537 4720 veritatem,
564 4629 657 4707 dixit
688 4656 755 4734 per
769 4629 1025 4736 juramentum
1052 4654 1162 4702 suum
1187 4628 1293 4734 quod
1318 4657 1410 4722 non,
1433 4646 1471 4706 et
1490 4627 1592 4735 quod
1613 4655 1745 4733 puram

319 4759 513 4836 veritatem
533 4760 626 4837 dixit
645 4776 684 4836 et
705 4787 859 4838 merem.

378 4891 512 4968 Actum
528 4891 739 4968 Perisiusin
757 4889 872 4968 domo
887 4891 1055 4996 Templi,
1078 4891 1175 4967 dicta
1195 4890 1255 4966 die
1279 4917 1323 4968 xx
1346 4890 1571 4978 novembris,
1593 4916 1744 4996 presen-
