4242 5890
370 499 443 569 sno
757 476 953 570 rnocns
980 493 1075 566 uns
1101 490 1399 564 rnupmnns

369 665 456 712 eum
476 637 516 712 in
536 633 611 710 fine
626 635 730 741 spine
753 635 852 714 dorsi
869 653 907 712 et
925 635 963 711 in
986 631 1167 710 umbilico
1189 647 1226 708 et
1242 631 1279 708 in
1295 659 1371 708 ore.
1393 630 1495 706 Dixit
1515 631 1632 708 eciem
1651 660 1720 738 per
1733 635 1791 741 ju·

366 784 576 844 ramentum
590 795 701 842 suum
719 768 823 872 quod
836 767 1046 872 injunctum
1064 762 1135 840 fuit
1147 762 1218 840 sibi
1235 761 1385 868 quodsi
1402 761 1503 838 calor
1515 760 1693 841 naturalis
1708 792 1789 842 mo-

365 915 467 976 veret
483 927 589 988 cum,
604 898 707 1002 quod
726 896 984 974 commisceret
1002 923 1041 972 se
1062 922 1148 970 cum
1168 892 1344 970 fratribus
1357 893 1448 982 suis,
1467 910 1504 969 et
1517 894 1589 970 hoc
1600 911 1789 1000 pateretur

366 1028 412 1104 de
431 1027 609 1104 fratribus
629 1028 715 1106 suist
738 1027 951 1134 Requisitus
972 1043 1098 1102 utrum
1119 1024 1164 1112 vi,
1185 1023 1243 1098 vel
1261 1039 1363 1098 metu
1380 1023 1535 1100 carceris
1551 1023 1608 1100 vel
1622 1041 1788 1102 tormen-

365 1174 507 1248 torum,
524 1159 685 1263 aliquam
702 1157 834 1233 dixerit
848 1156 1045 1234 falsitatem
1060 1152 1117 1231 vel
1132 1153 1377 1230 immiscuerit
1391 1153 1429 1229 in
1444 1153 1683 1258 deposicione
1702 1185 1784 1242 sua,

365 1287 457 1365 dixit
469 1317 536 1394 per
547 1288 801 1394 juramentum
819 1314 929 1362 suum
941 1286 1046 1391 quod
1059 1311 1156 1372 non;
1174 1285 1291 1360 immo
1308 1282 1400 1358 dixit
1413 1283 1617 1360 veritatem.

419 1551 509 1626 Item
546 1548 659 1626 frater
694 1548 916 1654 Radulphus
943 1547 1088 1641 Quarre
1116 1545 1260 1622 ordinis
1286 1544 1461 1656 predicti,
1495 1545 1602 1623 etatis
1635 1546 1784 1652 triginta

361 1680 528 1786 quinque
555 1707 739 1757 annorum
759 1677 816 1756 vel
840 1679 952 1768 circe,
968 1677 1115 1784 juratus
1137 1676 1272 1753 eodem
1292 1675 1422 1767 modu,
1450 1692 1489 1752 et
1510 1677 1711 1782 requisitus
1738 1677 1784 1754 de

360 1827 528 1916 tempore
540 1827 577 1886 et
592 1810 706 1887 modo
719 1808 946 1916 recepcionis
955 1835 1040 1901 sue,
1054 1807 1145 1884 dixit
1155 1835 1223 1913 per
1225 1837 1239 1912 J
1245 1813 1482 1884 uramentum
1493 1835 1604 1884 suum
1610 1809 1715 1914 quod
1725 1837 1784 1884 re-

361 1957 489 2044 ceptus
496 1939 568 2018 fuit
581 1940 756 2030 Perisius,
772 1969 841 2046 per
855 1938 1005 2021 fratrem
1019 1939 1228 2016 Johannem
1246 1937 1517 2014 thesaurarium
1538 1938 1780 2044 Parisiensem

359 2069 423 2175 qui
437 2088 776 2177 nuncest,quatuor
785 2071 871 2148 anni
880 2069 1287 2175 suntelapsi.Dixitper
1293 2069 1550 2176 juramentum
1561 2098 1671 2148 suum
1680 2071 1782 2176 quod

358 2200 557 2304 recipiens,
579 2217 664 2307 post
681 2200 818 2278 multas
838 2200 1103 2306 promissiones
1126 2198 1174 2275 de
1196 2197 1434 2276 observandis
1455 2200 1599 2276 statutis
1623 2200 1779 2288 ordinis,

358 2331 481 2437 posuit
503 2330 572 2408 sibi
597 2330 818 2407 mantellum
840 2330 888 2407 ad
912 2328 1073 2418 collum,
1097 2345 1133 2404 et
1157 2344 1287 2433 postca
1306 2329 1472 2406 ostendit
1491 2327 1561 2406 sibi
1582 2330 1781 2437 quamdam

358 2487 507 2536 crucem
517 2460 556 2537 in
571 2488 644 2566 qua
659 2477 740 2537 erat
746 2488 878 2567 ymago
888 2461 908 2536 J
912 2461 1004 2536 besu
1014 2457 1169 2548 Christi,
1186 2474 1225 2534 et
1238 2459 1405 2564 precepit
1418 2460 1451 2535 ei
1465 2459 1570 2565 quod
1581 2460 1782 2568 abnegaret

356 2587 464 2666 illum
481 2591 586 2697 cujus
605 2618 737 2699 ymago
752 2607 829 2668 erat
846 2589 918 2678 ibi,
942 2607 979 2666 et
999 2588 1102 2696 quod
1120 2603 1270 2693 spueret
1287 2605 1345 2666 ter
1363 2618 1473 2694 supra
1490 2618 1655 2678 crucem,
1678 2592 1781 2697 quod

356 2728 456 2806 fecit.
469 2729 736 2835 Requisitusde
747 2729 894 2819 osculo,
914 2729 1006 2806 dixit
1013 2755 1080 2834 per
1089 2727 1348 2834 juramentum
1359 2757 1469 2805 suum
1479 2730 1584 2835 quod
1597 2730 1780 2808 osculatus

355 2855 427 2935 fuit
445 2859 688 2965 recipientem
707 2877 774 2948 ter,
794 2860 917 2965 primo
933 2859 972 2936 in
991 2857 1065 2936 fine
1081 2859 1185 2964 spine
1206 2858 1325 2948 dorsi,
1343 2860 1509 2936 secundo
1526 2860 1565 2935 in
1580 2859 1776 2950 umbilico,

357 3006 394 3066 et
411 2990 528 3090 tercio
549 2991 587 3066 in
603 3016 681 3067 ore.
702 2990 803 3067 Dixit
830 2989 947 3068 eciam
966 3015 1034 3095 per
1043 2989 1301 3095 juramentum
1319 3018 1430 3066 suum
1444 2990 1550 3097 qood
1569 2989 1778 3094 injunctum

354 3117 427 3195 fuit
450 3118 521 3196 sibi
541 3120 646 3226 quod
666 3121 697 3196 si
715 3119 814 3196 calor
830 3117 1008 3196 naturalis
1032 3136 1199 3210 moveret
1217 3147 1319 3207 eum,
1342 3119 1447 3225 quod
1467 3119 1725 3195 commisceret
1739 3149 1778 3196 se

355 3277 440 3325 cum
454 3247 631 3328 fratribus
640 3250 734 3338 suis,
746 3266 783 3326 ct
792 3249 865 3329 boc
878 3265 1068 3355 poteretur
1083 3249 1130 3325 de
1143 3248 1319 3326 fratribus
1328 3249 1416 3326 suis.
1427 3248 1641 3354 Requisitus
1651 3265 1776 3326 utrum

353 3379 404 3469 vi,
424 3377 483 3456 vel
502 3397 607 3458 metu
626 3381 781 3458 carceris
796 3379 855 3458 vel
868 3397 1159 3468 tormentorum,
1179 3378 1342 3485 aliquam
1358 3378 1493 3455 dixerit
1507 3377 1705 3456 falsitatem
1719 3381 1776 3456 vel

352 3511 595 3588 immiscuerit
614 3512 653 3587 in
674 3511 912 3618 deposicione
937 3539 1019 3600 sua,
1042 3510 1134 3588 dixit
1155 3539 1222 3616 per
1243 3509 1502 3615 juramentum
1531 3537 1643 3586 suum
1673 3511 1775 3616 quod

353 3667 448 3728 non;
464 3641 579 3717 immo
596 3641 686 3717 dixit
705 3642 907 3726 veritatem,

408 3905 500 3978 ltem
518 3903 615 3980 dicto
635 3902 713 3991 die,
741 3901 881 3979 scilicet
896 3903 1050 3980 Veneris
1066 3919 1149 3979 ante
1165 3901 1303 3979 festum
1324 3901 1500 4008 Symonis
1520 3919 1557 3978 et
1575 3901 1670 3978 tude
1678 3884 1775 3990 sfro-

351 4046 409 4106 ter
432 4032 619 4108 Parisetus
648 4030 695 4107 de
718 4033 835 4108 Bures
861 4031 1107 4138 Lingonensie
1127 4031 1300 4121 diocesis,
1325 4030 1437 4108 srater
1460 4031 1654 4141 bergerius
1674 4031 1773 4136 apud

352 4159 606 4265 Latigniacum
622 4159 788 4248 Siccum,
809 4161 914 4236 etatis
934 4159 1175 4268 quadraginta
1196 4162 1364 4267 quinque
1385 4188 1569 4238 annorum
1583 4160 1640 4236 vel
1659 4162 1770 4246 circa,

345 4292 491 4396 juratus
499 4291 634 4368 eodem
643 4290 770 4378 modo,
782 4307 818 4366 et
827 4291 1027 4396 requisitus
1035 4291 1083 4368 de
1090 4308 1260 4397 tempore
1270 4309 1307 4366 et
1319 4290 1433 4367 modo
1443 4318 1518 4366 sune
1530 4290 1770 4396 recepcionis‚

351 4420 442 4498 dixit
461 4448 529 4527 per
538 4420 791 4528 juramentum
812 4450 921 4498 suurn
945 4420 1048 4527 quod
1073 4419 1146 4498 fuit
1165 4437 1337 4526 receptus
1356 4422 1395 4495 in
1421 4419 1536 4496 domo
1557 4419 1652 4496 boni
1681 4417 1771 4495 Loci

349 4549 544 4628 Trecensis
562 4551 736 4641 diocesis,
755 4580 823 4657 per
833 4551 984 4629 fratrem
996 4551 1215 4628 Ymbertum
1231 4548 1391 4626 militem
1407 4549 1495 4626 dicti
1510 4549 1670 4638 ordinis,
1684 4566 1773 4624 tres-

350 4680 470 4758 decim
485 4681 574 4758 anni
589 4698 678 4758 sunt
690 4681 816 4788 elapsi.
829 4682 932 4760 Dixit
946 4681 1062 4758 eciam
1076 4710 1144 4788 per
1152 4681 1409 4788 juramentum
1426 4708 1537 4756 suum
1549 4678 1670 4785 quod,
1687 4695 1772 4785 post

348 4809 482 4888 multas
504 4812 772 4919 promissiones
797 4811 844 4888 de
869 4812 1015 4890 statutis
1036 4829 1073 4890 et
1094 4810 1341 4890 observanciis
1369 4809 1456 4885 dicti
1478 4808 1619 4886 ordinis
1638 4807 1767 4896 saetas,
