4310 5906
376 541 448 612 soa
762 515 958 608 rnocbs
985 535 1081 606 ons
1106 535 1407 608 rnnrmnas.

372 676 537 755 nunciati
559 675 721 752 Ecclesie
738 693 958 780 potuerunt,
981 703 1026 754 eo
1049 676 1153 782 quod
1177 703 1252 754 non
1279 675 1447 764 luerunt,
1470 673 1556 780 quia
1580 701 1655 750 uon
1678 676 1800 780 potuit

372 807 506 914 corrigi
528 835 595 883 nec
616 805 783 882 nunciari
804 806 971 884 Ecclesia
991 805 1095 910 quod
1114 833 1190 882 non
1213 805 1301 894 luit,
1324 835 1393 882 nec
1408 802 1581 880 desinere
1599 805 1703 909 quod
1724 833 1799 882 non

371 954 481 1042 cepit.
1439 1013 1442 1018 .

427 1067 486 1144 Ad
504 1067 643 1152 lxxxur,
662 1065 797 1142 lxxxuu
819 1083 856 1140 et
871 1064 976 1142 lxxxv
1000 1065 1174 1142 articulos
1197 1066 1398 1172 diligenter
1418 1081 1456 1140 et
1473 1062 1662 1171 sigillatim
1683 1065 1800 1144 iuter·

373 1217 539 1304 rogatus,
558 1196 651 1273 dixit
664 1194 770 1301 quod
784 1193 916 1272 fratres
932 1194 1021 1272 dicti
1042 1195 1186 1272 ordinis
1199 1197 1263 1302 qui
1280 1195 1439 1274 confessi
1460 1211 1547 1272 sunt
1564 1223 1606 1271 ea
1624 1223 1698 1301 que
1715 1224 1801 1274 con·

372 1330 540 1406 tineutur
560 1328 598 1402 in
619 1325 783 1402 articulis
808 1326 957 1402 mentiti
981 1344 1072 1402 'sunt
1100 1325 1138 1402 in
1163 1325 1287 1431 capud
1312 1353 1441 1414 suum,
1472 1325 1625 1402 veritate
1648 1355 1801 1432 prorsus

373 1458 551 1545 obmissa,
572 1456 667 1534 salva
692 1454 915 1532 excellencia
940 1472 978 1532 et
1002 1457 1192 1534 sanctitate
1215 1455 1323 1534 Sedis
1347 1455 1548 1562 apostolice
1572 1472 1610 1532 et
1631 1457 1800 1564 ejusdem

374 1588 517 1664 domini
538 1589 654 1664 nostri
676 1615 788 1693 pape,
812 1604 851 1664 et
871 1588 1014 1663 bonore
1030 1615 1072 1662 ac
1092 1588 1304 1664 reverencia
1319 1587 1472 1664 fratrum
1494 1588 1586 1694 ejus.

429 1717 487 1794 Ad
506 1717 624 1796 lxxxvi
641 1715 839 1792 articulum
860 1715 1057 1821 diligenter
1071 1717 1336 1822 interrogatus,
1352 1718 1584 1824 respondens
1597 1716 1690 1793 dixit
1698 1717 1801 1822 quod

373 1851 485 1924 l'rater
504 1848 748 1952 Raymundns
762 1846 809 1924 dc
827 1845 965 1924 Gardia
981 1864 1178 1953 preceptor
1198 1847 1336 1924 domus
1348 1848 1466 1925 Mansi
1475 1847 1547 1927 Dei
1564 1847 1707 1926 ordinis
1722 1876 1802 1954 pre·

374 1979 480 2066 dicti,
503 1979 564 2054 die
584 1976 780 2056 Dominica
799 1977 1024 2083 precedente
1046 1976 1258 2056 Adventum
1279 1978 1431 2055 Domini
1451 1977 1602 2056 luerunt
1619 1994 1699 2054 11110'
1712 1981 1800 2056 anni

373 2109 504 2215 elapsi,
524 2109 663 2213 recepit
679 2108 803 2212 ipsum
822 2124 859 2182 et
878 2108 1088 2186 lobaunem
1106 2107 1222 2186 Coma
1243 2123 1281 2184 et
1303 2109 1568 2213 Raymundum
1587 2109 1734 2186 Remilli
1761 2110 1800 2186 iu

373 2239 502 2316 fratres
518 2239 607 2316 dicti
627 2238 788 2325 ordinis,
811 2239 849 2314 in
864 2238 1004 2344 capella
1021 2239 1137 2344 ipsius
1154 2239 1291 2316 domus
1312 2237 1432 2316 Mansi
1454 2239 1541 2326 Dei,
1565 2239 1801 2344 presentibus

285 2367 290 2378 ’
373 2388 410 2447 et
432 2371 575 2450 ibidem
603 2368 808 2447 astantibus
832 2367 1041 2448 Guillelmo
1068 2369 1116 2446 de
1141 2367 1321 2456 Tamarit,
1353 2368 1559 2450 Guillelmo
1591 2372 1799 2476 Raymuudi

372 2499 572 2588 militibus,
598 2497 867 2576 Bartholomco
890 2499 937 2576 de
957 2498 1078 2574 Turre
1105 2515 1143 2574 et
1159 2498 1369 2576 Bertrando
1390 2498 1581 2579 Guerrerii
1602 2499 1800 2604 capellanis

373 2628 604 2735 presbiteris,
621 2646 659 2706 et
677 2628 851 2736 pluribus
867 2627 949 2706 aliis
968 2626 1147 2708 fratribus
1166 2627 1264 2705 dicte
1280 2629 1428 2706 domus.

429 2761 586 2838 Modum
609 2779 734 2838 autem
753 2788 818 2837 sue
838 2759 1068 2865 recepciouis
1088 2775 1126 2836 et
1144 2758 1303 2836 aliorum
1327 2787 1455 2836 secum
1477 2760 1615 2864 paritor
1633 2780 1800 2868 recepto-

372 2917 457 2966 rum
472 2890 565 2967 dixit
579 2889 617 2964 in
633 2888 892 2976 effectn,sicut
900 2886 1012 2965 scater
1020 2887 1305 2966 bartholomeus
1318 2888 1368 2966 de
1377 2889 1511 2980 Turre,
1523 2890 1669 2996 primus
1682 2892 1796 2981 testis,

374 3019 547 3123 deposuit
562 3020 601 3094 in
619 3047 685 3096 sua
701 3018 943 3124 deposiciooe
960 3018 998 3096 io
1018 3018 1153 3096 eodem
1168 3019 1326 3096 articulo
1339 3047 1467 3124 supra,
1485 3037 1524 3097 et
1539 3020 1634 3098 sicut
1648 3023 1687 3098 in
1700 3023 1798 3102 libro

372 3165 595 3228 statutorum
615 3167 653 3226 ct
672 3149 800 3255 regule
820 3149 992 3257 ejusdcm
1014 3148 1156 3226 ordinis
1179 3150 1403 3228 continetur.

429 3279 487 3358 Ad
506 3280 639 3358 lxxxvu
659 3296 698 3357 et
715 3279 861 3358 lxxxvur
876 3297 915 3358 et
934 3280 1108 3358 ultimum
1129 3279 1305 3361 articulos
1325 3279 1526 3386 diligenter
1550 3300 1587 3358 et
1606 3282 1795 3388 sigillatim

373 3412 637 3516 interrogatus,
658 3409 889 3518 respondens
907 3411 1053 3516 negavit
1071 3411 1173 3516 ipsos
1195 3410 1372 3488 articulos
1392 3427 1431 3488 st
1449 3412 1576 3490 omnia
1597 3429 1634 3490 et
1653 3413 1801 3519 singula

373 3557 548 3620 contenta
568 3541 607 3618 in
626 3542 697 3630 eis,
715 3557 752 3618 et
772 3541 864 3618 dixit
888 3569 926 3620 sc
949 3569 1018 3619 nec
1044 3541 1137 3618 scire
1157 3569 1226 3618 nce
1246 3541 1400 3618 credere
1416 3569 1563 3618 errores
1581 3542 1727 3649 aliquos
1752 3542 1798 3619 de

373 3671 511 3779 quibus
537 3673 659 3781 agitur
679 3672 717 3748 in
735 3671 900 3749 articulis
922 3671 1145 3778 supradictis
1164 3670 1278 3749 luisse
1298 3699 1466 3777 unquam
1484 3699 1553 3748 nec
1573 3699 1653 3754 esse
1678 3674 1717 3748 in
1738 3661 1818 3750 ον(

373 3801 630 3909 dineTempli,
640 3829 709 3879 nec
722 3829 891 3907 unquam
906 3801 953 3879 de
965 3801 1019 3878 eis
1029 3801 1170 3878 audivit
1185 3829 1303 3908 usque
1315 3829 1415 3878 nuuc
1431 3802 1469 3876 iu
1479 3801 1650 3908 predicto
1661 3801 1796 3880 ordine

374 3933 455 4009 sieri
470 3934 719 4025 mentionem,
731 3961 799 4010 nec
819 3931 923 4009 scivit
943 3959 1108 4038 unquam
1128 3961 1198 4010 nec
1213 3933 1355 4010 audivit
1375 3933 1414 4008 iu
1432 3933 1532 4012 dicto
1552 3933 1683 4010 ordine
1703 3933 1799 4040 quid

373 4064 420 4140 sit
437 4062 609 4170 ydolum,
626 4091 695 4142 nec
713 4063 783 4140 scit
806 4063 846 4138 in
865 4061 999 4139 ordine
1021 4061 1078 4138 vel
1099 4061 1220 4168 aliqua
1239 4079 1342 4167 parte
1363 4063 1443 4170 ejus
1462 4062 1620 4170 ydolum
1640 4061 1800 4170 aliquod

372 4192 550 4271 custodiri
565 4221 635 4270 nec
651 4192 689 4267 in
705 4191 939 4269 veneratione
961 4190 1106 4281 haberi,
1125 4193 1212 4298 quia
1227 4221 1296 4270 nec
1313 4195 1479 4272 venerari
1500 4197 1623 4300 potuit
1641 4195 1796 4302 ydolum

373 4322 477 4429 quod
495 4349 571 4401 oon
591 4321 675 4402 fuit.

429 4453 550 4560 Super
568 4455 650 4534 aliis
670 4482 757 4532 vero
781 4471 857 4532 tam
876 4455 1165 4534 circumstanciis
1186 4486 1299 4564 quam
1315 4457 1582 4534 coherentibus
1601 4457 1691 4562 ipsis
1708 4457 1799 4534 arti·

373 4583 464 4662 culis
485 4583 681 4692 diligenter
700 4585 963 4694 interrogatus,
988 4587 1078 4664 dixit
1096 4613 1136 4666 se
1151 4588 1294 4664 nescire
1312 4585 1418 4692 plura
1434 4615 1503 4664 nec
1520 4587 1675 4665 credere
1688 4587 1800 4666 aliter

374 4743 486 4819 qnam
506 4715 677 4822 superius
697 4733 754 4794 est
768 4715 970 4795 consessus.
