4210 5882
400 572 474 647 aaa
786 553 985 645 nnocns
1010 569 1106 642 ons
1132 568 1430 641 rnnrnrsas.

399 714 571 791 ordinem
588 739 664 790 non
680 731 798 801 exeat,
817 712 875 790 vel
889 711 1073 816 relinquat
1083 737 1152 816 pro
1167 709 1297 816 majori
1312 709 1370 784 vel
1383 707 1519 783 minori
1533 706 1684 796 ordine,
1702 725 1739 783 et
1752 707 1825 783 hoc

399 845 490 923 dixit
511 871 724 950 expressum
740 871 819 920 esse
840 843 879 918 in
898 841 995 918 libro
1009 857 1230 918 statutorum
1249 854 1286 916 et
1302 837 1431 945 regule
1450 837 1594 915 ordinis
1608 837 1823 943 supradicti,

399 976 538 1082 absque
558 973 712 1080 licencia
734 971 832 1049 illius
856 970 921 1078 qui
940 969 1133 1046 licenciam
1154 968 1241 1046 dare
1258 985 1395 1076 posset.
1412 969 1665 1075 Interrogatus
1686 965 1827 1075 dequo

399 1103 616 1211 intelligunt
634 1103 698 1209 qui
713 1101 905 1180 licenciam
918 1101 1035 1206 possit
1051 1100 1155 1186 dare,
1178 1099 1273 1176 dixit
1286 1098 1389 1206 quod
1410 1098 1457 1176 de
1479 1099 1634 1176 domino
1655 1127 1750 1204 papa
1769 1099 1827 1175 vel

402 1235 448 1311 de
468 1232 644 1339 Magistro
661 1231 794 1339 majori
814 1231 957 1308 ordinis
971 1229 1183 1335 supradicti.

457 1363 515 1442 Ad
532 1389 621 1442 xxxv
641 1361 840 1438 articulum
856 1360 1102 1466 respondens,
1120 1359 1310 1437 confessus
1327 1376 1383 1437 est
1402 1376 1576 1437 contenta
1596 1359 1635 1434 in
1650 1359 1731 1464 ipso
1746 1357 1829 1434 arti-

402 1495 486 1571 culo
510 1521 595 1570 vera
618 1519 710 1569 esse.
733 1493 983 1598 Interrogatus
1003 1519 1118 1598 quare
1139 1491 1210 1596 ipsi
1230 1489 1362 1567 iratres
1382 1489 1472 1566 dic'ti
1501 1489 1644 1566 ordinis
1671 1487 1830 1566 inconti-

402 1624 503 1701 nenti
515 1622 646 1700 fratres
664 1639 836 1728 receptos
854 1619 994 1698 habent
1012 1649 1080 1727 pro
1104 1619 1296 1729 professis,
1325 1620 1416 1697 dixit
1440 1649 1479 1697 se
1502 1619 1647 1697 nescire
1667 1619 1826 1696 reddere

401 1756 601 1840 rationem,
619 1752 686 1830 sed
707 1750 811 1860 quod
829 1753 882 1828 sic
898 1751 1075 1828 usitatum
1089 1767 1144 1830 est
1160 1751 1198 1826 in
1213 1750 1345 1828 ordine
1361 1750 1587 1858 supradicto.

460 1885 517 1962 Ad
532 1910 636 1964 xxxn
652 1901 688 1961 et
699 1909 817 1962 xxxvn
832 1883 1008 1960 articulos
1019 1881 1193 1960 inclusive
1214 1880 1462 1988 respondens,
1481 1881 1574 1958 dixit
1589 1899 1627 1958 et
1639 1881 1829 1959 confessus

405 2033 461 2093 est
480 2015 583 2124 quod
602 2014 649 2093 de
669 2043 773 2093 more
791 2015 909 2122 ipsius
928 2014 1072 2092 ordinis
1087 2031 1143 2092 est
1155 2015 1305 2123 quando
1319 2042 1439 2122 quum
1450 2011 1580 2091 fratres
1590 2013 1747 2122 alicujus
1763 2013 1830 2091 do-

267 2195 270 2200 *
404 2175 486 2224 mus
504 2175 572 2224 seu
597 2163 798 2223 conventus
819 2145 988 2253 ejusdem
1014 2145 1157 2223 ordinis
1176 2161 1307 2222 tenent
1327 2144 1534 2252 capitulum
1554 2172 1623 2250 pro
1643 2143 1830 2252 aliquibus

403 2267 638 2366 tractatibus,
663 2277 739 2355 sive
763 2304 832 2383 pro
853 2275 1029 2354 fratribus
1045 2276 1288 2381 recipiendis,
1311 2275 1386 2354 sive
1412 2302 1482 2381 pro
1507 2274 1589 2351 aliis
1612 2275 1772 2381 negotiis
1790 2276 1829 2352 in

405 2407 597 2485 communi
625 2407 842 2497 tractandis,
870 2405 1059 2513 claudunt-¹
1070 2407 1202 2513 januas
1230 2404 1334 2482 illius
1358 2406 1438 2483 loci.
1456 2406 1495 2482 in
1522 2432 1600 2512 quo
1624 2405 1830 2512 capitulum

405 2555 546 2616 tenent.
570 2539 617 2615 Et
635 2537 709 2615 hoc
728 2536 830 2614 idem
847 2537 943 2614 vidit
960 2537 1094 2613 servari
1116 2537 1194 2642 ipse
1214 2537 1279 2643 q'ui
1299 2535 1471 2642 loquitur
1494 2564 1514 2611 a
1538 2555 1587 2612 xn
1610 2536 1717 2613 annis
1740 2535 1831 2612 'citra

265 2693 271 2702 ·
405 2667 641 2774 quibusipse
661 2667 775 2745 frater
793 2667 1003 2773 capellanus
1023 2685 1079 2744 est
1092 2667 1239 2744 ordinis
1258 2666 1471 2772 supradicti.

463 2785 521 2874 td
532 2823 665 2878 xxxvi-11
679 2816 717 2875 et
732 2800 836 2876 xxxix
848 2796 1023 2875 articulos
1041 2797 1218 2874 inclusive
1234 2795 1479 2903 respondens,
1498 2796 1589 2873 dixit
1601 2797 1723 2903 quod,
1738 2815 1833 2874 ante-

407 2957 519 3034 quam
535 2929 616 3034 ipse
628 2946 724 3006 esset
737 2922 848 3005 frater
861 2928 951 3006 dicti
969 2928 1126 3018 ordinis,
1149 2926 1290 3004 audivit
1303 2912 1448 3034 aliquos
1456 2927 1660 3035 loquentes
1676 2926 1833 3006 dedicta

409 3075 547 3136 secreta
566 3059 803 3167 recepcione3
822 3058 889 3136 sed
909 3059 1028 3136 credit
1046 3058 1152 3166 quod
1175 3057 1309 3166 aliquis
1334 3058 1587 3164 suspicionem
1605 3057 1742 3135 malam
1757 3087 1833 3138 uon

408 3189 598 3279 habuerit,
615 3191 681 3298 qui
694 3189 851 3270 haberet
863 3190 1026 3269 radicem
1040 3218 1126 3267 cum
1141 3190 1223 3268 Deo
1236 3205 1273 3267 et
1286 3189 1429 3267 bonum
1442 3188 1686 3268 intellectum.
1703 3190 1833 3268 Cetera

410 3337 584 3396 contenta
603 3321 642 3396 in
663 3319 769 3397 dictis
789 3321 953 3406 articulis
972 3322 1126 3428 negavit.

344 3551 352 3560 ,.
465 3449 523 3528 Ad
542 3449 696 3530 xl-—xlv
711 3451 883 3530 articulos
903 3449 1079 3528 inclusive
1093 3451 1323 3556 respondens
1344 3452 1593 3556 interrogatus
1613 3451 1778 3528 districte
1799 3467 1835 3527 et

409 3577 611 3685 sigillatim,
633 3581 778 3689 negavit
797 3582 896 3688 ipsos
917 3580 1090 3659 articulos
1110 3597 1147 3657 et
1166 3581 1292 3658 omnia
1307 3598 1344 3657 et
1363 3580 1507 3690 singula
1522 3597 1695 3658 contenta
1714 3580 1753 3656 in
1765 3582 1832 3657 eis.

466 3711 524 3788 Ad
542 3711 733 3793 xlvr--lrrr
756 3711 930 3790 artimrlos
949 3711 1125 3788 inclusive
1151 3710 1381 3815 respondens
1400 3712 1651 3816 interrogatus
1670 3709 1834 3786 districte

411 3857 449 3918 et
464 3841 664 3948 sigillatim,
680 3843 825 3949 negavit
843 3842 944 3949 ipsos
963 3857 1001 3918 et
1020 3841 1146 3918 omnia
1163 3858 1200 3917 et
1220 3839 1363 3947 singula
1378 3857 1552 3917 contenta
1572 3840 1610 3915 in
1628 3840 1694 3918 eis.

468 3971 526 4050 Ad
544 3973 736 4053 lvnt--lxx
756 3971 940 4050 articulosw
953 3970 1130 4049 inclusive
1151 3971 1382 4076 respondens
1406 3972 1651 4077 interrogatus
1671 3970 1835 4048 districte

413 4120 451 4178 et
464 4103 668 4210 sigillatim,
687 4103 833 4212 negavit
846 4103 946 4209 ipsos
962 4118 998 4179 et
1012 4101 1137 4179 omnia
1152 4119 1189 4178 et
1201 4101 1346 4210 singula
1361 4119 1534 4179 contenta
1546 4102 1585 4178 in
1596 4103 1667 4193 eis,
1684 4120 1836 4208 excepto

350 4261 359 4274 ¹
412 4232 517 4340 quod
537 4233 727 4312 confessus
748 4231 922 4341 estquod
944 4231 1096 4310 cuilibet
1115 4249 1266 4338 recepto
1288 4234 1327 4310 ia
1348 4231 1500 4311 fratrem
1515 4232 1603 4310 dicti
1620 4231 1762 4310 ordinis
1781 4233 1837 4308 in-

408 4364 590 4472 jungitur,
603 4380 773 4472 tempore
787 4392 854 4441 sne
870 4363 1115 4471 recepcionis,
1135 4362 1240 4469 quod
1252 4381 1435 4469 perpetuo
1451 4363 1677 4440 incessanter
1690 4379 1839 4468 portent

413 4495 559 4602 cingula
579 4495 636 4575 vel
656 4493 826 4575 cordulas
844 4494 961 4573 lineas
979 4493 1036 4574 vel
1055 4493 1178 4571 laneas
1197 4522 1311 4600 super
1330 4493 1536 4583 camisiam,
1558 4495 1597 4572 in
1617 4494 1764 4600 signum
1781 4521 1838 4571 ca-

414 4627 558 4705 stitatis.
578 4629 681 4707 Dixit
699 4645 825 4706 tamen
837 4609 943 4733 quod
961 4624 1137 4732 predictis
1152 4624 1309 4732 cingulis
1329 4652 1396 4702 seu
1413 4624 1577 4702 cordulis
1596 4651 1673 4702 non
1685 4641 1839 4732 tangun-

415 4776 474 4835 tur
497 4785 567 4836 nec
594 4759 794 4866 cinguntur
814 4760 932 4865 capita
950 4757 1008 4836 vel
1026 4757 1155 4864 ydola,
1177 4756 1377 4863 dequibus
1399 4757 1541 4834 mentio
1554 4753 1599 4833 lit
1619 4756 1657 4832 ia
1676 4754 1839 4834 articulis

415 4889 645 4996 supradictis.
