4486 5890
519 477 589 550 rae
912 455 1105 550 procas
1130 475 1225 548 oss
1251 473 1554 554 redeamus,

516 635 607 706 stes,
624 632 662 693 et
677 613 771 691 dixit
784 613 819 691 ei
840 616 962 721 quod,
984 616 1147 694 secunda
1168 632 1306 722 puncta
1326 615 1486 703 ordinis,
1504 631 1651 722 poterat
1669 613 1750 690 aliis
1769 613 1944 694 fratribus

514 745 659 822 ordinis
679 743 877 822 carnaliter
897 746 1130 824 commisceri
1153 764 1190 822 et
1209 745 1278 852 ipsi
1300 775 1386 854 cum
1408 775 1474 836 eo;
1498 746 1569 822 hoc
1593 761 1720 822 tamen
1744 774 1821 824 non
1840 746 1941 839 lecit,

514 868 584 952 nec
604 876 722 953 credit
741 875 846 980 quod
866 874 905 950 in
925 877 1059 953 ordine
1080 875 1200 952 fieret.
1222 875 1352 954 Credit
1371 893 1498 953 tamen
1512 874 1616 982 quod
1637 876 1889 952 communiter
1908 892 1945 951 et

513 1007 657 1113 ubique
676 1004 934 1110 reciperentur
960 1005 1090 1084 fratres
1115 1005 1261 1082 ordinis
1286 1005 1497 1082 secundum
1528 1003 1686 1082 modum
1707 1005 1940 1110 predictum,

515 1137 605 1244 quia
620 1136 828 1214 secundum
844 1137 1025 1213 eumdem
1041 1135 1201 1214 modum
1221 1135 1316 1212 vidit
1330 1135 1443 1241 recipi
1468 1134 1617 1211 fratrem
1632 1135 1943 1212 Bartholomeum

518 1266 565 1344 de
586 1266 737 1344 Pratirni
757 1265 917 1344 militem
937 1267 1147 1373 quondam,
1167 1266 1444 1344 lemovicensis
1462 1265 1643 1355 diocesis,
1665 1267 1704 1342 in
1719 1265 1861 1372 capella
1880 1267 1946 1345 do-

516 1425 602 1473 mus
620 1395 770 1502 Templi
793 1396 840 1472 de
864 1396 975 1476 Ulmo
990 1395 1141 1474 Tuandi
1158 1396 1402 1474 Bituricensis
1422 1396 1596 1484 diocesis,
1619 1423 1688 1502 per
1707 1396 1853 1474 dietum
1875 1396 1945 1473 lra-

515 1544 612 1602 trem
634 1527 787 1604 Petrum
808 1525 856 1602 de
874 1526 1034 1616 Medito,
1053 1525 1148 1602 circa
1169 1525 1311 1604 instans
1326 1524 1462 1602 lestum
1478 1525 1676 1602 nativitatis
1694 1525 1793 1602 beati
1810 1526 1947 1604 lohan-

517 1656 574 1731 nis
602 1655 764 1763 Baptiste
792 1671 906 1732 erunt
932 1656 1064 1732 decem
1092 1655 1196 1746 anni,
1220 1655 1455 1761 presentibus
1481 1655 1657 1732 tratribus
1684 1656 1855 1734 iohanne
1884 1659 1944 1735 del

518 1785 591 1862 Soc
606 1803 644 1862 et
659 1787 856 1894 Aymerico
872 1785 1030 1865 Gerardi
1046 1786 1289 1864 Bituricensis
1307 1786 1478 1874 diocesis,
1490 1787 1747 1881 servientibus,
1758 1817 1855 1894 quos
1869 1815 1946 1886 cre-

521 1917 576 1992 dit
591 1918 731 2028 auere,
764 1915 931 2023 plurium
959 1916 1243 2023 recepcionibns
1269 1945 1346 1994 non
1367 1915 1553 2008 adsuerat,
1576 1917 1673 1994 sicut
1698 1918 1802 1994 dixit.
1831 1920 1943 2009 Item,

521 2045 613 2122 dixit
632 2074 672 2122 se
691 2045 790 2124 bene
811 2047 964 2124 credere
985 2046 1241 2124 ecclesiasticis
1258 2047 1514 2133 sacramentis,
1538 2063 1576 2124 et
1593 2047 1699 2154 quod
1729 2047 1791 2124 alii
1815 2048 1946 2125 fratres

520 2176 664 2256 ordinis
685 2177 821 2268 eodem
853 2177 968 2254 modo
996 2177 1211 2264 crederent,
1240 2194 1277 2254 et
1303 2176 1408 2284 quod
1433 2205 1566 2256 eorum
1586 2176 1799 2254 sacerdotes
1820 2176 1945 2254 debite

518 2306 760 2404 celebrarent.
781 2305 934 2384 Audivit
949 2307 1055 2412 quod
1073 2306 1156 2382 laici
1176 2335 1310 2384 eorum
1329 2323 1503 2384 tenentes
1517 2306 1692 2413 capitulia
1707 2306 1946 2384 absolvebant

520 2435 650 2512 fratres
672 2436 718 2513 ab
741 2434 1014 2514 inobedienciis
1037 2464 1180 2514 eorum.
1196 2437 1379 2514 durabant
1397 2437 1570 2514 ordinem
1591 2465 1669 2514 non
1685 2437 1796 2514 exire.
1815 2436 1946 2514 Statim

520 2595 588 2671 pro
610 2565 788 2673 professis
812 2565 1059 2642 habebantur.
1083 2566 1325 2646 Claodestine
1345 2565 1638 2672 recipiebantur,
1661 2566 1776 2644 nullis
1794 2594 1948 2672 presen-

520 2697 621 2773 tibus
641 2695 713 2774 nisi
734 2694 909 2773 iratribus
922 2696 1082 2782 ordinis,
1105 2725 1148 2772 ex
1164 2724 1240 2802 quo
1259 2697 1379 2774 credit
1395 2698 1498 2802 quod
1520 2715 1618 2774 esset
1637 2698 1800 2804 suspicio
1821 2715 1948 2775 contra

522 2855 596 2904 eos.
619 2826 797 2904 Cordulis
821 2829 924 2904 unde
949 2827 1125 2905 volebant
1148 2827 1351 2934 assumptis
1379 2826 1626 2935 cingebantur
1649 2855 1762 2934 super
1782 2829 1948 2906 camisias

521 2985 608 3032 cum
627 2955 767 3062 quibus
787 2954 979 3064 jacebant..
993 2956 1124 3036 Credit
1152 2958 1255 3063 quod
1283 2957 1454 3035 nolentes
1483 2955 1602 3033 lacere
1629 2956 1797 3062 predicta
1820 2957 1949 3034 illicita

520 3085 577 3162 vel
594 3085 680 3174 alia,
697 3103 763 3164 aut
778 3103 918 3165 secreta
940 3087 1190 3192 capitulorum
1210 3085 1434 3174 revelantes,
1456 3084 1616 3164 fuissent
1632 3087 1792 3192 graviter
1810 3088 1944 3192 puniti.

521 3215 672 3322 Absque
691 3217 845 3296 licencia
864 3244 942 3293 non
957 3231 1131 3322 poterant
1150 3216 1232 3292 aliis
1247 3245 1360 3322 quam
1377 3215 1634 3294 sacerdotibus
1654 3215 1816 3304 ordinis,
1837 3215 1895 3293 vel
1908 3216 1946 3292 in

523 3373 655 3424 eorum
668 3345 844 3436 deffectu,
857 3345 1079 3436 Carmelitis,
1095 3347 1279 3435 confiteri,
1296 3363 1334 3423 et
1344 3346 1375 3422 si
1388 3347 1581 3423 neminem
1598 3373 1731 3424 eorum
1747 3345 1945 3437 baberent,

520 3492 693 3580 poterant
712 3474 794 3552 aliis
813 3474 1003 3552 confiteri:
1019 3477 1166 3588 Fratres
1186 3475 1344 3552 scientes
1365 3502 1511 3552 errores
1539 3475 1692 3554 bierunt
1717 3475 1949 3584 negligentes

521 3607 610 3712 quia
630 3635 707 3684 non
727 3623 967 3686 correxerunt
986 3634 1051 3684 eos
1069 3635 1137 3684 nec
1163 3606 1486 3683 denunciaverunt
1503 3605 1680 3684 Ecclesie.
1701 3605 1851 3683 Audivit
1874 3605 1947 3684 diei

521 3737 627 3843 quod
645 3737 691 3815 ab
710 3736 865 3843 antiquo
886 3735 1028 3814 fiebant
1048 3736 1203 3842 singulis
1221 3735 1359 3814 diebus
1383 3736 1588 3812 elemosine
1609 3735 1648 3812 in
1668 3735 1803 3813 ordine
1824 3736 1863 3812 in
1884 3735 1950 3813 ali·

521 3869 660 3972 quibus
677 3867 873 3956 domibus,
896 3882 934 3942 et
956 3867 1061 3972 quod
1080 3863 1325 3971 postmodum
1348 3863 1472 3942 luerat
1497 3865 1713 3942 ordinatum
1735 3865 1841 3970 quod
1872 3893 1947 3943 non

523 3998 659 4074 fierent
678 3997 747 4074 nisi
770 4013 829 4073 ter
846 3997 883 4072 in
904 3997 1123 4102 septimana.
1150 3994 1256 4074 Clam
1279 4022 1410 4076 eorum
1433 3995 1607 4101 capitulia
1627 3993 1864 4083 tenebantur,
1884 3995 1950 4072 ali·

522 4129 676 4234 quando
695 4125 922 4219 antediem,
950 4126 1082 4233 positis
1102 4126 1293 4204 interdum
1319 4125 1538 4204 custodibus
1565 4155 1611 4205 ne
1632 4126 1828 4204 audiretur
1851 4144 1949 4204 exte-

521 4259 601 4334 rius
615 4257 719 4364 quod
738 4256 895 4336 interius
906 4255 1096 4364 agebatur.
1119 4255 1300 4333 Ordinata
1320 4283 1388 4362 per
1407 4255 1628 4363 Magistnam
1652 4233 1739 4334 eum
1761 4275 1948 4336 conventu

522 4406 700 4468 servasset
718 4405 821 4466 totus
848 4386 963 4474 ordo,
984 4403 1246 4492 contraquam
1270 4413 1373 4462 nunc
1391 4383 1547 4494 gmnffla
1569 4385 1762 4478 scandala,
1785 4387 1947 4493 suspicio

523 4535 562 4596 et
580 4517 731 4596 infamia
751 4533 840 4596 sunt
859 4531 1006 4603 exorta,
1028 4516 1135 4622 cujus
1153 4514 1332 4592 fratribus
1355 4515 1475 4592 credit
1491 4516 1597 4622 quod
1614 4534 1738 4594 essent
1753 4535 1843 4594 nota
1862 4544 1950 4594 con-

522 4648 653 4726 sessata
672 4675 739 4755 per
758 4675 865 4736 eum,
887 4663 925 4722 et
950 4647 1054 4753 quod
1079 4647 1212 4722 eadem
1232 4673 1390 4752 magnus
1412 4628 1585 4754 Magister
1605 4663 1643 4722 et
1666 4646 1728 4722 alii
1758 4647 1834 4723 sint
1860 4673 1949 4724 con-

522 4780 621 4858 fessi.
642 4781 690 4856 Εἰ
709 4779 781 4858 luit
799 4792 1027 4884 protestatus
1049 4775 1154 4882 quod
1181 4803 1258 4852 non
1279 4773 1442 4851 intendit
1460 4775 1638 4852 recedere
1663 4805 1684 4853 a
1707 4775 1948 4883 deposicione

521 4939 590 5018 per
607 4939 696 4988 eum
709 4907 802 4986 lacta
822 4935 947 4984 coram
969 4907 1069 4984 dicto
1086 4905 1243 4983 domino
1265 4906 1441 5011 episeopo
1457 4905 1763 4985 Claramontensi.
