4210 5882
677 505 874 616 ruocts
900 541 996 614 nas
1022 541 1321 616 inuramus.
1636 549 1709 620 aaa

287 683 510 773 tinenciam,
537 681 649 759 dabat
675 682 729 760 eis
753 682 946 760 licenciam
970 681 1212 790 refrigerandi
1237 713 1276 762 se
1307 712 1391 762 cum
1417 685 1498 762 aliis
1522 684 1709 765 fratribus.

287 814 388 892 Dixit
401 831 526 891 tamen
544 813 650 921 quod
665 843 740 892 non
754 814 983 921 precipiebat
998 815 1052 892 eis
1068 817 1234 921 predicta
1250 814 1384 904 corde,
1407 815 1473 893 sed
1492 846 1556 895 ore
1572 819 1709 896 solum.

287 946 502 1054 Requisitus
522 973 567 1024 ex
588 973 667 1052 quo
686 947 854 1052 predicta
879 974 956 1025 non
982 946 1214 1053 precipiebat
1241 947 1355 1024 corde
1380 947 1448 1024 sed
1473 976 1538 1027 ore
1566 950 1709 1037 solum,

286 1105 401 1186 quare
420 1079 494 1157 boc
506 1077 680 1167 faciebat,
701 1078 896 1184 respondit
913 1107 982 1184 per
991 1078 1250 1185 juramentum
1266 1107 1377 1156 suum
1396 1079 1502 1184 quod
1514 1079 1586 1158 hoc
1604 1080 1714 1158 lacie-

285 1209 366 1298 bat,
388 1210 477 1316 quia
498 1237 588 1286 usus
608 1226 687 1286 erat
707 1208 754 1286 de
774 1209 921 1288 statutis
940 1208 1095 1287 ordinis.
1112 1209 1329 1316 Requisitus
1347 1224 1477 1286 utrum
1499 1210 1553 1287 illi
1569 1214 1634 1318 qui
1656 1241 1714 1287 re-

285 1342 382 1447 cepti
399 1341 553 1419 lucrunt
572 1340 619 1418 dc
636 1339 811 1418 mandato
831 1369 900 1418 suo
914 1369 983 1447 per
998 1337 1107 1430 alios,
1129 1329 1266 1417 eodem
1280 1338 1397 1417 modo
1411 1367 1606 1448 perquem
1621 1343 1714 1420 dixit

286 1501 325 1550 se
348 1472 439 1550 alios
460 1472 644 1578 recepisse
669 1471 810 1580 recepti
830 1469 1001 1560 fuerunt,
1031 1471 1224 1576 respondit
1245 1469 1350 1578 quod
1368 1472 1506 1560 nescit,
1540 1475 1630 1580 quia
1650 1473 1712 1549 illa

286 1632 360 1710 que
380 1602 478 1682 fiunt
492 1604 532 1680 in
547 1603 718 1709 capitulis
736 1602 864 1710 aliquo
879 1603 995 1680 modo
1015 1631 1092 1680 non
1113 1581 1271 1710 possunt
1282 1600 1437 1678 revelari
1458 1602 1616 1711 illisqui
1634 1633 1710 1681 non

165 1757 169 1760 ·
286 1733 438 1812 luerunt
456 1751 662 1840 presentes,
679 1761 748 1811 nec
764 1734 846 1810 sciri
864 1733 996 1821 abeis,
1018 1750 1056 1810 et
1073 1733 1160 1810 ideo
1179 1732 1297 1810 nescit
1311 1731 1341 1808 si
1355 1733 1407 1809 ita
1421 1733 1709 1841 recipiebantur.

285 1865 499 1972 Requisitus
517 1880 645 1941 utrum
661 1864 831 1940 crederet
849 1863 953 1970 quod
967 1891 1097 1942 omncs
1111 1864 1243 1941 fratres
1256 1863 1346 1941 dicti
1362 1863 1506 1941 ordinis
1522 1865 1712 1969 perillum

284 1997 445 2074 modum
469 1996 544 2073 sint
568 1995 726 2100 recepti,
753 1995 949 2102 respondit
974 1997 1079 2102 quod
1107 2023 1183 2072 non
1214 1994 1399 2072 credebat.
1432 1995 1562 2073 Postea
1588 2015 1712 2073 tamen

225 2134 229 2144 '
287 2125 381 2202 dicta
402 2125 463 2202 die
483 2126 524 2202 in
544 2125 633 2203 dicti
655 2127 916 2215 commissarii,
933 2143 1104 2204 nostrum
1122 2125 1353 2204 notariorum
1377 2142 1414 2201 et
1429 2126 1580 2202 testium
1602 2123 1715 2202 inlra-

287 2256 510 2363 scriptorum
525 2263 762 2362 comparens,
785 2256 878 2334 dixit
896 2256 1000 2362 quod
1018 2256 1117 2334 male
1138 2255 1372 2334 intellexerat
1391 2272 1427 2332 et
1443 2255 1539 2332 male
1559 2283 1715 2363 respon-

288 2387 413 2475 derat,
438 2405 475 2464 et
504 2386 596 2465 dixit
613 2415 682 2492 per
695 2388 952 2494 juramentum
982 2415 1094 2465 suurn
1119 2386 1225 2494 quod
1251 2365 1396 2465 melius
1410 2387 1588 2464 credebat
1610 2388 1715 2493 quod

289 2546 421 2596 omnes
436 2517 692 2624 reciperentur
706 2546 774 2624 per
793 2517 901 2594 illum
925 2518 1082 2596 modom
1102 2547 1216 2625 quam
1229 2545 1298 2624 per
1318 2517 1449 2605 alium,
1473 2535 1511 2594 et
1529 2517 1603 2594 hoc
1618 2519 1716 2595 dice-

286 2647 352 2726 bat
370 2677 482 2726 suum
502 2647 646 2725 dictum
667 2647 908 2756 corrigendo,
937 2665 974 2724 et
997 2677 1045 2725 ne
1067 2649 1273 2757 degeraret.
1288 2649 1503 2754 Requisitus
1524 2649 1571 2725 de
1596 2651 1714 2756 capite
1745 2753 1747 2756 Ι

288 2778 335 2856 de
351 2807 429 2886 quo
442 2803 552 2885 supra
567 2779 612 2856 fit
622 2779 787 2870 mencio,
805 2778 896 2855 dixit
909 2806 979 2885 per
987 2779 1241 2887 juramentum
1260 2807 1370 2856 suum
1385 2779 1489 2885 quod
1503 2778 1599 2856 illud
1614 2781 1717 2857 vida-

220 2945 226 2950 ·
287 2926 358 2999 rat,
383 2925 556 2988 tenuerat
583 2925 620 2986 et
645 2910 854 3016 palpaverat
881 2911 980 3014 apud
1013 2909 1439 3016 Montempessnlanum,
1481 2911 1520 2986 iu
1549 2912 1715 3016 quodam

289 3039 465 3147 capitulo,
492 3057 531 3116 et
558 3039 636 3144 ipse
664 3055 702 3116 et
731 3039 792 3115 alii
822 3039 954 3117 fratres
989 3057 1181 3144 presentes
1213 3039 1308 3117 illud
1336 3039 1589 3118 adoraverant.
1617 3043 1717 3117 Dixit

287 3186 412 3248 tamen
428 3171 534 3276 quod
558 3195 623 3246 ore
642 3185 680 3246 et
696 3169 873 3276 fingendo
891 3171 1121 3258 adoraverat,
1145 3187 1183 3246 et
1201 3197 1277 3247 non
1297 3170 1433 3247 corde:
1455 3170 1574 3247 nescit
1591 3188 1716 3247 tamen

289 3303 320 3378 si
333 3301 395 3378 alii
413 3299 543 3378 lratres
560 3299 764 3377 adorabant
784 3300 910 3379 corde.
931 3302 1145 3408 Requisitus
1162 3299 1228 3376 ubi
1245 3302 1309 3389 sit,
1339 3301 1432 3376 dixit
1450 3301 1555 3407 quod
1576 3301 1718 3379 dimisit

289 3431 386 3509 illud
403 3431 505 3508 fratri
526 3433 635 3508 Petro
651 3430 875 3508 Alemaudin
892 3432 1102 3536 preceptori
1122 3431 1256 3508 domus
1275 3431 1622 3537 Montispessulani,
1650 3433 1717 3508 sed

288 3563 405 3640 nescit
428 3579 554 3640 utmm
573 3581 701 3668 gentes
721 3562 819 3670 regis
843 3562 940 3640 illud
959 3563 1177 3640 invenerint.
1199 3561 1300 3639 Dixit
1319 3563 1425 3669 quod
1449 3562 1588 3639 dictum
1606 3553 1717 3669 caput
1745 3572 1749 3584 '

287 3693 450 3772 habebat
465 3709 625 3800 quatuor
643 3693 774 3798 pedes,
797 3693 893 3770 duos
913 3710 996 3770 ante
1016 3721 1060 3770 ex
1078 3711 1181 3802 parte
1197 3691 1320 3781 faciei,
1344 3710 1381 3770 et
1399 3693 1496 3771 duos
1510 3711 1622 3771 retro.
1645 3696 1714 3771 lle-

287 3825 1045 3932 quisitusperjuramentumsuumutrum
1056 3824 1632 3913 vi,velmetntormentorumvel
1645 3853 1718 3901 car·

289 3957 398 4045 ceris,
411 3984 478 4036 seu
494 3956 563 4034 alia
578 3957 626 4032 de
639 3983 764 4044 causa,
777 3956 938 4064 aliquam
955 3955 1153 4033 falsitatem
1164 3955 1316 4034 dixisset
1324 3973 1388 4033 aut
1398 3955 1661 4033 immiscuisset
1677 3955 1715 4030 in

289 4117 357 4165 sua
377 4087 634 4195 deposicione,
651 4105 716 4164 aut
729 4087 923 4164 'veritatem
941 4087 1129 4176 tacuisset,
1154 4086 1247 4164 dixit
1260 4087 1589 4194 perjuramentum
1605 4115 1716 4163 snum

290 4217 395 4324 quod
409 4245 505 4308 nom
525 4220 642 4295 immo
657 4246 790 4324 puram
810 4219 889 4295 sine
910 4219 1038 4326 aliquo
1054 4217 1250 4296 mendacio
1266 4218 1406 4295 dixerat
1426 4217 1627 4295 veritatem.

345 4478 438 4553 Item
454 4476 568 4555 frater
590 4477 810 4585 liudulphus
831 4480 877 4556 de
901 4479 990 4586 Gyri
1017 4497 1189 4588 receptor
1207 4479 1398 4585 quondam
1411 4478 1632 4586 Campania,
1650 4496 1721 4556 eta-

289 4607 337 4683 tis
356 4609 627 4716 quinquaginta
651 4636 850 4697 annorum‚
869 4611 1017 4717 juratus
1037 4611 1172 4688 eodem
1196 4611 1310 4688 modo
1342 4627 1379 4687 et
1400 4611 1647 4718 interrogatus
1673 4607 1720 4685 de

290 4756 461 4844 tompore
484 4757 522 4816 et
539 4739 655 4817 modo
675 4767 743 4818 sue
758 4742 1004 4847 recepcionis,
1023 4742 1116 4818 dixit
1133 4767 1202 4848 per
1215 4741 1473 4847 juramentum
1488 4767 1598 4819 suum
1616 4739 1721 4848 quod

291 4870 419 4979 viginti
441 4871 519 4949 duo
534 4873 620 4949 anni
641 4888 728 4949 sunt
741 4873 798 4950 vel
817 4873 911 4950 circa
931 4875 1036 4981 quod
1056 4873 1128 4950 fuit
1143 4891 1314 4980 receptus
1335 4875 1374 4950 in
1396 4875 1512 4953 domo
1532 4874 1578 4951 de
1595 4873 1720 4952 Valeia

1500 5022 1550 5089 lab.
