4320 5898
435 515 484 586 eo
823 494 1021 587 succus
1048 514 1143 585 uus
1169 513 1472 586 ruurmras.

432 670 611 731 rexerunt
629 681 693 730 cos
718 681 789 730 nec
806 653 1131 731 denunciaverunt
1150 651 1332 744 Ecclesia,
1355 653 1386 730 si
1406 653 1479 730 boc
1495 650 1615 731 facere
1635 669 1810 759 poterant
1823 670 1861 731 et

434 786 505 862 hoc
530 783 708 862 sciebant.
730 781 965 861 Elemosinas
987 800 1025 860 et
1049 782 1343 889 hospitalitatem
1370 783 1466 860 vidit
1491 783 1757 861 convenienter
1777 782 1859 861 fieri

433 932 471 993 et
485 914 620 991 servari
634 914 673 989 in
690 913 867 992 domibus
883 913 1028 992 ordinis
1041 914 1080 989 in
1097 913 1236 1021 quibus
1248 912 1387 992 exstitit
1402 929 1667 990 commoratus.
1682 915 1724 990 ln
1739 942 1861 1021 recep

433 1047 541 1122 cione
560 1073 628 1122 sua
647 1043 720 1121 fuit
739 1045 773 1122 ei
796 1061 1017 1152 preceptum
1040 1073 1108 1150 per
1132 1061 1366 1150 receptorem
1387 1071 1499 1122 suum
1522 1019 1628 1151 quod
1648 1043 1776 1122 debite
1801 1073 1861 1122 ac-

432 1175 601 1282 quireret
625 1175 748 1251 ordini
775 1173 917 1282 absque
943 1173 1153 1283 prejudicio
1176 1174 1274 1281 juris
1293 1174 1426 1268 alieni,
1449 1191 1489 1251 et
1509 1175 1538 1250 si
1559 1175 1789 1253 contrarium
1810 1175 1861 1252 la·

432 1323 549 1396 ceret,
581 1322 677 1382 esset
707 1335 819 1411 super
846 1305 1011 1382 animam
1042 1333 1160 1382 suam.
1192 1304 1345 1383 Audiuit
1372 1305 1445 1382 dici
1476 1304 1581 1412 quod
1607 1303 1703 1382 clam
1726 1334 1860 1384 eorum

432 1435 610 1542 capitulia
628 1436 867 1525 tenebantur,
887 1435 1004 1516 nullis
1017 1435 1256 1542 presentibus
1268 1435 1340 1515 nisi
1356 1435 1533 1514 fratribus
1549 1435 1715 1524 ordinis3
1732 1435 1771 1512 in
1782 1465 1859 1544 quo

433 1584 618 1643 servatum
640 1565 771 1644 fuisset
795 1567 900 1674 quod
926 1595 1084 1675 magnus
1112 1566 1287 1673 Magister
1311 1595 1397 1645 cum
1422 1583 1613 1644 conventu
1638 1567 1857 1646 ordinasset.

431 1697 539 1776 Nunc
548 1697 704 1805 grandia
714 1698 898 1787 scandala,
907 1698 1068 1804 suspicio
1081 1715 1119 1775 et
1130 1697 1381 1776 infamiasunt
1396 1697 1725 1806 proptcrpredicta
1734 1717 1860 1776 exorta

431 1847 559 1906 contra
570 1829 757 1922 ordinem,
774 1846 1030 1936 contraquam
1047 1829 1190 1908 audivit
1204 1829 1277 1906 dici
1296 1857 1474 1938 magnum
1485 1829 1707 1937 Magistrum
1720 1829 1858 1908 etalios

431 1957 563 2064 aliqua'
576 1957 689 2036 luisse
712 1957 919 2048 confessos3
941 1959 989 2034 ad
1006 1958 1111 2066 cujus
1132 1957 1278 2035 ordinis
1298 1958 1575 2037 deffensionem
1593 1987 1632 2037 se
1654 1959 1857 2040 obtulerat.

487 2087 703 2193 Requisitus
719 2089 749 2166 si
764 2090 817 2166 sic
831 2088 1059 2194 deposuerat
1071 2117 1199 2194 prece,
1211 2106 1409 2194 precepto,
1423 2089 1559 2166 timore
1569 2151 1578 2181 ‚
1588 2117 1737 2178 amore,
1750 2090 1857 2182 odio,

429 2216 489 2306 vel
508 2217 709 2322 temporali
730 2218 932 2294 commodo
959 2217 1090 2294 habito
1110 2219 1170 2294 rel
1191 2217 1384 2307 babendo,
1410 2218 1607 2326 respondit
1626 2219 1732 2325 quod
1757 2247 1857 2312 uon,

429 2345 496 2422 sed
511 2333 578 2450 pro
598 2348 752 2423 veritate
768 2347 945 2440 dicenda3
964 2349 1025 2424 cui
1041 2347 1114 2424 fuit
1133 2348 1347 2454 injunctum
1362 2348 1464 2454 quod
1478 2377 1554 2426 non
1565 2349 1748 2427 revelaret
1763 2351 1859 2428 hanc

429 2503 535 2552 suam
552 2475 852 2580 deposicioncm‚
868 2504 1068 2582 quousque
1086 2477 1345 2554 attestaciones
1361 2477 1502 2556 luerint
1513 2478 1722 2585 publicate3
1736 2495 1774 2556 et
1789 2478 1859 2558 luit

429 2619 656 2710 protestatus
676 2606 779 2682 idem
801 2607 907 2683 testis
927 2608 967 2682 in
990 2605 1229 2712 deposicione
1250 2636 1318 2684 sua
1336 2608 1503 2713 predicta
1515 2608 1622 2716 quod
1642 2637 1718 2687 non
1740 2611 1858 2688 inten-

429 2733 543 2810 debat
556 2734 733 2813 recedere
747 2765 767 2814 a
779 2736 1019 2842 deposicione
1037 2734 1128 2812 alias
1144 2762 1212 2841 per
1228 2736 1352 2841 ipsum
1366 2735 1461 2815 facta
1476 2765 1603 2815 coram
1619 2738 1722 2817 dicto
1736 2723 1866 2817 domi-¹

429 2864 779 2973 coarchiepiscopo
799 2867 987 2945 Remensi.

484 3129 613 3205 Frater
643 3131 775 3207 Petrus
803 3129 850 3207 de
882 3133 994 3209 Siveu
1018 3133 1216 3238 presbiter.
1244 3134 1518 3212 bisuntinensis
1549 3134 1726 3226 diocesis,
1751 3137 1857 3214 testis

427 3286 540 3362 supra
565 3259 730 3365 juratus,
757 3262 1004 3368 quadraginta
1024 3290 1210 3340 annorum
1232 3264 1289 3340 vel
1316 3264 1429 3353 circa,
1459 3265 1685 3344 mantellum
1713 3266 1856 3345 ordinis

427 3387 631 3474 defferens,
650 3417 737 3466 cum
757 3418 834 3498 quo
856 3391 1059 3500 inquisitus
1079 3392 1211 3484 fuerat,
1234 3393 1430 3471 absolutus
1451 3410 1489 3472 et
1510 3394 1773 3474 reconciliatus
1791 3425 1857 3503 per

428 3517 627 3595 dominum
647 3519 969 3628 archiepiscopum
989 3524 1267 3610 Turonensem‚
1283 3523 1389 3600 lectis
1403 3540 1441 3600 et
1461 3523 1662 3632 diligenter
1682 3527 1856 3632 expositis

425 3645 497 3724 sibi
518 3648 695 3726 omnibus
715 3664 753 3726 et
771 3650 929 3759 singulis
948 3652 1126 3741 articulis,
1144 3651 1343 3760 respondit
1363 3681 1401 3732 se
1422 3655 1579 3741 nescire,
1597 3683 1668 3733 nec
1686 3657 1852 3744 credere,

426 3805 495 3854 nec
508 3777 691 3856 audivisse
702 3779 775 3857 dici
787 3781 834 3858 de
849 3782 1035 3859 contentis
1050 3783 1090 3858 in
1112 3784 1166 3860 cis
1187 3783 1258 3859 nisi
1273 3783 1380 3890 quod
1400 3785 1583 3890 sequitur,
1602 3785 1853 3890 quianullum

372 3945 377 3953 .
425 3905 541 3984 alium
560 3907 704 3984 viderat
721 3910 837 4015 recipi
859 3911 897 3985 in
917 3910 1068 4000 ordine,
1090 3939 1160 3988 nec
1180 3911 1402 3990 interfuerat
1420 3912 1661 4020 generalibus
1680 3915 1853 4021 capitulis

427 4035 662 4113 eorumdem.
684 4037 764 4143 Ipse
779 4056 912 4116 autem
933 4056 1107 4146 receptus
1126 4041 1249 4119 fuerat
1267 4043 1308 4118 in
1322 4042 1463 4149 capella
1476 4043 1613 4121 domus
1631 4043 1784 4152 Templi
1805 4043 1851 4122 de

427 4163 524 4242 Salis
544 4165 642 4243 dicte
665 4165 824 4245 diocesis
843 4168 1129 4263 Bisantinensis,
1150 4171 1190 4247 in
1214 4171 1356 4250 octabis
1375 4171 1459 4250 sesti
1479 4173 1581 4252 beati
1602 4174 1753 4252 Martini
1774 4174 1855 4252 bie·

425 4295 534 4372 malis
553 4297 726 4402 proximo
745 4295 914 4403 preteriti
941 4298 1096 4377 luerunt
1120 4327 1256 4379 novem
1278 4302 1367 4390 anni
1392 4303 1450 4380 vel
1471 4303 1583 4396 circa,
1611 4331 1680 4410 per
1701 4303 1853 4382 fratrem

427 4423 628 4500 Ricardum
647 4423 694 4502 de
710 4428 914 4504 Botoncort
928 4428 1106 4516 militem,
1124 4448 1382 4536 preceptorem
1397 4433 1496 4511 dicte
1512 4434 1666 4525 domus,
1684 4432 1731 4511 de
1747 4434 1854 4541 cujus

428 4553 501 4629 vita
524 4552 581 4630 vel
604 4571 725 4631 morte
752 4585 831 4668 non
855 4557 971 4635 babet
994 4560 1280 4652 certitudinem,
1303 4563 1541 4668 presentibus
1561 4563 1739 4642 fratribus
1756 4567 1853 4642 Lau·

428 4683 555 4760 reneio
579 4683 626 4760 de
647 4684 778 4778 Belua,
800 4686 874 4766 alio
901 4689 1002 4768 dicto
1028 4691 1075 4768 de
1100 4693 1301 4801 Bratanay,
1323 4693 1487 4774 Hearico
1509 4694 1618 4802 cujus
1642 4722 1852 4805 cognomen

426 4815 587 4920 ignorat,
603 4813 865 4908 servientibus,
877 4837 914 4898 et
924 4815 1101 4900 Guidone
1114 4823 1160 4900 dc
1176 4825 1407 4902 Bontencort
1424 4825 1561 4916 milite,
1577 4823 1795 4916 detruncas,
1812 4825 1850 4902 in
