4208 5886
669 563 865 657 esoces
890 582 989 655 ons
1019 579 1323 656 rsurmnas.
1628 583 1703 656 nac

284 743 411 805 tamen
433 726 556 804 Deum
580 751 663 814 ore,
689 751 766 801 non
787 724 917 816 corde,
947 740 990 800 ut
1015 723 1119 801 dixit.
1151 725 1300 802 Deinde
1330 722 1440 801 allata
1467 751 1534 829 per
1559 723 1702 802 dictum

283 856 533 958 presbiterum
560 855 722 961 quadam
753 881 862 932 cruce
882 852 1073 930 metallina
1097 854 1137 930 in
1157 883 1231 960 qua
1254 871 1332 932 erat
1353 881 1488 960 ymago
1509 854 1703 945 Crucifixi,

282 987 450 1093 precepit
466 985 500 1063 ei
518 985 641 1062 dictus
665 999 838 1091 receptor
857 983 963 1089 quod
978 1001 1130 1089 spueret
1159 1013 1271 1091 supra
1292 1011 1392 1075 eam,
1419 1000 1458 1060 et
1484 985 1562 1091 ipsc
1583 982 1707 1062 noluit

283 1143 419 1223 spuere
438 1143 566 1222 supra,
587 1115 655 1192 sed
673 1115 775 1220 spuit
788 1115 895 1222 juxta
923 1141 1017 1190 eam.
1045 1114 1148 1191 Dixit
1171 1115 1327 1221 insuper
1352 1113 1474 1220 quod,
1495 1114 1706 1192 secundum

283 1262 456 1352 precepta
489 1245 586 1322 dicte
613 1245 825 1352 religionis,
858 1257 1006 1351 poterat
1035 1243 1232 1321 carnaliter
1270 1243 1502 1321 commisceri
1530 1242 1707 1323 fratribus

285 1375 443 1465 ordinis,
468 1391 507 1452 et
533 1374 604 1481 ipsi
626 1403 712 1452 cum
739 1401 802 1464 eo;
829 1375 901 1453 hoc
919 1391 1047 1450 tamen
1070 1401 1145 1452 non
1173 1373 1279 1462 lecit,
1307 1372 1462 1450 necsuit
1483 1375 1705 1480 requisitus,

284 1533 353 1582 nec
373 1505 493 1583 credit
515 1505 622 1611 quod
644 1505 683 1580 in
704 1505 839 1583 ordine
856 1505 976 1582 lieret.
997 1503 1100 1581 Dixit
1120 1505 1239 1580 eciam
1263 1504 1367 1610 quod
1383 1501 1454 1580 sibi
1479 1503 1614 1582 tradita
1634 1505 1707 1584 fuit

283 1663 351 1742 per
370 1635 514 1711 dictum
537 1649 771 1742 receptorem
798 1663 873 1712 una
902 1632 1074 1725 cordula,
1102 1650 1140 1711 et
1163 1631 1384 1741 preceptum
1413 1633 1517 1739 quod
1541 1635 1707 1744 cingeret

284 1793 324 1842 se
353 1766 400 1843 de
434 1793 477 1843 ea
506 1793 617 1873 supra
654 1765 843 1843 camisiam
873 1794 959 1842 cum
994 1794 1068 1871 qua
1099 1764 1253 1872 jaceret.
1290 1763 1537 1841 Postmodum
1575 1765 1708 1874 elapsis

284 1921 346 1974 vur
367 1895 501 1972 diebus
522 1895 582 1973 vel
601 1895 717 1987 circa,
750 1921 834 1971 cum
862 1896 985 1972 dictus
1009 1893 1194 2000 presbiter
1221 1910 1258 1970 et
1281 1892 1362 1998 ipse
1385 1893 1484 1970 irent
1503 1895 1707 2000 spaciatum

283 2051 411 2102 versus
426 2024 690 2102 molendinum
714 2051 845 2102 eorum
863 2024 953 2101 dicti
974 2024 1065 2114 loci,
1088 2023 1181 2100 dixit
1203 2022 1237 2098 ei
1258 2021 1380 2100 dictus
1399 2022 1586 2127 presbiter
1604 2029 1709 2134 quod

287 2154 385 2232 dicte
406 2155 562 2232 cordule
579 2183 666 2232 cum
693 2154 832 2262 quibus
851 2152 1098 2261 cingebantur
1125 2151 1329 2259 tangebant
1344 2151 1443 2229 ultra
1469 2181 1572 2232 mare
1586 2159 1709 2262 quod-

287 2285 372 2361 dam
405 2285 550 2391 capud,
572 2285 650 2362 non
678 2282 903 2362 declarando
929 2283 1039 2390 quale
1068 2281 1189 2389 capud
1216 2298 1333 2373 esset,
1369 2297 1407 2358 et
1436 2282 1558 2360 dictus
1583 2289 1706 2376 testis,

284 2433 441 2522 propter
473 2415 642 2521 predicta
670 2413 798 2490 illicita
825 2442 898 2521 que
923 2413 957 2490 ei
997 2413 1165 2520 injuncta
1194 2410 1346 2489 luerunt
1381 2429 1418 2488 et
1447 2443 1522 2520 que
1547 2415 1706 2509 fecerat,

286 2546 477 2652 suspicans
498 2545 640 2622 dictum
669 2544 791 2650 capud
813 2571 892 2620 esse
917 2541 1078 2632 malum,
1109 2541 1245 2649 abjecit
1273 2541 1411 2618 dietam
1440 2543 1650 2638 cordulam,
1674 2564 1711 2625 et

287 2693 436 2754 extunc
452 2703 531 2753 non
550 2674 711 2781 portavit
728 2673 867 2750 dictam
887 2672 1100 2763 cordulam3
1117 2699 1185 2748 nec
1208 2671 1256 2748 de
1276 2670 1460 2777 capitibus
1477 2690 1514 2750 et
1530 2672 1578 2750 de
1598 2675 1711 2755 idolis

289 2805 489 2913 dequibus
509 2805 632 2912 agitur
651 2805 691 2880 in
713 2803 880 2881 articulis
901 2831 979 2880 non
999 2801 1139 2879 audivit
1159 2801 1241 2878 fieri
1261 2802 1500 2910 mencionem
1527 2804 1596 2880 nisi
1623 2835 1710 2884 cum

289 2933 552 3041 inquirebatur
566 2963 652 3013 cum
674 2961 739 3024 eo,
759 2950 797 3012 et
813 2931 1014 3041 postquam
1031 2950 1160 3039 captus
1180 2929 1270 3023 fuit,
1292 2927 1465 3010 et‘cre'dit
1484 2935 1590 3041 quod
1610 2964 1713 3014 com·

287 3064 454 3140 muniter
470 3061 507 3140 et
529 3063 674 3171 ubique
698 3064 797 3141 dicta
822 3063 954 3141 illicita
982 3081 1020 3140 et
1039 3091 1116 3140 non
1142 3061 1212 3138 alia
1232 3063 1501 3140 intervenirent
1520 3064 1558 3141 in
1583 3093 1713 3173 recep-

288 3191 461 3269 cionibus
486 3192 646 3268 aliorum
673 3191 830 3270 fratrum
858 3193 1003 3269 ordinis
1023 3190 1082 3268 vel
1113 3208 1216 3297 post,
1245 3193 1434 3300 quianon
1463 3192 1582 3270 credit
1607 3199 1712 3303 quod

287 3319 373 3397 talis
400 3321 544 3398 novitas
568 3319 662 3398 facta
682 3321 798 3400 fuerit
817 3321 887 3399 sibi
909 3323 991 3400 soli.
1019 3325 1136 3413 ltem,
1162 3321 1254 3432 dixit
1280 3323 1385 3428 quod
1412 3323 1450 3399 in
1468 3324 1530 3400 die
1554 3327 1711 3406 Veneris

286 3467 413 3526 sancta
433 3449 640 3526 adorabant
665 3469 880 3528 reverenter
899 3467 937 3528 et
958 3451 1110 3539 devote,
1138 3451 1251 3527 nudis
1270 3451 1450 3556 pedibus,
1474 3481 1643 3549 crucem,
1674 3474 1712 3532 et

288 3578 392 3683 quod
415 3578 495 3684 ipse
524 3577 621 3656 bene
649 3579 828 3658 credebat
852 3575 1108 3658 ecclesiasticis
1133 3581 1389 3673 sacramentis,
1417 3582 1575 3660 credens
1605 3585 1712 3692 quod

288 3706 350 3784 alii
375 3705 507 3786 iratres
527 3709 672 3787 ordinis
697 3712 833 3787 eodem
864 3710 979 3788 modo
1007 3710 1220 3799 crederent,
1246 3727 1285 3788 et
1303 3711 1408 3817 quod
1432 3739 1564 3790 eorum
1591 3743 1711 3792 sacer-

289 3835 397 3915 dotes
416 3838 543 3917 debite
576 3838 821 3917 celebrarent.
849 3841 992 3918 Juravit
1017 3840 1192 3917 ordinem
1224 3868 1302 3918 non
1332 3841 1431 3918 exire
1460 3870 1531 3948 pro
1561 3844 1711 3922 meliori

288 3967 346 4044 vel
376 3968 516 4076 pejori,
543 3970 702 4046 credens
731 3970 836 4078 quod
861 3969 923 4048 alii
956 3969 1092 4049 eodem
1120 3970 1235 4047 modo
1257 3970 1440 4077 jurarent.
1468 3969 1711 4052 Clandestine

288 4095 577 4203 recipiebantur,
599 4095 727 4176 nullis
743 4099 982 4206 presentibus
1002 4100 1074 4176 nisi
1099 4100 1277 4178 fratribus
1293 4101 1455 4191 ordinis,
1472 4129 1516 4178 ex
1535 4133 1612 4210 quo
1632 4133 1711 4183 cre·

289 4225 346 4302 dit
366 4227 469 4332 quod
495 4244 594 4304 esset
612 4228 775 4334 suspicio
800 4246 928 4306 contra
962 4256 1037 4307 eos.
1062 4230 1193 4308 Credit
1212 4230 1318 4335 quod
1336 4232 1401 4338 qui
1427 4227 1640 4314 noluissent
1658 4236 1712 4314 sa-

288 4381 372 4432 cere
398 4356 566 4460 predicta
593 4357 723 4435 illicita
745 4358 951 4436 conlassata
970 4387 1041 4466 per
1059 4387 1166 4450 eum,
1191 4361 1289 4436 male
1308 4362 1454 4439 tractati
1475 4361 1650 4454 luissent,
1675 4384 1713 4444 et

288 4485 393 4589 quod
408 4486 643 4596 negligentes
655 4489 811 4565 suerunt
821 4490 885 4595 qui
896 4488 1066 4595 predicta
1077 4489 1259 4580 sciebant,
1275 4492 1454 4598 quianon
1468 4513 1712 4573 correxerunt

287 4639 357 4689 nec
385 4615 706 4696 denunciaverunt
735 4617 916 4708 Ecclesia,
949 4636 986 4696 et
1018 4619 1138 4696 credit
1163 4620 1268 4726 quod
1295 4621 1349 4699 cis
1368 4641 1492 4701 esseut
1518 4641 1607 4702 nota
1625 4654 1712 4732 pre-

288 4743 398 4822 dicta.
419 4746 673 4824 Elemosinam
694 4765 731 4825 et
749 4749 1039 4856 hospitalitatem
1062 4751 1156 4828 vidit
1175 4752 1443 4830 convenienter
1460 4752 1542 4830 fieri
1574 4771 1612 4831 et
1635 4783 1712 4832 ser-

288 4872 362 4950 vari
383 4873 424 4950 in
445 4875 622 4954 domibus
641 4876 786 4955 ordinis
806 4879 844 4955 in
875 4878 1013 4986 quibus
1039 4881 1158 4960 extitit
1175 4899 1438 4959 commoratus.
1460 4882 1601 4962 Contra
1623 4883 1711 4961 Sar·
1772 4881 1781 4896 '

393 5015 500 5074 esocis
522 5033 575 5076 nas
597 5033 867 5077 marcisus-11.
1521 5020 1560 5081 da
