4202 5876
697 507 1342 600 enoetsunsrnurmnns.
1521 503 1526 512 '
1659 525 1731 602 tos

366 665 422 744 Ad
443 667 555 746 lxxun
576 665 774 744 articulum
796 667 995 775 diligenter
1014 667 1278 775 interrogatus,
1302 668 1393 746 dixit
1414 688 1450 746 et
1474 669 1671 776 respondit
1692 688 1734 746 ut

310 827 419 904 supra
439 799 477 876 in
498 825 596 876 xxuu
616 798 772 875 articulo
792 815 847 874 est
865 827 1087 904 responsum
1109 828 1177 906 per
1196 827 1296 878 eum.

367 929 424 1005 Ad
435 929 672 1009 lxxv—lxxxx
689 929 864 1008 articulos
881 930 1076 1019 inclusive,
1097 930 1296 1037 diligenter
1311 946 1349 1008 et
1366 929 1552 1038 sigillatim
1572 932 1734 1010 interro-

309 1076 430 1167 gatus,
453 1059 683 1165 respondens
698 1061 843 1166 negavit
861 1061 961 1166 ipsos
977 1060 1151 1138 articulos
1167 1079 1206 1138 et
1215 1061 1340 1138 omnia
1355 1079 1392 1138 et
1403 1061 1547 1170 singula
1562 1079 1735 1140 contenta

310 1191 349 1266 in
370 1192 439 1283 eis,
459 1191 548 1297 quia
568 1219 713 1268 errores
728 1191 776 1266 de
797 1191 935 1298 quibus
954 1191 1129 1298 agiturin
1146 1192 1290 1269 eisdem
1311 1191 1465 1272 in-dicto
1486 1191 1618 1269 ordine
1638 1221 1735 1270 nun-

310 1351 424 1428 quam
452 1321 605 1398 fuerunt
630 1349 699 1398 nec
727 1338 813 1398 sunt
835 1349 904 1398 nec
926 1321 1042 1429 aliqui
1071 1323 1304 1400 eorumdem.
1328 1324 1374 1400 Et
1399 1323 1488 1402 ideo
1510 1323 1735 1430 negligentia

310 1453 442 1530 ascribi
462 1452 518 1528 vel
537 1453 712 1558 imputari
737 1465 812 1529 non
838 1453 960 1558 potuit
981 1452 1258 1557 presidentibus
1280 1452 1350 1558 ipsi
1372 1451 1493 1530 ordini
1515 1480 1584 1529 nec
1604 1480 1736 1530 eorum

310 1581 496 1671 fratribus,
508 1581 538 1658 si
553 1581 672 1660 dictos
692 1610 837 1660 errores
856 1583 921 1688 qui
940 1583 1096 1658 inveniri
1111 1609 1187 1659 non
1203 1598 1377 1687 poterant
1392 1581 1548 1658 minime
1568 1609 1736 1660 correxe-

310 1730 398 1789 runt
407 1741 476 1790 nee
484 1729 608 1790 sancte
623 1713 693 1789 Dei
706 1713 869 1790 Ecclesia
885 1713 1122 1800 nunciarunt,
1135 1711 1337 1818 quiaquod
1348 1739 1426 1790 non
1440 1729 1506 1799 est,
1522 1712 1655 1817 corrigi
1666 1741 1735 1788 nec

310 1843 478 1920 nunciari
497 1861 561 1920 aut
581 1827 716 1948 corripi
736 1870 812 1920 non
828 1859 967 1948 potest,
989 1860 1033 1920 ut
1048 1843 1152 1920 dixit.

367 1974 426 2051 Ad
443 1973 553 2052 lxxxu
573 1973 772 2050 articulum
789 1975 988 2080 diligenter
999 1976 1264 2081 interrogatus,
1280 1973 1513 2080 respondens
1529 1974 1621 2052 dixit
1631 1975 1737 2081 quod

312 2107 342 2181 si
361 2106 427 2211 qui
442 2104 572 2181 fratres
587 2103 634 2180 de
655 2105 793 2206 quibus
811 2106 851 2180 in
865 2104 1020 2182 articulo
1035 2106 1156 2212 agitur
1174 2103 1331 2182 confessi
1352 2107 1428 2182 sint
1447 2104 1510 2182 illa
1531 2105 1579 2181 de
1599 2105 1737 2210 quibus

311 2237 432 2344 agitur
441 2236 480 2312 in
494 2234 641 2324 eodem,
659 2234 751 2312 dixit
765 2237 864 2342 ipsos
880 2235 1014 2313 falsum
1026 2235 1214 2314 confessos
1229 2235 1322 2325 fore,
1334 2265 1420 2312 cum
1437 2235 1475 2311 in
1488 2235 1589 2313 dicto
1603 2235 1735 2314 ordine

310 2366 458 2474 Templi
477 2395 663 2473 nusquam
678 2395 783 2444 error
801 2367 858 2445 vel
878 2367 1000 2474 aliqua
1015 2365 1104 2444 fidei
1124 2367 1334 2445 orthodoxe
1347 2365 1529 2444 contraria
1543 2365 1589 2442 ab
1604 2363 1737 2473 aliqui-

311 2497 382 2574 bus
412 2487 588 2574 fratribus
612 2497 783 2603 ejusdem
810 2497 953 2575 ordinis
978 2499 1052 2575 sint
1077 2498 1285 2575 commissa.
1312 2499 1406 2574 Ymo
1437 2496 1555 2572 credit
1580 2524 1644 2574 eos
1670 2499 1736 2604 qui

311 2626 470 2705 confessi
490 2644 579 2704 sunt
599 2645 710 2734 prout
724 2628 763 2703 in
783 2628 937 2706 articulo
954 2628 1090 2705 dicitur
1108 2625 1219 2705 falsos
1232 2627 1363 2704 fratres
1376 2627 1506 2713 fuisse,
1530 2644 1567 2702 et
1585 2626 1677 2704 falso
1699 2645 1737 2704 et

311 2758 523 2836 adulterino
539 2757 653 2834 modo
675 2757 846 2836 habitum
863 2757 950 2835 dicti
969 2759 1113 2836 ordinis
1124 2760 1343 2865 suscepisse.
1777 2751 1778 2754 ¹

369 2888 427 2965 Ad
441 2889 584 2976 lxxxru,
603 2887 741 2966 lxxxuu
758 2906 796 2966 et
810 2889 916 2968 lxxxv
930 2890 1105 2968 articulos
1123 2889 1317 2980 inclusive,
1340 2889 1539 2998 diligenter
1554 2905 1592 2964 et
1604 2889 1739 2995 sigilla·

311 3018 380 3094 tim
399 3019 665 3126 interrogatus,
681 3019 876 3125 respondit
894 3021 999 3126 quod
1019 3021 1049 3096 si
1068 3021 1226 3127 predicti
1248 3024 1314 3128 qni
1332 3019 1463 3098 fratres
1484 3017 1574 3097 dicti
1595 3017 1737 3096 ordinis

312 3147 545 3254 appellantur
564 3149 602 3224 in
622 3149 787 3225 articulis
802 3149 1024 3254 supradictis
1038 3149 1197 3228 confessi
1213 3151 1366 3227 fuerunt
1381 3167 1554 3228 contenta
1572 3147 1610 3225 in
1629 3149 1736 3226 dictis
1851 3153 1858 3158 ’

312 3279 492 3366 articulis,
510 3279 548 3352 in
566 3279 758 3382 presencia
779 3278 924 3356 domini
944 3279 1061 3356 nostri
1082 3281 1219 3356 summi
1235 3280 1421 3385 pontificis
1436 3297 1474 3357 et
1497 3281 1736 3358 dominorum

312 3408 555 3486 cardinalium
575 3408 729 3486 fratrum
750 3411 831 3517 ejus
851 3439 937 3486 cxun
951 3411 1166 3516 juramento
1186 3411 1339 3516 proprio
1362 3427 1399 3485 ct
1419 3408 1458 3485 in
1476 3410 1590 3515 pleno
1615 3411 1738 3488 consi-

312 3540 427 3617 storio
442 3537 609 3645 ejusdem
627 3539 918 3633 dominisummi
928 3541 1227 3646 pontilicis‚salva
1239 3541 1296 3616 sui
1313 3541 1529 3618 excellentia
1542 3558 1580 3618 et
1593 3541 1736 3618 honore

313 3687 350 3746 et
364 3670 604 3746 dominorum
624 3671 866 3747 cardinalium
879 3672 1099 3760 reverentia,
1119 3673 1278 3778 predicti
1292 3671 1421 3749 fratres
1435 3671 1501 3778 qui
1515 3698 1653 3748 nomen
1665 3672 1738 3748 fra-

311 3817 412 3874 trum
426 3798 514 3874 dicti
526 3799 671 3876 ordinis
688 3800 836 3905 Templi
853 3801 928 3878 sibi
942 3818 1085 3878 temere
1097 3818 1335 3908 usurparunt,
1354 3799 1444 3878 falsa
1458 3801 1614 3879 confessi
1630 3819 1735 3892 sunt,

312 3929 398 4032 quia
418 3956 487 4004 nec
511 3957 667 4035 usquam
689 3928 830 4006 dictum
850 3958 919 4007 nec
942 3959 1101 4038 usquam
1124 3931 1283 4008 relatum
1314 3957 1383 4008 nec
1405 3932 1578 4008 anditum
1603 3929 1674 4008 fuit
1698 3933 1737 4007 in
1857 3959 1860 3970 ·

313 4058 412 4134 dicto
434 4059 565 4136 ordine
585 4059 682 4137 illud
700 4061 804 4166 quod
821 4062 978 4166 predicti
999 4061 1259 4139 confessisunt
1278 4059 1369 4138 falso
1391 4061 1517 4138 modo:

367 4188 426 4264 Ad
444 4189 565 4268 lxxxvi
586 4190 782 4267 articulum
808 4189 1007 4298 diligenter
1028 4193 1290 4300 interrogatus,
1318 4192 1410 4268 dixit
1429 4193 1534 4299 qnod
1559 4194 1639 4300 ipse
1667 4195 1738 4274 fuit

312 4336 483 4424 receptus
503 4320 540 4396 in
556 4319 705 4397 fratrem
721 4320 809 4398 dicti
828 4322 971 4399 ordinis
987 4323 1025 4398 in
1047 4322 1201 4400 ecclesia
1216 4349 1284 4399 seu
1305 4321 1444 4427 capella
1464 4323 1600 4400 domus
1617 4325 1736 4404 Mansi

312 4449 398 4536 Dei,
429 4448 562 4526 clausis
585 4451 711 4558 jannis
730 4449 847 4558 ipsius
866 4451 1024 4558 capelle,
1042 4451 1155 4530 simul
1176 4477 1260 4528 cum
1280 4451 1449 4529 ferrario
1471 4453 1559 4530 Hoti
1581 4471 1619 4531 et
1641 4458 1735 4564 Ray-

312 4579 455 4655 mundo
473 4580 623 4656 Remilli
643 4581 819 4658 fratribus
832 4582 1003 4690 ejusdcm
1026 4581 1187 4670 ordinis,
1209 4590 1278 4686 per
1298 4579 1451 4658 fratrem
1473 4581 1733 4688 Raymundum

316 4707 362 4784 de
383 4706 521 4786 Gardia
533 4728 790 4816 preceptorem
808 4712 974 4817 ejusdem
987 4711 1123 4790 domus
1135 4711 1255 4790 Mansi
1270 4711 1353 4801 Dei,
1364 4709 1424 4788 die
1440 4711 1635 4790 Dominica
1650 4732 1736 4794 ante

313 4835 524 4916 Adventum
538 4840 688 4916 Domini
708 4841 876 4946 proxime
896 4843 1115 4947 preteritum
1132 4841 1284 4920 fuerunt
1305 4856 1385 4918 11110'
1402 4842 1488 4918 anni
1507 4840 1636 4946 elapsi,
1658 4875 1738 4953 pre.

421 4996 526 5055 exacte
542 5015 594 5055 nas
610 5015 783 5058 rsurmsns.
799 5031 841 5043 —
856 5017 889 5057 ιι.
1531 4997 1568 5080 59
