4486 5890
486 503 533 571 m
755 561 758 570 ,
872 475 1519 568 raootsnnsrnuemnas.

486 657 524 717 et
542 635 638 716 vidit
659 635 753 714 alios
779 635 915 741 recipi3
937 635 1005 712 sed
1028 651 1117 740 post
1137 634 1353 741 capcionem
1379 659 1530 722 eorum,
1552 631 1713 709 credidit
1733 648 1771 708 et
1791 633 1910 712 credit

487 769 592 877 quod
620 765 873 846 diversimode
900 753 1169 872 reciperentur,
1198 779 1355 870 propter
1376 759 1651 840 confessionem
1678 761 1845 871 Magistri
1872 780 1910 842 et

482 902 644 980 aliorum
670 898 948 1006 deponencium
977 895 1082 1003 quod
1110 892 1234 1000 aliqua
1265 893 1393 971 illicita
1424 888 1724 972 interveniebant
1749 892 1788 969 in
1817 892 1909 1000 ipsis

482 1028 768 1139 recepcionibus
786 1027 845 1105 vel
865 1026 961 1135 post}
986 1023 1259 1133 injungebatur
1280 1023 1333 1101 eis
1352 1051 1421 1129 per
1442 1038 1719 1100 sacramentum
1739 1050 1789 1100 ne
1808 1049 1910 1100 reve-

479 1161 603 1239 larent
628 1175 771 1237 secreta
799 1157 1069 1264 capitulorum,
1099 1153 1148 1232 de
1173 1153 1289 1232 modo
1318 1152 1551 1260 recepcionis
1574 1150 1725 1259 speciali
1748 1179 1825 1230 non
1845 1152 1909 1231 ha-

478 1290 557 1368 bita
574 1287 786 1368 mencione.
808 1288 848 1365 si
867 1284 1107 1375 revelassent,
1126 1284 1245 1362 nescit
1258 1281 1422 1390 qualiter
1437 1282 1559 1390 puniti
1576 1281 1751 1371 fuissene
1768 1282 1907 1390 absque

480 1419 636 1497 licencia
664 1445 741 1527 non
770 1433 945 1524 poterant
973 1416 1045 1494 nisi
1077 1414 1338 1493 sacerdotibus
1369 1413 1515 1492 ordinis
1547 1413 1731 1492 confiteri.
1762 1415 1907 1493 Fratres

477 1550 637 1628 scientes
665 1574 810 1626 errores
836 1546 993 1624 fuerunt
1011 1545 1245 1654 negligentes
1272 1545 1360 1652 quia
1386 1573 1461 1623 non
1491 1563 1734 1622 correxerunt
1753 1573 1818 1624 eos
1837 1574 1907 1625 nec

479 1680 801 1757 denunciaverunt
814 1678 993 1755 Ecclesia.
1015 1679 1057 1754 ln
1078 1676 1257 1754 domibus
1273 1675 1418 1754 ordinis
1438 1675 1477 1752 in
1497 1677 1638 1783 quibus
1654 1675 1794 1754 exstitit
1807 1703 1907 1754 com·

478 1828 646 1888 moratus
665 1809 760 1886 vidit
777 1809 1001 1887 elemosinas
1022 1824 1060 1884 et
1076 1807 1370 1912 hospitalitatem
1393 1807 1661 1884 convenienter
1675 1803 1758 1884 fieri
1775 1825 1813 1884 et
1827 1835 1904 1888 ser·

476 1941 569 2024 vari,
590 1956 629 2016 et
643 1937 810 2016 deffendi
828 1965 876 2014 ne
892 1936 1129 2044 acquirerent
1149 1934 1319 2013 indebite
1340 1935 1490 2026 ordini;
1512 1953 1549 2012 et
1570 1935 1766 2013 dicebatur
1782 1937 1901 2044 quod,

475 2073 505 2147 si
535 2071 773 2178 acquirerent
798 2065 983 2155 indebite,
1007 2093 1139 2142 eorum
1169 2064 1293 2140 anime
1324 2081 1574 2171 gravarentur.
1598 2064 1727 2141 lenuis
1747 2065 1898 2154 clausis,

475 2199 592 2278 nullis
604 2197 843 2307 presentibus
860 2195 932 2273 nisi
949 2195 1125 2272 fratribus
1141 2194 1301 2282 ordinis,
1319 2222 1452 2272 eorum
1470 2195 1645 2300 capitulia
1659 2195 1897 2274 tenebantur.

475 2331 658 2408 Ordinata
675 2355 744 2434 per
757 2328 977 2437 Magistrum
998 2355 1085 2403 cum
1107 2342 1292 2402 conventu
1315 2343 1494 2404 servasset
1513 2343 1616 2403 totus
1641 2326 1754 2419 orde,
1777 2345 1903 2406 contra

474 2489 590 2566 quem
610 2486 713 2537 nunc
732 2458 886 2564 grandia
906 2456 1097 2548 scandala,
1115 2456 1278 2562 suspicio
1298 2473 1335 2532 et
1350 2455 1503 2533 infamia
1517 2475 1605 2534 sunt
1619 2473 1757 2534 exorta.
1774 2458 1904 2537 Credit

474 2583 598 2697 quod,
616 2589 646 2666 si
661 2589 792 2665 illicita
810 2588 952 2664 fiebant
971 2589 1011 2664 in
1032 2586 1184 2678 ordine,
1207 2604 1331 2663 essent
1355 2604 1444 2665 nota
1464 2587 1624 2694 illisqui
1646 2616 1689 2664 ea
1706 2586 1899 2667 faciebant.

474 2722 558 2798 Non
578 2717 767 2797 obtrderat
790 2745 829 2796 se
855 2717 903 2794 ad
928 2717 1204 2796 deffensionem
1225 2717 1388 2794 ordinis,
1404 2719 1620 2826 Requisitus
1645 2716 1728 2806 ubi,
1750 2721 1902 2824 quando

474 2867 512 2927 et
532 2849 695 2957 qualiter
713 2866 887 2956 receptus
904 2847 1026 2926 suerat
1042 2865 1079 2926 et
1095 2877 1190 2954 quos
1205 2848 1319 2956 recipi
1336 2847 1499 2937 viderat,
1518 2848 1713 2956 respondit
1731 2877 1771 2926 se
1789 2847 1899 2928 luisse

473 2997 667 3087 receptum
688 2979 728 3054 in
748 2978 888 3085 capella
908 2978 1047 3056 domus
1071 2977 1222 3084 Templi
1245 2978 1292 3055 de
1311 2977 1550 3070 Molendinis
1574 2979 1799 3056 Pictavensis
1822 2980 1900 3058 dio·

473 3111 583 3198 cesis,
601 3111 640 3187 in
655 3109 808 3186 instanti
828 3108 924 3187 festo
944 3110 1183 3206 Pentecosten
1205 3126 1317 3186 erunt
1336 3111 1517 3186 xxrr'anni
1540 3107 1597 3186 vel
1617 3110 1731 3198 circa,
1750 3137 1818 3216 per
1831 3110 1899 3186 sra-

471 3259 568 3316 trem
592 3238 842 3317 Amblardum
863 3237 1024 3316 militem
1045 3240 1240 3346 quondam
1265 3239 1508 3326 Vienensem,
1532 3257 1621 3318 tunc
1641 3219 1897 3346 preceptorem

472 3370 647 3458 Pictavie‚
671 3371 909 3474 presentibus
936 3368 1112 3447 fratribus
1140 3370 1311 3448 lohanne
1339 3370 1386 3446 de
1419 3373 1556 3449 Sancto
1581 3370 1787 3449 benedicto
1817 3400 1899 3478 pre-

471 3518 622 3607 ceptore
645 3502 838 3578 delusula
857 3500 1061 3593 Bochardi,
1083 3519 1177 3579 teste
1194 3530 1306 3607 supra
1326 3503 1553 3590 examinato,
1576 3502 1728 3579 Matheo
1747 3501 1900 3580 Velhier

469 3627 723 3720 Turonensis,
756 3631 924 3712 Gerardo
954 3632 1001 3708 de
1033 3634 1160 3740 Nonay
1184 3632 1381 3711 Vienensis
1409 3632 1617 3710 diocesium
1634 3633 1896 3724 servientibus,

469 3739 685 3850 dellunctis,
717 3762 756 3839 in
785 3762 887 3839 hunc
914 3761 1073 3840 modum
1098 3795 1105 3837 :
1128 3790 1215 3839 nam
1237 3791 1323 3838 cum
1350 3762 1523 3869 peciisset
1548 3789 1684 3868 panem
1707 3779 1745 3840 et
1764 3789 1896 3868 aquam

469 3894 629 3980 ordinis,
652 3912 690 3971 et
707 3921 932 4000 responsum
954 3895 989 3970 ei
1009 3893 1142 3971 fuisset
1165 3895 1271 4000 quod
1290 3894 1390 3971 bene
1411 3871 1654 3985 deliberaret,
1678 3895 1765 4002 quia
1792 3923 1898 4002 opor-

469 4042 565 4100 teret
592 4053 679 4101 eum
704 4023 879 4102 abdicare
900 4053 921 4099 a
946 4052 984 4100 se
1005 4023 1197 4130 propriam
1217 4024 1447 4102 voluntatem
1475 4043 1512 4102 et
1538 4024 1671 4132 subjici
1694 4024 1838 4111 aliene,
1861 4041 1896 4100 et

470 4153 589 4232 multa
613 4154 709 4231 dura
729 4171 767 4232 et
796 4182 923 4262 aspera
950 4155 1156 4247 sustinere,
1184 4157 1326 4261 etipse
1354 4156 1610 4261 respondisset
1639 4153 1743 4261 quod
1772 4155 1896 4232 omnia

468 4285 689 4376 sustineret,
719 4281 883 4362 finaliter
910 4287 1055 4391 poscito
1082 4313 1152 4392 per
1166 4286 1426 4393 juramentum
1451 4286 1500 4363 ab
1527 4313 1573 4364 eo
1594 4283 1700 4392 quod
1720 4313 1800 4364 non
1821 4301 1896 4362 erat

468 4414 611 4491 servilis
626 4413 878 4506 condicionis,
897 4416 1156 4507 matrimonio,
1175 4417 1282 4495 alteri
1299 4416 1471 4524 religioni
1493 4417 1551 4494 vel
1570 4415 1710 4494 debitis
1728 4443 1804 4522 que
1820 4441 1894 4494 non

467 4561 595 4650 posset
622 4543 766 4623 solvere
795 4542 998 4654 obligatus,
1021 4575 1091 4624 nec
1116 4547 1280 4626 habebat
1300 4548 1559 4625 infirmitatem
1585 4547 1782 4634 latentem,
1810 4544 1894 4622 fecit

468 4703 557 4752 eum
572 4673 700 4780 jurare
720 4703 832 4782 supra
853 4676 1057 4782 quemdam
1078 4677 1219 4756 librum
1236 4677 1339 4784 quod
1357 4694 1520 4755 servaret
1533 4676 1655 4755 bonos
1671 4705 1763 4754 usus
1779 4693 1817 4754 et
1831 4677 1893 4754 bo·

466 4835 532 4885 nas
558 4806 851 4886 consuetudines
880 4833 955 4913 que
979 4825 1071 4885 tunc
1103 4827 1206 4886 erant
1241 4809 1280 4885 in
1309 4808 1461 4898 ordine,
1484 4827 1521 4887 et
1550 4808 1680 4917 quiin
1700 4825 1891 4913 posterum
