<?xml version="1.0" encoding="UTF-8"?>
<!DOCTYPE html PUBLIC "-//W3C//DTD XHTML 1.0 Transitional//EN"
    "http://www.w3.org/TR/xhtml1/DTD/xhtml1-transitional.dtd">
<html xmlns="http://www.w3.org/1999/xhtml" xml:lang="en" lang="en">
 <head>
  <title>
</title>
<meta http-equiv="Content-Type" content="text/html;charset=utf-8" />
  <meta name='ocr-system' content='tesseract 3.04.00' />
  <meta name='ocr-capabilities' content='ocr_page ocr_carea ocr_par ocr_line ocrx_word'/>
</head>
<body>
  <div class='ocr_page' id='page_1' title='image "./procsdestemplie03defegoog_0495.png"; bbox 0 0 4202 5876; ppageno 0'>
   <div class='ocr_carea' id='block_1_1' title="bbox 681 485 1718 580">
    <p class='ocr_par' dir='ltr' id='par_1_1' title="bbox 681 439 1718 580">
     <span class='ocr_line' id='line_1_1' title="bbox 681 485 1718 580; baseline 0.004 -4"><span class='ocrx_word' id='word_1_1' title='bbox 681 485 877 576; x_wconf 79' lang='lat' dir='ltr'>Pnocts</span> <span class='ocrx_word' id='word_1_2' title='bbox 903 501 997 572; x_wconf 81' lang='lat' dir='ltr'>nus</span> <span class='ocrx_word' id='word_1_3' title='bbox 1029 500 1328 575; x_wconf 77' lang='lat' dir='ltr'>rnnrmms.</span> <span class='ocrx_word' id='word_1_4' title='bbox 1647 507 1718 580; x_wconf 73' lang='lat'>1177</span> 
     </span>
    </p>
   </div>
   <div class='ocr_carea' id='block_1_2' title="bbox 199 641 1819 4922">
    <p class='ocr_par' dir='ltr' id='par_1_2' title="bbox 294 641 1819 1249">
     <span class='ocr_line' id='line_1_2' title="bbox 294 641 1721 755; baseline 0 -31"><span class='ocrx_word' id='word_1_5' title='bbox 294 665 352 725; x_wconf 89' lang='lat' dir='ltr'>ter</span> <span class='ocrx_word' id='word_1_6' title='bbox 367 662 584 752; x_wconf 87' lang='lat' dir='ltr'>reputarent</span> <span class='ocrx_word' id='word_1_7' title='bbox 597 661 635 722; x_wconf 89' lang='lat' dir='ltr'>et</span> <span class='ocrx_word' id='word_1_8' title='bbox 650 645 847 722; x_wconf 82' lang='lat' dir='ltr'>crederent</span> <span class='ocrx_word' id='word_1_9' title='bbox 860 641 992 719; x_wconf 82' lang='lat' dir='ltr'>fratres</span> <span class='ocrx_word' id='word_1_10' title='bbox 1006 643 1163 748; x_wconf 82' lang='lat' dir='ltr'>predicti</span> <span class='ocrx_word' id='word_1_11' title='bbox 1176 644 1301 720; x_wconf 88' lang='lat' dir='ltr'>Deum</span> <span class='ocrx_word' id='word_1_12' title='bbox 1315 643 1506 724; x_wconf 87' lang='lat' dir='ltr'>offendere</span> <span class='ocrx_word' id='word_1_13' title='bbox 1522 664 1559 724; x_wconf 91' lang='lat' dir='ltr'>et</span> <span class='ocrx_word' id='word_1_14' title='bbox 1569 677 1721 755; x_wconf 88' lang='lat' dir='ltr'>peccare</span> 
     </span>
     <span class='ocr_line' id='line_1_3' title="bbox 294 772 1721 880; baseline 0.001 -25"><span class='ocrx_word' id='word_1_15' title='bbox 294 796 332 855; x_wconf 92' lang='lat' dir='ltr'>et</span> <span class='ocrx_word' id='word_1_16' title='bbox 351 794 479 855; x_wconf 89' lang='lat' dir='ltr'>contra</span> <span class='ocrx_word' id='word_1_17' title='bbox 505 793 640 854; x_wconf 90' lang='lat' dir='ltr'>statuta</span> <span class='ocrx_word' id='word_1_18' title='bbox 666 775 755 854; x_wconf 89' lang='lat' dir='ltr'>dicti</span> <span class='ocrx_word' id='word_1_19' title='bbox 782 774 924 852; x_wconf 84' lang='lat' dir='ltr'>ordinis</span> <span class='ocrx_word' id='word_1_20' title='bbox 949 772 1087 862; x_wconf 80' lang='lat' dir='ltr'>lacere,</span> <span class='ocrx_word' id='word_1_21' title='bbox 1106 793 1145 852; x_wconf 92' lang='lat' dir='ltr'>et</span> <span class='ocrx_word' id='word_1_22' title='bbox 1169 773 1272 880; x_wconf 90' lang='lat' dir='ltr'>quod</span> <span class='ocrx_word' id='word_1_23' title='bbox 1298 774 1345 850; x_wconf 91' lang='lat' dir='ltr'>de</span> <span class='ocrx_word' id='word_1_24' title='bbox 1367 791 1506 854; x_wconf 87' lang='lat' dir='ltr'>temere</span> <span class='ocrx_word' id='word_1_25' title='bbox 1532 781 1619 856; x_wconf 89' lang='lat' dir='ltr'>actis</span> <span class='ocrx_word' id='word_1_26' title='bbox 1642 809 1721 856; x_wconf 90' lang='lat' dir='ltr'>ase</span> 
     </span>
     <span class='ocr_line' id='line_1_4' title="bbox 295 904 1723 1017; baseline 0 -30"><span class='ocrx_word' id='word_1_27' title='bbox 295 908 588 1015; x_wconf 86' lang='lat' dir='ltr'>penasluerent,</span> <span class='ocrx_word' id='word_1_28' title='bbox 613 923 690 986; x_wconf 89' lang='lat' dir='ltr'>eta</span> <span class='ocrx_word' id='word_1_29' title='bbox 712 905 790 982; x_wconf 90' lang='lat' dir='ltr'>suis</span> <span class='ocrx_word' id='word_1_30' title='bbox 810 904 1066 1011; x_wconf 88' lang='lat' dir='ltr'>superioribus</span> <span class='ocrx_word' id='word_1_31' title='bbox 1085 904 1299 1012; x_wconf 83' lang='lat' dir='ltr'>gravissime</span> <span class='ocrx_word' id='word_1_32' title='bbox 1319 905 1551 1010; x_wconf 83' lang='lat' dir='ltr'>punirentur.</span> <span class='ocrx_word' id='word_1_33' title='bbox 1566 909 1723 1017; x_wconf 85' lang='lat' dir='ltr'>Reliqua</span> 
     </span>
     <span class='ocr_line' id='line_1_5' title="bbox 296 1035 1819 1144; baseline 0.001 -28"><span class='ocrx_word' id='word_1_34' title='bbox 296 1057 421 1118; x_wconf 89' lang='lat' dir='ltr'>autem</span> <span class='ocrx_word' id='word_1_35' title='bbox 438 1040 477 1115; x_wconf 94' lang='lat' dir='ltr'>in</span> <span class='ocrx_word' id='word_1_36' title='bbox 494 1038 601 1116; x_wconf 88' lang='lat' dir='ltr'>dictis</span> <span class='ocrx_word' id='word_1_37' title='bbox 620 1036 784 1115; x_wconf 81' lang='lat' dir='ltr'>articulis</span> <span class='ocrx_word' id='word_1_38' title='bbox 806 1052 979 1114; x_wconf 83' lang='lat' dir='ltr'>contenta</span> <span class='ocrx_word' id='word_1_39' title='bbox 1000 1053 1038 1112; x_wconf 90' lang='lat' dir='ltr'>et</span> <span class='ocrx_word' id='word_1_40' title='bbox 1059 1036 1202 1143; x_wconf 85' lang='lat' dir='ltr'>singula</span> <span class='ocrx_word' id='word_1_41' title='bbox 1224 1036 1386 1144; x_wconf 86' lang='lat' dir='ltr'>negavit,</span> <span class='ocrx_word' id='word_1_42' title='bbox 1410 1054 1447 1114; x_wconf 90' lang='lat' dir='ltr'>et</span> <span class='ocrx_word' id='word_1_43' title='bbox 1467 1065 1543 1116; x_wconf 90' lang='lat' dir='ltr'>non</span> <span class='ocrx_word' id='word_1_44' title='bbox 1563 1041 1724 1117; x_wconf 90' lang='lat' dir='ltr'>credidit</span> <span class='ocrx_word' id='word_1_45' title='bbox 1815 1035 1819 1042; x_wconf 69' lang='grc'><strong>’</strong></span> 
     </span>
     <span class='ocr_line' id='line_1_6' title="bbox 296 1198 492 1249; baseline -0.01 -1"><span class='ocrx_word' id='word_1_46' title='bbox 296 1199 376 1249; x_wconf 82' lang='lat' dir='ltr'>esse</span> <span class='ocrx_word' id='word_1_47' title='bbox 396 1198 492 1248; x_wconf 87' lang='lat' dir='ltr'>vera.</span> 
     </span>
    </p>

    <p class='ocr_par' dir='ltr' id='par_1_3' title="bbox 199 1295 1726 1925">
     <span class='ocr_line' id='line_1_7' title="bbox 351 1295 1724 1407; baseline -0.001 -29"><span class='ocrx_word' id='word_1_48' title='bbox 351 1301 409 1378; x_wconf 88' lang='lat' dir='ltr'>Ad</span> <span class='ocrx_word' id='word_1_49' title='bbox 423 1301 535 1378; x_wconf 88' lang='lat' dir='ltr'>lxxxn</span> <span class='ocrx_word' id='word_1_50' title='bbox 547 1299 745 1376; x_wconf 90' lang='lat' dir='ltr'>articulum</span> <span class='ocrx_word' id='word_1_51' title='bbox 760 1295 963 1405; x_wconf 83' lang='lat' dir='ltr'>diligenter</span> <span class='ocrx_word' id='word_1_52' title='bbox 973 1297 1236 1404; x_wconf 84' lang='lat' dir='ltr'>interrogatus,</span> <span class='ocrx_word' id='word_1_53' title='bbox 1257 1299 1487 1405; x_wconf 91' lang='lat' dir='ltr'>respondens</span> <span class='ocrx_word' id='word_1_54' title='bbox 1501 1301 1649 1407; x_wconf 85' lang='lat' dir='ltr'>negavit</span> <span class='ocrx_word' id='word_1_55' title='bbox 1668 1301 1724 1407; x_wconf 92' lang='lat' dir='ltr'>ip-</span> 
     </span>
     <span class='ocr_line' id='line_1_8' title="bbox 199 1425 1725 1535; baseline 0 -27"><span class='ocrx_word' id='word_1_56' title='bbox 199 1454 208 1460; x_wconf 86' lang='lat'>·</span> <span class='ocrx_word' id='word_1_57' title='bbox 295 1459 378 1509; x_wconf 92' lang='lat' dir='ltr'>sum</span> <span class='ocrx_word' id='word_1_58' title='bbox 390 1429 587 1508; x_wconf 85' lang='lat' dir='ltr'>articulum</span> <span class='ocrx_word' id='word_1_59' title='bbox 601 1447 639 1507; x_wconf 91' lang='lat' dir='ltr'>et</span> <span class='ocrx_word' id='word_1_60' title='bbox 650 1445 823 1506; x_wconf 89' lang='lat' dir='ltr'>contenta</span> <span class='ocrx_word' id='word_1_61' title='bbox 838 1428 878 1502; x_wconf 90' lang='lat' dir='ltr'>in</span> <span class='ocrx_word' id='word_1_62' title='bbox 889 1455 952 1516; x_wconf 87' lang='lat' dir='ltr'>eo,</span> <span class='ocrx_word' id='word_1_63' title='bbox 970 1425 1135 1504; x_wconf 84' lang='lat' dir='ltr'>adiciens</span> <span class='ocrx_word' id='word_1_64' title='bbox 1149 1455 1189 1504; x_wconf 91' lang='lat' dir='ltr'>se</span> <span class='ocrx_word' id='word_1_65' title='bbox 1204 1455 1282 1506; x_wconf 91' lang='lat' dir='ltr'>non</span> <span class='ocrx_word' id='word_1_66' title='bbox 1300 1429 1453 1506; x_wconf 91' lang='lat' dir='ltr'>credere</span> <span class='ocrx_word' id='word_1_67' title='bbox 1468 1430 1573 1535; x_wconf 91' lang='lat' dir='ltr'>quod</span> <span class='ocrx_word' id='word_1_68' title='bbox 1591 1431 1645 1508; x_wconf 92' lang='lat' dir='ltr'>illi</span> <span class='ocrx_word' id='word_1_69' title='bbox 1660 1433 1725 1535; x_wconf 88' lang='lat' dir='ltr'>qui</span> 
     </span>
     <span class='ocr_line' id='line_1_9' title="bbox 295 1555 1726 1667; baseline -0.001 -28"><span class='ocrx_word' id='word_1_70' title='bbox 295 1560 459 1667; x_wconf 85' lang='lat' dir='ltr'>predicta</span> <span class='ocrx_word' id='word_1_71' title='bbox 474 1560 513 1637; x_wconf 92' lang='lat' dir='ltr'>in</span> <span class='ocrx_word' id='word_1_72' title='bbox 532 1559 689 1637; x_wconf 82' lang='lat' dir='ltr'>articulo</span> <span class='ocrx_word' id='word_1_73' title='bbox 709 1573 883 1636; x_wconf 89' lang='lat' dir='ltr'>contenta</span> <span class='ocrx_word' id='word_1_74' title='bbox 899 1575 1067 1636; x_wconf 88' lang='lat' dir='ltr'>asserunt</span> <span class='ocrx_word' id='word_1_75' title='bbox 1079 1555 1194 1636; x_wconf 85' lang='lat' dir='ltr'>fuisse</span> <span class='ocrx_word' id='word_1_76' title='bbox 1207 1557 1449 1636; x_wconf 85' lang='lat' dir='ltr'>conlassinon</span> <span class='ocrx_word' id='word_1_77' title='bbox 1461 1578 1548 1638; x_wconf 92' lang='lat' dir='ltr'>sunt</span> <span class='ocrx_word' id='word_1_78' title='bbox 1562 1589 1632 1638; x_wconf 87' lang='lat' dir='ltr'>nec</span> <span class='ocrx_word' id='word_1_79' title='bbox 1646 1561 1726 1638; x_wconf 83' lang='lat' dir='ltr'>iue-</span> 
     </span>
     <span class='ocr_line' id='line_1_10' title="bbox 294 1687 1725 1778; baseline 0.001 -10"><span class='ocrx_word' id='word_1_80' title='bbox 294 1708 385 1768; x_wconf 92' lang='lat' dir='ltr'>runt</span> <span class='ocrx_word' id='word_1_81' title='bbox 400 1690 531 1768; x_wconf 85' lang='lat' dir='ltr'>fratres</span> <span class='ocrx_word' id='word_1_82' title='bbox 546 1689 636 1768; x_wconf 91' lang='lat' dir='ltr'>dicti</span> <span class='ocrx_word' id='word_1_83' title='bbox 646 1689 808 1778; x_wconf 80' lang='lat' dir='ltr'>ordinis,</span> <span class='ocrx_word' id='word_1_84' title='bbox 829 1689 898 1766; x_wconf 87' lang='lat' dir='ltr'>sed</span> <span class='ocrx_word' id='word_1_85' title='bbox 911 1687 1048 1764; x_wconf 79' lang='lat' dir='ltr'>falsarii</span> <span class='ocrx_word' id='word_1_86' title='bbox 1065 1705 1103 1765; x_wconf 90' lang='lat' dir='ltr'>et</span> <span class='ocrx_word' id='word_1_87' title='bbox 1116 1687 1203 1765; x_wconf 86' lang='lat' dir='ltr'>ficte</span> <span class='ocrx_word' id='word_1_88' title='bbox 1219 1705 1255 1766; x_wconf 90' lang='lat' dir='ltr'>et</span> <span class='ocrx_word' id='word_1_89' title='bbox 1265 1688 1437 1770; x_wconf 84' lang='lat' dir='ltr'>simulate</span> <span class='ocrx_word' id='word_1_90' title='bbox 1453 1689 1725 1770; x_wconf 84' lang='lat' dir='ltr'>adinventionis</span> 
     </span>
     <span class='ocr_line' id='line_1_11' title="bbox 297 1816 1724 1925; baseline 0.001 -27"><span class='ocrx_word' id='word_1_91' title='bbox 297 1848 466 1898; x_wconf 86' lang='lat' dir='ltr'>errorum</span> <span class='ocrx_word' id='word_1_92' title='bbox 485 1819 757 1925; x_wconf 87' lang='lat' dir='ltr'>predictorum,</span> <span class='ocrx_word' id='word_1_93' title='bbox 783 1835 821 1895; x_wconf 86' lang='lat' dir='ltr'>et</span> <span class='ocrx_word' id='word_1_94' title='bbox 836 1816 983 1894; x_wconf 87' lang='lat' dir='ltr'>mentiti</span> <span class='ocrx_word' id='word_1_95' title='bbox 1010 1833 1097 1896; x_wconf 89' lang='lat' dir='ltr'>sunt</span> <span class='ocrx_word' id='word_1_96' title='bbox 1118 1845 1186 1923; x_wconf 89' lang='lat' dir='ltr'>per</span> <span class='ocrx_word' id='word_1_97' title='bbox 1205 1845 1248 1894; x_wconf 92' lang='lat' dir='ltr'>os</span> <span class='ocrx_word' id='word_1_98' title='bbox 1268 1818 1463 1923; x_wconf 91' lang='lat' dir='ltr'>proprium</span> <span class='ocrx_word' id='word_1_99' title='bbox 1486 1817 1578 1897; x_wconf 84' lang='lat' dir='ltr'>falso</span> <span class='ocrx_word' id='word_1_100' title='bbox 1595 1821 1724 1902; x_wconf 88' lang='lat' dir='ltr'>modo.</span> 
     </span>
    </p>

    <p class='ocr_par' dir='ltr' id='par_1_4' title="bbox 295 1945 1729 2969">
     <span class='ocr_line' id='line_1_12' title="bbox 353 1945 1726 2058; baseline 0.001 -30"><span class='ocrx_word' id='word_1_101' title='bbox 353 1950 410 2028; x_wconf 80' lang='lat' dir='ltr'>Ad</span> <span class='ocrx_word' id='word_1_102' title='bbox 429 1951 570 2040; x_wconf 87' lang='lat' dir='ltr'>lxxxnr,</span> <span class='ocrx_word' id='word_1_103' title='bbox 592 1949 728 2028; x_wconf 85' lang='lat' dir='ltr'>lxxxun</span> <span class='ocrx_word' id='word_1_104' title='bbox 746 1965 783 2026; x_wconf 89' lang='lat' dir='ltr'>et</span> <span class='ocrx_word' id='word_1_105' title='bbox 795 1947 902 2026; x_wconf 81' lang='lat' dir='ltr'>lxxxv</span> <span class='ocrx_word' id='word_1_106' title='bbox 915 1945 1093 2025; x_wconf 83' lang='lat' dir='ltr'>articulos</span> <span class='ocrx_word' id='word_1_107' title='bbox 1108 1946 1303 2037; x_wconf 87' lang='lat' dir='ltr'>inclusive,</span> <span class='ocrx_word' id='word_1_108' title='bbox 1323 1946 1521 2057; x_wconf 86' lang='lat' dir='ltr'>diligenter</span> <span class='ocrx_word' id='word_1_109' title='bbox 1537 1967 1575 2027; x_wconf 89' lang='lat' dir='ltr'>et</span> <span class='ocrx_word' id='word_1_110' title='bbox 1588 1951 1726 2058; x_wconf 84' lang='lat' dir='ltr'>sigilla-</span> 
     </span>
     <span class='ocr_line' id='line_1_13' title="bbox 295 2077 1728 2187; baseline 0 -29"><span class='ocrx_word' id='word_1_111' title='bbox 295 2083 364 2158; x_wconf 89' lang='lat' dir='ltr'>tim</span> <span class='ocrx_word' id='word_1_112' title='bbox 385 2082 649 2187; x_wconf 84' lang='lat' dir='ltr'>interrogatus,</span> <span class='ocrx_word' id='word_1_113' title='bbox 669 2077 904 2184; x_wconf 89' lang='lat' dir='ltr'>respondens</span> <span class='ocrx_word' id='word_1_114' title='bbox 924 2077 1018 2154; x_wconf 84' lang='lat' dir='ltr'>dixit</span> <span class='ocrx_word' id='word_1_115' title='bbox 1036 2080 1157 2184; x_wconf 86' lang='lat' dir='ltr'>quod,</span> <span class='ocrx_word' id='word_1_116' title='bbox 1179 2079 1210 2154; x_wconf 92' lang='lat' dir='ltr'>si</span> <span class='ocrx_word' id='word_1_117' title='bbox 1230 2077 1360 2156; x_wconf 88' lang='lat' dir='ltr'>fratres</span> <span class='ocrx_word' id='word_1_118' title='bbox 1381 2078 1429 2155; x_wconf 92' lang='lat' dir='ltr'>de</span> <span class='ocrx_word' id='word_1_119' title='bbox 1448 2079 1588 2184; x_wconf 88' lang='lat' dir='ltr'>quibus</span> <span class='ocrx_word' id='word_1_120' title='bbox 1607 2084 1728 2187; x_wconf 86' lang='lat' dir='ltr'>agitur</span> 
     </span>
     <span class='ocr_line' id='line_1_14' title="bbox 297 2207 1729 2297; baseline 0 -7"><span class='ocrx_word' id='word_1_121' title='bbox 297 2214 337 2290; x_wconf 93' lang='lat' dir='ltr'>in</span> <span class='ocrx_word' id='word_1_122' title='bbox 351 2211 518 2290; x_wconf 86' lang='lat' dir='ltr'>articulis</span> <span class='ocrx_word' id='word_1_123' title='bbox 532 2209 691 2290; x_wconf 82' lang='lat' dir='ltr'>confessi</span> <span class='ocrx_word' id='word_1_124' title='bbox 709 2209 848 2292; x_wconf 91' lang='lat' dir='ltr'>luerint</span> <span class='ocrx_word' id='word_1_125' title='bbox 867 2225 1039 2286; x_wconf 88' lang='lat' dir='ltr'>contenta</span> <span class='ocrx_word' id='word_1_126' title='bbox 1058 2209 1097 2284; x_wconf 94' lang='lat' dir='ltr'>in</span> <span class='ocrx_word' id='word_1_127' title='bbox 1119 2208 1190 2297; x_wconf 86' lang='lat' dir='ltr'>eis,</span> <span class='ocrx_word' id='word_1_128' title='bbox 1212 2207 1300 2286; x_wconf 81' lang='lat' dir='ltr'>salsa</span> <span class='ocrx_word' id='word_1_129' title='bbox 1320 2209 1478 2288; x_wconf 81' lang='lat' dir='ltr'>confessi</span> <span class='ocrx_word' id='word_1_130' title='bbox 1494 2229 1633 2288; x_wconf 87' lang='lat' dir='ltr'>suntet</span> <span class='ocrx_word' id='word_1_131' title='bbox 1652 2211 1729 2290; x_wconf 89' lang='lat' dir='ltr'>dis-</span> 
     </span>
     <span class='ocr_line' id='line_1_15' title="bbox 298 2338 1725 2448; baseline 0 -28"><span class='ocrx_word' id='word_1_132' title='bbox 298 2342 483 2448; x_wconf 85' lang='lat' dir='ltr'>crepantia</span> <span class='ocrx_word' id='word_1_133' title='bbox 497 2341 646 2448; x_wconf 89' lang='lat' dir='ltr'>penitus</span> <span class='ocrx_word' id='word_1_134' title='bbox 660 2339 861 2428; x_wconf 74' lang='lat' dir='ltr'>aventato,</span> <span class='ocrx_word' id='word_1_135' title='bbox 877 2355 917 2417; x_wconf 91' lang='lat' dir='ltr'>et</span> <span class='ocrx_word' id='word_1_136' title='bbox 930 2367 998 2445; x_wconf 88' lang='lat' dir='ltr'>per</span> <span class='ocrx_word' id='word_1_137' title='bbox 1011 2338 1118 2446; x_wconf 84' lang='lat' dir='ltr'>gulas</span> <span class='ocrx_word' id='word_1_138' title='bbox 1133 2367 1219 2417; x_wconf 88' lang='lat' dir='ltr'>suas</span> <span class='ocrx_word' id='word_1_139' title='bbox 1227 2339 1377 2416; x_wconf 88' lang='lat' dir='ltr'>mentiti</span> <span class='ocrx_word' id='word_1_140' title='bbox 1391 2357 1479 2420; x_wconf 81' lang='lat' dir='ltr'>suut</span> <span class='ocrx_word' id='word_1_141' title='bbox 1494 2339 1585 2420; x_wconf 85' lang='lat' dir='ltr'>falso</span> <span class='ocrx_word' id='word_1_142' title='bbox 1597 2341 1725 2432; x_wconf 82' lang='lat' dir='ltr'>mode,</span> 
     </span>
     <span class='ocr_line' id='line_1_16' title="bbox 298 2459 1729 2578; baseline 0.001 -28"><span class='ocrx_word' id='word_1_143' title='bbox 298 2473 514 2552; x_wconf 86' lang='lat' dir='ltr'>excellentia</span> <span class='ocrx_word' id='word_1_144' title='bbox 539 2490 666 2551; x_wconf 88' lang='lat' dir='ltr'>tamen</span> <span class='ocrx_word' id='word_1_145' title='bbox 692 2459 840 2577; x_wconf 89' lang='lat' dir='ltr'>semper</span> <span class='ocrx_word' id='word_1_146' title='bbox 868 2470 964 2548; x_wconf 87' lang='lat' dir='ltr'>salva</span> <span class='ocrx_word' id='word_1_147' title='bbox 984 2470 1129 2549; x_wconf 90' lang='lat' dir='ltr'>domini</span> <span class='ocrx_word' id='word_1_148' title='bbox 1156 2471 1273 2547; x_wconf 91' lang='lat' dir='ltr'>nostri</span> <span class='ocrx_word' id='word_1_149' title='bbox 1295 2471 1434 2552; x_wconf 83' lang='lat' dir='ltr'>summi</span> <span class='ocrx_word' id='word_1_150' title='bbox 1461 2471 1665 2578; x_wconf 87' lang='lat' dir='ltr'>pontilicis,</span> <span class='ocrx_word' id='word_1_151' title='bbox 1693 2492 1729 2552; x_wconf 91' lang='lat' dir='ltr'>et</span> 
     </span>
     <span class='ocr_line' id='line_1_17' title="bbox 297 2599 1727 2683; baseline -0.001 -2"><span class='ocrx_word' id='word_1_152' title='bbox 297 2603 566 2683; x_wconf 86' lang='lat' dir='ltr'>venerabilium</span> <span class='ocrx_word' id='word_1_153' title='bbox 586 2601 828 2681; x_wconf 89' lang='lat' dir='ltr'>dominorum</span> <span class='ocrx_word' id='word_1_154' title='bbox 852 2599 1096 2678; x_wconf 84' lang='lat' dir='ltr'>cardinalium</span> <span class='ocrx_word' id='word_1_155' title='bbox 1123 2600 1330 2678; x_wconf 85' lang='lat' dir='ltr'>reverentia</span> <span class='ocrx_word' id='word_1_156' title='bbox 1350 2617 1389 2678; x_wconf 88' lang='lat' dir='ltr'>et</span> <span class='ocrx_word' id='word_1_157' title='bbox 1413 2600 1558 2678; x_wconf 89' lang='lat' dir='ltr'>honore</span> <span class='ocrx_word' id='word_1_158' title='bbox 1579 2618 1617 2678; x_wconf 93' lang='lat' dir='ltr'>et</span> <span class='ocrx_word' id='word_1_159' title='bbox 1636 2605 1727 2680; x_wconf 85' lang='lat' dir='ltr'>sacri</span> 
     </span>
     <span class='ocr_line' id='line_1_18' title="bbox 298 2729 1727 2836; baseline -0.003 -23"><span class='ocrx_word' id='word_1_160' title='bbox 298 2735 505 2813; x_wconf 86' lang='lat' dir='ltr'>consistorii</span> <span class='ocrx_word' id='word_1_161' title='bbox 526 2734 624 2810; x_wconf 89' lang='lat' dir='ltr'>dicte</span> <span class='ocrx_word' id='word_1_162' title='bbox 643 2732 766 2822; x_wconf 88' lang='lat' dir='ltr'>Sedis,</span> <span class='ocrx_word' id='word_1_163' title='bbox 795 2733 834 2808; x_wconf 91' lang='lat' dir='ltr'>in</span> <span class='ocrx_word' id='word_1_164' title='bbox 859 2758 1021 2836; x_wconf 89' lang='lat' dir='ltr'>quorum</span> <span class='ocrx_word' id='word_1_165' title='bbox 1049 2730 1240 2835; x_wconf 86' lang='lat' dir='ltr'>presencia</span> <span class='ocrx_word' id='word_1_166' title='bbox 1269 2729 1387 2808; x_wconf 84' lang='lat' dir='ltr'>dictas</span> <span class='ocrx_word' id='word_1_167' title='bbox 1411 2730 1664 2810; x_wconf 88' lang='lat' dir='ltr'>consessiones</span> <span class='ocrx_word' id='word_1_168' title='bbox 1686 2732 1727 2809; x_wconf 90' lang='lat' dir='ltr'>in</span> 
     </span>
     <span class='ocr_line' id='line_1_19' title="bbox 298 2861 962 2969; baseline -0.003 -29"><span class='ocrx_word' id='word_1_169' title='bbox 298 2865 387 2969; x_wconf 87' lang='lat' dir='ltr'>ipsis</span> <span class='ocrx_word' id='word_1_170' title='bbox 405 2864 572 2943; x_wconf 89' lang='lat' dir='ltr'>articulis</span> <span class='ocrx_word' id='word_1_171' title='bbox 592 2863 720 2942; x_wconf 89' lang='lat' dir='ltr'>asserit</span> <span class='ocrx_word' id='word_1_172' title='bbox 739 2863 851 2940; x_wconf 87' lang='lat' dir='ltr'>factas</span> <span class='ocrx_word' id='word_1_173' title='bbox 869 2861 962 2940; x_wconf 91' lang='lat' dir='ltr'>fore.</span> 
     </span>
    </p>

    <p class='ocr_par' dir='ltr' id='par_1_5' title="bbox 297 2989 1730 4922">
     <span class='ocr_line' id='line_1_20' title="bbox 355 2989 1728 3101; baseline -0.001 -29"><span class='ocrx_word' id='word_1_174' title='bbox 355 2995 413 3072; x_wconf 85' lang='lat' dir='ltr'>Ad</span> <span class='ocrx_word' id='word_1_175' title='bbox 427 2995 546 3074; x_wconf 84' lang='lat' dir='ltr'>lxxxvr</span> <span class='ocrx_word' id='word_1_176' title='bbox 562 2989 975 3101; x_wconf 64' lang='lat' dir='ltr'>articulum&#39;diligenter</span> <span class='ocrx_word' id='word_1_177' title='bbox 993 2995 1255 3100; x_wconf 85' lang='lat' dir='ltr'>interrogatus,</span> <span class='ocrx_word' id='word_1_178' title='bbox 1272 2993 1365 3070; x_wconf 89' lang='lat' dir='ltr'>dixit</span> <span class='ocrx_word' id='word_1_179' title='bbox 1383 2994 1487 3100; x_wconf 84' lang='lat' dir='ltr'>quod</span> <span class='ocrx_word' id='word_1_180' title='bbox 1507 2994 1620 3072; x_wconf 80' lang='lat' dir='ltr'>frater</span> <span class='ocrx_word' id='word_1_181' title='bbox 1633 2996 1728 3101; x_wconf 86' lang='lat' dir='ltr'>Ray·</span> 
     </span>
     <span class='ocr_line' id='line_1_21' title="bbox 298 3123 1726 3232; baseline 0.001 -30"><span class='ocrx_word' id='word_1_182' title='bbox 298 3126 464 3204; x_wconf 87' lang='lat' dir='ltr'>mundus</span> <span class='ocrx_word' id='word_1_183' title='bbox 485 3125 532 3202; x_wconf 85' lang='lat' dir='ltr'>de</span> <span class='ocrx_word' id='word_1_184' title='bbox 552 3123 689 3204; x_wconf 89' lang='lat' dir='ltr'>Gardia</span> <span class='ocrx_word' id='word_1_185' title='bbox 713 3139 909 3228; x_wconf 89' lang='lat' dir='ltr'>preceptor</span> <span class='ocrx_word' id='word_1_186' title='bbox 924 3123 1062 3202; x_wconf 90' lang='lat' dir='ltr'>domus</span> <span class='ocrx_word' id='word_1_187' title='bbox 1080 3123 1200 3204; x_wconf 90' lang='lat' dir='ltr'>Mansi</span> <span class='ocrx_word' id='word_1_188' title='bbox 1214 3125 1284 3203; x_wconf 87' lang='lat' dir='ltr'>Dei</span> <span class='ocrx_word' id='word_1_189' title='bbox 1307 3124 1451 3204; x_wconf 91' lang='lat' dir='ltr'>ordinis</span> <span class='ocrx_word' id='word_1_190' title='bbox 1471 3125 1560 3203; x_wconf 89' lang='lat' dir='ltr'>dicti</span> <span class='ocrx_word' id='word_1_191' title='bbox 1578 3127 1726 3232; x_wconf 89' lang='lat' dir='ltr'>Templi</span> 
     </span>
     <span class='ocr_line' id='line_1_22' title="bbox 299 3252 1728 3361; baseline 0 -30"><span class='ocrx_word' id='word_1_192' title='bbox 299 3255 441 3361; x_wconf 85' lang='lat' dir='ltr'>recepit</span> <span class='ocrx_word' id='word_1_193' title='bbox 459 3255 582 3361; x_wconf 81' lang='lat' dir='ltr'>ipstun</span> <span class='ocrx_word' id='word_1_194' title='bbox 605 3255 644 3330; x_wconf 93' lang='lat' dir='ltr'>in</span> <span class='ocrx_word' id='word_1_195' title='bbox 665 3253 816 3332; x_wconf 80' lang='lat' dir='ltr'>fratrem</span> <span class='ocrx_word' id='word_1_196' title='bbox 840 3253 929 3330; x_wconf 88' lang='lat' dir='ltr'>dicti</span> <span class='ocrx_word' id='word_1_197' title='bbox 951 3252 1093 3331; x_wconf 91' lang='lat' dir='ltr'>ordinis</span> <span class='ocrx_word' id='word_1_198' title='bbox 1114 3253 1154 3329; x_wconf 90' lang='lat' dir='ltr'>in</span> <span class='ocrx_word' id='word_1_199' title='bbox 1174 3254 1313 3360; x_wconf 88' lang='lat' dir='ltr'>capella</span> <span class='ocrx_word' id='word_1_200' title='bbox 1334 3254 1433 3332; x_wconf 87' lang='lat' dir='ltr'>dicte</span> <span class='ocrx_word' id='word_1_201' title='bbox 1452 3253 1590 3339; x_wconf 88' lang='lat' dir='ltr'>domus</span> <span class='ocrx_word' id='word_1_202' title='bbox 1608 3256 1728 3333; x_wconf 85' lang='lat' dir='ltr'>Mami</span> 
     </span>
     <span class='ocr_line' id='line_1_23' title="bbox 298 3381 1728 3493; baseline 0 -31"><span class='ocrx_word' id='word_1_203' title='bbox 298 3385 385 3472; x_wconf 91' lang='lat' dir='ltr'>Dei,</span> <span class='ocrx_word' id='word_1_204' title='bbox 408 3385 447 3460; x_wconf 89' lang='lat' dir='ltr'>in</span> <span class='ocrx_word' id='word_1_205' title='bbox 471 3385 568 3462; x_wconf 84' lang='lat' dir='ltr'>festo</span> <span class='ocrx_word' id='word_1_206' title='bbox 589 3384 792 3462; x_wconf 71' lang='lat' dir='ltr'>Natiuitatis</span> <span class='ocrx_word' id='word_1_207' title='bbox 810 3381 970 3493; x_wconf 85' lang='lat' dir='ltr'>gloriose</span> <span class='ocrx_word' id='word_1_208' title='bbox 990 3383 1152 3492; x_wconf 84' lang='lat' dir='ltr'>Virginis</span> <span class='ocrx_word' id='word_1_209' title='bbox 1171 3383 1297 3460; x_wconf 87' lang='lat' dir='ltr'>matris</span> <span class='ocrx_word' id='word_1_210' title='bbox 1316 3384 1386 3462; x_wconf 91' lang='lat' dir='ltr'>Dei</span> <span class='ocrx_word' id='word_1_211' title='bbox 1406 3385 1543 3462; x_wconf 90' lang='lat' dir='ltr'>mensis</span> <span class='ocrx_word' id='word_1_212' title='bbox 1567 3402 1728 3489; x_wconf 88' lang='lat' dir='ltr'>septem·</span> 
     </span>
     <span class='ocr_line' id='line_1_24' title="bbox 297 3513 1728 3620; baseline 0.001 -30"><span class='ocrx_word' id='word_1_213' title='bbox 297 3514 374 3591; x_wconf 88' lang='lat' dir='ltr'>bris</span> <span class='ocrx_word' id='word_1_214' title='bbox 395 3515 521 3594; x_wconf 86' lang='lat' dir='ltr'>loturo</span> <span class='ocrx_word' id='word_1_215' title='bbox 540 3516 709 3620; x_wconf 85' lang='lat' dir='ltr'>proxime</span> <span class='ocrx_word' id='word_1_216' title='bbox 730 3531 840 3592; x_wconf 88' lang='lat' dir='ltr'>enrnt</span> <span class='ocrx_word' id='word_1_217' title='bbox 859 3529 938 3591; x_wconf 79' lang='lat' dir='ltr'>un⁰¹</span> <span class='ocrx_word' id='word_1_218' title='bbox 958 3515 1045 3590; x_wconf 91' lang='lat' dir='ltr'>anni</span> <span class='ocrx_word' id='word_1_219' title='bbox 1061 3513 1194 3618; x_wconf 86' lang='lat' dir='ltr'>elapsi,</span> <span class='ocrx_word' id='word_1_220' title='bbox 1215 3513 1453 3618; x_wconf 90' lang='lat' dir='ltr'>presentibus</span> <span class='ocrx_word' id='word_1_221' title='bbox 1468 3513 1514 3594; x_wconf 92' lang='lat' dir='ltr'>G.</span> <span class='ocrx_word' id='word_1_222' title='bbox 1532 3514 1579 3591; x_wconf 91' lang='lat' dir='ltr'>de</span> <span class='ocrx_word' id='word_1_223' title='bbox 1596 3517 1728 3594; x_wconf 81' lang='lat' dir='ltr'>Tarna-</span> 
     </span>
     <span class='ocr_line' id='line_1_25' title="bbox 299 3635 1729 3751; baseline 0.002 -32"><span class='ocrx_word' id='word_1_224' title='bbox 299 3645 370 3721; x_wconf 82' lang='lat' dir='ltr'>rite</span> <span class='ocrx_word' id='word_1_225' title='bbox 387 3643 527 3733; x_wconf 89' lang='lat' dir='ltr'>milite,</span> <span class='ocrx_word' id='word_1_226' title='bbox 543 3643 807 3723; x_wconf 89' lang='lat' dir='ltr'>Bartholomeo</span> <span class='ocrx_word' id='word_1_227' title='bbox 818 3644 865 3722; x_wconf 87' lang='lat' dir='ltr'>de</span> <span class='ocrx_word' id='word_1_228' title='bbox 876 3635 1005 3733; x_wconf 88' lang='lat' dir='ltr'>Turri,</span> <span class='ocrx_word' id='word_1_229' title='bbox 1020 3646 1062 3721; x_wconf 92' lang='lat' dir='ltr'>B.</span> <span class='ocrx_word' id='word_1_230' title='bbox 1078 3643 1299 3731; x_wconf 89' lang='lat' dir='ltr'>Guerrerio,</span> <span class='ocrx_word' id='word_1_231' title='bbox 1315 3641 1484 3722; x_wconf 85' lang='lat' dir='ltr'>Johanne</span> <span class='ocrx_word' id='word_1_232' title='bbox 1496 3644 1614 3724; x_wconf 91' lang='lat' dir='ltr'>Coma</span> <span class='ocrx_word' id='word_1_233' title='bbox 1625 3674 1729 3751; x_wconf 90' lang='lat' dir='ltr'>pres-</span> 
     </span>
     <span class='ocr_line' id='line_1_26' title="bbox 300 3773 1729 3881; baseline 0.001 -29"><span class='ocrx_word' id='word_1_234' title='bbox 300 3773 431 3852; x_wconf 89' lang='lat' dir='ltr'>biteris</span> <span class='ocrx_word' id='word_1_235' title='bbox 455 3775 671 3878; x_wconf 83' lang='lat' dir='ltr'>capellanis,</span> <span class='ocrx_word' id='word_1_236' title='bbox 704 3774 749 3852; x_wconf 91' lang='lat' dir='ltr'>G.</span> <span class='ocrx_word' id='word_1_237' title='bbox 777 3775 824 3851; x_wconf 93' lang='lat' dir='ltr'>de</span> <span class='ocrx_word' id='word_1_238' title='bbox 843 3775 980 3850; x_wconf 87' lang='lat' dir='ltr'>Sancto</span> <span class='ocrx_word' id='word_1_239' title='bbox 1009 3773 1160 3879; x_wconf 91' lang='lat' dir='ltr'>Ypolito</span> <span class='ocrx_word' id='word_1_240' title='bbox 1187 3791 1224 3850; x_wconf 90' lang='lat' dir='ltr'>et</span> <span class='ocrx_word' id='word_1_241' title='bbox 1253 3773 1335 3852; x_wconf 91' lang='lat' dir='ltr'>aliis</span> <span class='ocrx_word' id='word_1_242' title='bbox 1362 3775 1532 3881; x_wconf 90' lang='lat' dir='ltr'>pluribus</span> <span class='ocrx_word' id='word_1_243' title='bbox 1557 3776 1729 3854; x_wconf 88' lang='lat' dir='ltr'>fratribus</span> 
     </span>
     <span class='ocr_line' id='line_1_27' title="bbox 302 3901 1729 4010; baseline 0.001 -32"><span class='ocrx_word' id='word_1_244' title='bbox 302 3901 445 3979; x_wconf 92' lang='lat' dir='ltr'>ordinis</span> <span class='ocrx_word' id='word_1_245' title='bbox 479 3901 693 4007; x_wconf 87' lang='lat' dir='ltr'>supradicti.</span> <span class='ocrx_word' id='word_1_246' title='bbox 722 3903 845 3996; x_wconf 88' lang='lat' dir='ltr'>Quem</span> <span class='ocrx_word' id='word_1_247' title='bbox 879 3919 1004 3980; x_wconf 85' lang='lat' dir='ltr'>autem</span> <span class='ocrx_word' id='word_1_248' title='bbox 1040 3903 1197 3982; x_wconf 90' lang='lat' dir='ltr'>modum</span> <span class='ocrx_word' id='word_1_249' title='bbox 1228 3921 1419 3981; x_wconf 86' lang='lat' dir='ltr'>servarunt</span> <span class='ocrx_word' id='word_1_250' title='bbox 1444 3920 1520 3980; x_wconf 87' lang='lat' dir='ltr'>tarn</span> <span class='ocrx_word' id='word_1_251' title='bbox 1547 3905 1729 4010; x_wconf 89' lang='lat' dir='ltr'>recipiens</span> 
     </span>
     <span class='ocr_line' id='line_1_28' title="bbox 303 4031 1727 4142; baseline 0.002 -33"><span class='ocrx_word' id='word_1_252' title='bbox 303 4059 415 4138; x_wconf 87' lang='lat' dir='ltr'>quam</span> <span class='ocrx_word' id='word_1_253' title='bbox 436 4032 577 4138; x_wconf 92' lang='lat' dir='ltr'>recepti</span> <span class='ocrx_word' id='word_1_254' title='bbox 597 4032 635 4109; x_wconf 92' lang='lat' dir='ltr'>in</span> <span class='ocrx_word' id='word_1_255' title='bbox 664 4033 762 4108; x_wconf 90' lang='lat' dir='ltr'>dicta</span> <span class='ocrx_word' id='word_1_256' title='bbox 779 4033 998 4138; x_wconf 89' lang='lat' dir='ltr'>recepcione</span> <span class='ocrx_word' id='word_1_257' title='bbox 1023 4031 1071 4108; x_wconf 94' lang='lat' dir='ltr'>ad</span> <span class='ocrx_word' id='word_1_258' title='bbox 1096 4034 1271 4110; x_wconf 90' lang='lat' dir='ltr'>ordinem</span> <span class='ocrx_word' id='word_1_259' title='bbox 1298 4033 1444 4140; x_wconf 86' lang='lat' dir='ltr'>Templi</span> <span class='ocrx_word' id='word_1_260' title='bbox 1466 4035 1727 4142; x_wconf 85' lang='lat' dir='ltr'>interrogatus,</span> 
     </span>
     <span class='ocr_line' id='line_1_29' title="bbox 303 4160 1730 4271; baseline 0.002 -33"><span class='ocrx_word' id='word_1_261' title='bbox 303 4160 394 4238; x_wconf 89' lang='lat' dir='ltr'>dixit</span> <span class='ocrx_word' id='word_1_262' title='bbox 408 4179 446 4238; x_wconf 90' lang='lat' dir='ltr'>et</span> <span class='ocrx_word' id='word_1_263' title='bbox 464 4162 660 4268; x_wconf 87' lang='lat' dir='ltr'>respondit</span> <span class='ocrx_word' id='word_1_264' title='bbox 678 4163 798 4268; x_wconf 87' lang='lat' dir='ltr'>quod,</span> <span class='ocrx_word' id='word_1_265' title='bbox 822 4180 905 4240; x_wconf 88' lang='lat' dir='ltr'>ante</span> <span class='ocrx_word' id='word_1_266' title='bbox 927 4162 1135 4270; x_wconf 87' lang='lat' dir='ltr'>ingressum</span> <span class='ocrx_word' id='word_1_267' title='bbox 1153 4163 1243 4240; x_wconf 91' lang='lat' dir='ltr'>dicti</span> <span class='ocrx_word' id='word_1_268' title='bbox 1259 4164 1417 4254; x_wconf 90' lang='lat' dir='ltr'>ordinis,</span> <span class='ocrx_word' id='word_1_269' title='bbox 1440 4166 1627 4271; x_wconf 88' lang='lat' dir='ltr'>quesitum</span> <span class='ocrx_word' id='word_1_270' title='bbox 1650 4194 1670 4241; x_wconf 85' lang='lat' dir='ltr'>a</span> <span class='ocrx_word' id='word_1_271' title='bbox 1690 4193 1730 4242; x_wconf 89' lang='lat' dir='ltr'>se</span> 
     </span>
     <span class='ocr_line' id='line_1_30' title="bbox 300 4289 1730 4382; baseline 0.003 -16"><span class='ocrx_word' id='word_1_272' title='bbox 300 4289 373 4368; x_wconf 87' lang='lat' dir='ltr'>luit</span> <span class='ocrx_word' id='word_1_273' title='bbox 391 4309 520 4371; x_wconf 89' lang='lat' dir='ltr'>utrum</span> <span class='ocrx_word' id='word_1_274' title='bbox 536 4290 668 4370; x_wconf 82' lang='lat' dir='ltr'>fuisset</span> <span class='ocrx_word' id='word_1_275' title='bbox 688 4294 1046 4382; x_wconf 89' lang='lat' dir='ltr'>excommunicatus,</span> <span class='ocrx_word' id='word_1_276' title='bbox 1059 4311 1098 4370; x_wconf 87' lang='lat' dir='ltr'>et</span> <span class='ocrx_word' id='word_1_277' title='bbox 1112 4311 1239 4371; x_wconf 85' lang='lat' dir='ltr'>utrum</span> <span class='ocrx_word' id='word_1_278' title='bbox 1261 4312 1358 4372; x_wconf 85' lang='lat' dir='ltr'>esset</span> <span class='ocrx_word' id='word_1_279' title='bbox 1373 4294 1621 4373; x_wconf 88' lang='lat' dir='ltr'>creditoribus</span> <span class='ocrx_word' id='word_1_280' title='bbox 1636 4295 1730 4374; x_wconf 91' lang='lat' dir='ltr'>obli-</span> 
     </span>
     <span class='ocr_line' id='line_1_31' title="bbox 301 4420 1729 4530; baseline 0.004 -33"><span class='ocrx_word' id='word_1_281' title='bbox 301 4436 423 4526; x_wconf 85' lang='lat' dir='ltr'>gatus,</span> <span class='ocrx_word' id='word_1_282' title='bbox 443 4438 481 4498; x_wconf 86' lang='lat' dir='ltr'>et</span> <span class='ocrx_word' id='word_1_283' title='bbox 498 4447 547 4496; x_wconf 90' lang='lat' dir='ltr'>an</span> <span class='ocrx_word' id='word_1_284' title='bbox 567 4438 695 4499; x_wconf 82' lang='lat' dir='ltr'>votum</span> <span class='ocrx_word' id='word_1_285' title='bbox 715 4420 864 4503; x_wconf 85' lang='lat' dir='ltr'>lecisset</span> <span class='ocrx_word' id='word_1_286' title='bbox 880 4422 928 4500; x_wconf 89' lang='lat' dir='ltr'>de</span> <span class='ocrx_word' id='word_1_287' title='bbox 949 4424 1116 4530; x_wconf 82' lang='lat' dir='ltr'>introytu</span> <span class='ocrx_word' id='word_1_288' title='bbox 1137 4453 1203 4502; x_wconf 90' lang='lat' dir='ltr'>seu</span> <span class='ocrx_word' id='word_1_289' title='bbox 1219 4424 1388 4530; x_wconf 87' lang='lat' dir='ltr'>ingressu</span> <span class='ocrx_word' id='word_1_290' title='bbox 1409 4423 1560 4501; x_wconf 88' lang='lat' dir='ltr'>alterius</span> <span class='ocrx_word' id='word_1_291' title='bbox 1579 4425 1729 4530; x_wconf 85' lang='lat' dir='ltr'>religio—</span> 
     </span>
     <span class='ocr_line' id='line_1_32' title="bbox 302 4552 1728 4659; baseline 0.003 -33"><span class='ocrx_word' id='word_1_292' title='bbox 302 4552 374 4641; x_wconf 91' lang='lat' dir='ltr'>nis,</span> <span class='ocrx_word' id='word_1_293' title='bbox 403 4567 442 4628; x_wconf 92' lang='lat' dir='ltr'>et</span> <span class='ocrx_word' id='word_1_294' title='bbox 458 4568 587 4630; x_wconf 85' lang='lat' dir='ltr'>utrum</span> <span class='ocrx_word' id='word_1_295' title='bbox 608 4581 695 4634; x_wconf 88' lang='lat' dir='ltr'>cum</span> <span class='ocrx_word' id='word_1_296' title='bbox 715 4552 875 4630; x_wconf 90' lang='lat' dir='ltr'>muliere</span> <span class='ocrx_word' id='word_1_297' title='bbox 896 4552 1021 4659; x_wconf 90' lang='lat' dir='ltr'>aliqua</span> <span class='ocrx_word' id='word_1_298' title='bbox 1040 4552 1322 4630; x_wconf 89' lang='lat' dir='ltr'>matrimonium</span> <span class='ocrx_word' id='word_1_299' title='bbox 1342 4553 1600 4642; x_wconf 85' lang='lat' dir='ltr'>contraxisset,</span> <span class='ocrx_word' id='word_1_300' title='bbox 1625 4572 1662 4632; x_wconf 91' lang='lat' dir='ltr'>et</span> <span class='ocrx_word' id='word_1_301' title='bbox 1682 4583 1728 4630; x_wconf 89' lang='lat' dir='ltr'>an</span> 
     </span>
     <span class='ocr_line' id='line_1_33' title="bbox 303 4681 1729 4793; baseline 0.003 -35"><span class='ocrx_word' id='word_1_302' title='bbox 303 4681 425 4787; x_wconf 84' lang='lat' dir='ltr'>aliqua</span> <span class='ocrx_word' id='word_1_303' title='bbox 433 4683 665 4787; x_wconf 89' lang='lat' dir='ltr'>promisisset</span> <span class='ocrx_word' id='word_1_304' title='bbox 679 4684 767 4762; x_wconf 89' lang='lat' dir='ltr'>dare</span> <span class='ocrx_word' id='word_1_305' title='bbox 780 4683 836 4761; x_wconf 91' lang='lat' dir='ltr'>vel</span> <span class='ocrx_word' id='word_1_306' title='bbox 848 4683 1014 4762; x_wconf 88' lang='lat' dir='ltr'>dedisset</span> <span class='ocrx_word' id='word_1_307' title='bbox 1025 4683 1133 4762; x_wconf 88' lang='lat' dir='ltr'>alicui</span> <span class='ocrx_word' id='word_1_308' title='bbox 1144 4713 1212 4790; x_wconf 92' lang='lat' dir='ltr'>pro</span> <span class='ocrx_word' id='word_1_309' title='bbox 1225 4683 1404 4792; x_wconf 86' lang='lat' dir='ltr'>patranda</span> <span class='ocrx_word' id='word_1_310' title='bbox 1416 4686 1497 4793; x_wconf 90' lang='lat' dir='ltr'>ejus</span> <span class='ocrx_word' id='word_1_311' title='bbox 1511 4685 1729 4790; x_wconf 87' lang='lat' dir='ltr'>recepcione</span> 
     </span>
     <span class='ocr_line' id='line_1_34' title="bbox 304 4809 1729 4922; baseline 0.002 -36"><span class='ocrx_word' id='word_1_312' title='bbox 304 4809 351 4886; x_wconf 82' lang='lat' dir='ltr'>ad</span> <span class='ocrx_word' id='word_1_313' title='bbox 371 4812 545 4889; x_wconf 90' lang='lat' dir='ltr'>ordinem</span> <span class='ocrx_word' id='word_1_314' title='bbox 560 4813 648 4890; x_wconf 90' lang='lat' dir='ltr'>dicti</span> <span class='ocrx_word' id='word_1_315' title='bbox 665 4815 831 4920; x_wconf 88' lang='lat' dir='ltr'>Templi,</span> <span class='ocrx_word' id='word_1_316' title='bbox 854 4831 891 4892; x_wconf 91' lang='lat' dir='ltr'>et</span> <span class='ocrx_word' id='word_1_317' title='bbox 903 4815 1020 4892; x_wconf 89' lang='lat' dir='ltr'>multa</span> <span class='ocrx_word' id='word_1_318' title='bbox 1038 4814 1108 4892; x_wconf 89' lang='lat' dir='ltr'>alia</span> <span class='ocrx_word' id='word_1_319' title='bbox 1125 4841 1197 4920; x_wconf 90' lang='lat' dir='ltr'>que</span> <span class='ocrx_word' id='word_1_320' title='bbox 1212 4813 1327 4892; x_wconf 92' lang='lat' dir='ltr'>moris</span> <span class='ocrx_word' id='word_1_321' title='bbox 1343 4831 1430 4892; x_wconf 91' lang='lat' dir='ltr'>sunt</span> <span class='ocrx_word' id='word_1_322' title='bbox 1445 4813 1582 4922; x_wconf 89' lang='lat' dir='ltr'>inquiri</span> <span class='ocrx_word' id='word_1_323' title='bbox 1598 4830 1636 4890; x_wconf 88' lang='lat' dir='ltr'>et</span> <span class='ocrx_word' id='word_1_324' title='bbox 1647 4813 1729 4890; x_wconf 88' lang='lat' dir='ltr'>lieri</span> 
     </span>
    </p>
   </div>
   <div class='ocr_carea' id='block_1_3' title="bbox 0 0 2117 5876">
    <p class='ocr_par' dir='ltr' id='par_1_6' title="bbox 0 0 2117 5876">
     <span class='ocr_line' id='line_1_35' title="bbox 0 0 2117 5876; baseline 0 0"><span class='ocrx_word' id='word_1_325' title='bbox 0 0 2117 5876; x_wconf 95' lang='lat' dir='ltr'> </span> 
     </span>
    </p>
   </div>
  </div>
 </body>
</html>
