4202 5876
389 551 463 628 reo
778 534 975 628 rnocns
1002 556 1098 635 ons
1127 553 1427 630 rnuetrnns

387 715 424 773 et
443 713 531 774 nota
551 691 643 771 fiant
662 695 812 786 ceteris,
835 695 923 775 licet
942 700 1001 778 illa
1017 701 1198 782 voluntati
1216 698 1339 776 divine
1357 695 1571 774 nullatenus
1589 695 1662 772 sint
1681 713 1819 773 contra·

385 829 441 905 ria
466 855 536 906 nec
550 825 707 905 diversa.
727 827 786 906 dd
806 829 846 906 id
867 849 993 910 autem
1019 834 1125 941 quod
1151 833 1189 910 in
1215 803 1323 908 dictis
1348 827 1513 906 articulis
1542 827 1589 906 de
1610 827 1819 934 suspicione

386 958 527 1046 habita,
544 975 585 1035 nt
600 958 748 1048 dicitur,
771 977 897 1038 contra
917 961 1051 1043 iratres
1073 983 1111 1044 ct
1132 964 1306 1043 ordinem
1326 959 1597 1066 supradictum,
1619 959 1821 1066 respondet

387 1108 424 1168 et
443 1090 658 1197 dicitquod
682 1090 779 1166 dicta
799 1093 978 1200 suspicio,
1006 1097 1036 1172 si
1061 1125 1135 1203 qna
1156 1095 1204 1173 sit
1222 1092 1280 1170 vel
1300 1091 1385 1181 fuit,
1408 1089 1543 1168 frustra
1564 1107 1602 1168 et
1620 1091 1700 1169 sine
1718 1092 1819 1198 justa

387 1251 494 1300 causa
519 1238 574 1298 est
603 1236 640 1299 et
665 1221 750 1312 luit,
780 1251 866 1301 cum
892 1224 971 1303 sola
994 1229 1091 1306 ratio
1111 1226 1368 1334 predictorum
1385 1251 1460 1331 que
1487 1240 1647 1330 agimtur
1668 1239 1706 1300 et
1724 1221 1820 1300 fiunt

387 1354 425 1431 in
448 1352 618 1461 capitulis
642 1354 866 1460 receptionis
895 1375 1066 1466 tempore
1092 1359 1247 1436 fratrum
1275 1356 1322 1434 ad
1348 1355 1512 1432 eundem
1538 1354 1731 1444 ordinem,
1758 1354 1818 1431 illa

386 1487 510 1564 sitne
543 1484 753 1592 pandantur
791 1489 976 1568 extraneis
1008 1519 1083 1598 que
1113 1488 1321 1568 secundum
1352 1489 1476 1564 Deum
1502 1502 1541 1564 et
1564 1515 1689 1564 veram
1713 1486 1820 1594 justi-

387 1617 480 1694 ciam
513 1615 611 1695 finnt
643 1634 681 1694 et
713 1637 875 1726 aguntur
908 1622 947 1698 in
987 1622 1161 1729 capitulis
1192 1618 1430 1727 supradictis,
1457 1618 1547 1695 item
1572 1618 1660 1725 quia
1684 1617 1818 1725 reliqui

386 1775 517 1825 omnes
538 1747 702 1854 religiosi
729 1749 795 1825 viri
823 1751 871 1827 ad
894 1753 966 1830 Dei
987 1754 1176 1830 servitium
1195 1751 1360 1858 deputati
1387 1778 1535 1856 semper
1559 1749 1754 1828 observant
1778 1768 1820 1826 ut

386 1909 451 1957 sua
481 1897 630 1958 teneant
650 1881 807 1988 capitula
825 1885 1024 1990 superbiis
1039 1916 1113 1993 que
1134 1885 1192 1994 agi
1212 1884 1338 1962 fierive
1360 1899 1507 1989 oportet
1527 1883 1565 1958 in
1587 1881 1678 1975 illis,
1704 1883 1741 1958 in
1761 1911 1820 1960 sc·

387 2029 489 2089 creto
509 2010 619 2102 fiunt,
643 2013 798 2092 exclusis
823 2015 910 2093 inde
936 2016 1018 2096 aliis
1043 2017 1274 2126 quibuslibet
1295 2015 1358 2123 qui
1384 2042 1459 2092 non
1485 2031 1570 2091 sunt
1590 2014 1637 2091 de
1658 2015 1818 2122 capitulo

387 2143 618 2224 eorumdem.

441 2273 500 2351 Ad
518 2273 670 2354 xl—xlv
690 2277 862 2356 articulos
884 2278 1072 2372 inclusive,
1086 2281 1284 2390 diligenter
1300 2301 1337 2359 et
1353 2279 1539 2387 sigillatim
1554 2280 1815 2384 interrogatus,

384 2405 612 2512 respondens
626 2408 771 2515 negavit
789 2410 888 2516 ipsos
901 2413 1075 2492 articulos
1096 2431 1133 2491 et
1147 2415 1271 2492 omnia
1288 2431 1324 2492 et
1343 2411 1486 2519 singula
1502 2427 1670 2489 contenta
1691 2410 1729 2485 in
1746 2411 1815 2498 eis,

386 2537 549 2616 adiciens
568 2539 673 2645 quod
686 2540 790 2648 juxta
810 2559 943 2621 statuta
961 2545 1052 2623 dicti
1073 2545 1214 2624 ordinis
1233 2546 1462 2655 quicumque
1479 2571 1523 2620 ex
1537 2541 1711 2620 fratribus
1730 2541 1816 2620 dicti

385 2668 526 2746 ordinis
544 2687 736 2776 peccatum
759 2691 885 2752 contra
905 2693 1074 2754 naturam
1088 2675 1292 2765 comiserit,
1312 2675 1417 2783 quod
1438 2674 1596 2782 perdere
1617 2672 1731 2752 debet
1751 2671 1818 2750 ha-

383 2801 504 2878 bitum
519 2830 585 2880 sue
601 2801 802 2910 religionis,
816 2806 902 2884 etin
916 2809 1059 2915 magnis
1075 2808 1321 2915 compedibus
1337 2824 1374 2884 et
1389 2807 1427 2884 in
1443 2805 1539 2884 collo
1555 2805 1694 2884 catenis
1704 2832 1818 2911 appo·

384 2933 463 3010 sitis
481 2951 518 3011 et
537 2934 576 3011 in
596 2933 767 3012 manibus
787 2938 941 3015 manicis
959 2937 1089 3018 ferreis
1106 2938 1219 3016 habet
1239 2955 1421 3046 perpetuo
1442 2937 1578 3016 carceri
1600 2937 1816 3043 mancipari,

383 3063 448 3140 ubi
469 3064 508 3140 in
526 3093 621 3172 pane
635 3065 788 3144 tristicie
805 3085 841 3146 et
860 3097 954 3176 aqua
969 3069 1223 3148 tribulacionis
1237 3070 1351 3149 habet
1371 3068 1558 3176 complere
1577 3087 1615 3146 et
1633 3067 1740 3146 linire
1761 3098 1818 3145 re·

383 3195 529 3302 liquum
543 3196 618 3274 vite
636 3214 797 3303 tempus.
857 3221 861 3230 ·

438 3328 496 3406 Ad
521 3328 752 3410 xlvi-lirun
772 3331 945 3412 articulos
971 3333 1165 3426 inclusive,
1188 3333 1385 3442 diligenter
1401 3348 1438 3411 et
1456 3331 1642 3440 sigillatim
1663 3315 1819 3408 interro-

382 3479 502 3568 gatus,
524 3463 755 3568 respondens
775 3464 921 3571 negavit
935 3465 1036 3571 ipsos
1053 3466 1226 3544 articulos
1246 3483 1285 3542 et
1304 3465 1429 3543 omnia
1438 3480 1475 3541 et
1490 3461 1632 3570 singula
1648 3479 1818 3541 contenta

382 3593 420 3669 in
442 3593 511 3684 eis,
534 3593 698 3672 adiciens
721 3594 826 3701 quod
846 3594 936 3672 dicti
960 3593 1090 3674 iratres
1112 3625 1241 3674 omncs
1266 3613 1303 3672 et
1324 3595 1458 3702 singuli
1485 3593 1654 3702 ejusdem
1678 3593 1819 3671 ordinis

381 3724 536 3802 adorant
552 3724 673 3802 solum
693 3726 816 3804 Deum
836 3727 990 3803 unicum
1010 3728 1218 3805 Dominum
1243 3743 1411 3804 nostrum
1432 3723 1586 3802 Jhesum
1610 3722 1815 3813 Christum,

380 3873 433 3934 tet
446 3874 600 3964 propter
615 3885 700 3934 eum
716 3874 932 3934 reverentur
949 3884 1080 3936 omnes
1097 3875 1239 3936 sanctos
1256 3874 1293 3934 et
1305 3874 1444 3934 sanctas
1459 3854 1549 3962 ejus,
1568 3871 1605 3932 et
1613 3853 1705 3931 nulli
1719 3883 1817 3931 crea-

382 4017 448 4066 ure
471 3988 630 4067 debetur
657 3987 851 4095 abaliquo
873 3987 1097 4068 Christicola
1124 3989 1193 4066 nisi
1223 3988 1294 4067 soli
1315 3990 1418 4077 Deo,
1441 3987 1529 4065 licet
1552 4005 1708 4094 propter
1731 4016 1815 4063 eum

381 4118 514 4196 sanctis
528 4119 608 4228 ejus
618 4118 869 4195 reverenciam
879 4117 1058 4210 debeant3
1070 4117 1211 4206 addens
1230 4120 1355 4226 itaque
1371 4117 1476 4225 quod
1491 4117 1561 4224 ipsi
1578 4116 1708 4196 fratres
1728 4118 1814 4194 dicti

382 4248 523 4326 ordinis
537 4255 686 4355 portent
701 4248 871 4326 cordulae
890 4247 1006 4327 lineas
1021 4278 1090 4328 seu
1110 4249 1233 4328 laneas
1250 4280 1362 4358 super
1377 4250 1565 4328 camisiam
1577 4277 1651 4357 qua
1665 4252 1816 4358 cingun-

379 4398 441 4457 tur
462 4379 581 4458 lumbi
615 4408 745 4459 eorum
771 4380 819 4458 ad
840 4381 1075 4460 recolendam
1099 4400 1136 4459 et
1160 4382 1378 4460 memoriter
1395 4381 1593 4460 tenendam
1613 4383 1815 4460 castitatem

379 4540 492 4620 quam
512 4511 550 4588 in
571 4513 725 4591 introitu
745 4511 914 4620 ejusdem
935 4512 1076 4592 ordinis
1094 4515 1360 4622 promiserunt,
1386 4541 1522 4622 negans
1545 4541 1639 4620 pure
1665 4531 1702 4590 et
1729 4514 1816 4590 sim-

377 4643 525 4752 pliciter
549 4644 654 4752 quod
676 4643 828 4751 prelatis
849 4644 1012 4722 cordulis
1037 4645 1175 4754 quibus
1194 4645 1264 4752 ipsi
1286 4645 1483 4752 cinguntur
1501 4643 1601 4722 nulla
1621 4643 1740 4750 capita
1758 4642 1815 4721 vel

378 4775 488 4885 ydola
511 4775 711 4884 dequibus
730 4776 769 4852 in
789 4775 942 4854 articulo
964 4777 1085 4885 agitur
1102 4794 1302 4884 tanguntur
1317 4777 1442 4885 aliquo
1462 4795 1630 4884 tempore
1651 4805 1720 4853 nec
1740 4776 1815 4854 cin-

378 4925 527 5016 guntur.
