4208 5886
408 552 484 624 250
791 531 987 619 PROCES
1018 543 1114 616 Dus
1145 541 1448 616 TEMPLIERS.

408 717 563 766 racenos
582 703 755 794 poterant
774 685 968 794 acquirere
983 682 1287 789 quibuscumque
1307 680 1443 760 modis.
1466 677 1619 758 Audivit
1632 678 1707 756 dici
1725 679 1833 786 quod

408 847 540 896 eorum
565 815 740 923 capitulia
764 815 860 893 clam
885 811 1127 900 tenebantur,
1147 811 1265 890 nullis
1286 809 1527 919 presentibus
1554 809 1626 887 nisi
1652 807 1833 886 fratribus

409 947 564 1025 ordinis.
577 945 758 1025 Ordinato
775 973 845 1052 per
857 943 1077 1051 Magistrum
1092 971 1178 1020 cum
1197 957 1386 1020 conventu
1404 955 1583 1018 servasset
1594 955 1699 1017 totus
1717 939 1829 1028 ordo,

410 1093 539 1154 contra
560 1103 675 1183 quem
704 1091 856 1182 propter
884 1072 1052 1180 predicta
1078 1099 1180 1150 nunc
1210 1070 1365 1182 grandia
1388 1068 1579 1158 scandala,
1609 1069 1773 1177 suspicio
1796 1087 1833 1148 et

407 1207 561 1286 infamia
585 1223 673 1282 sunt
693 1221 835 1295 exorta3
862 1220 901 1280 et
928 1202 1071 1282 audivit
1094 1201 1168 1280 dici
1192 1201 1296 1308 quod
1328 1228 1485 1308 magnus
1507 1200 1684 1308 Magister
1712 1218 1750 1278 et
1768 1200 1832 1278 alii

408 1335 530 1442 aliqua
546 1333 705 1413 confessi
726 1350 814 1412 sunt
830 1348 960 1412 contra
979 1332 1123 1411 dictum
1149 1331 1343 1419 ordinem,
1364 1331 1413 1408 ad
1430 1329 1537 1438 cujus
1556 1329 1832 1410 deffensionem

406 1493 446 1542 se
467 1493 544 1542 non
565 1461 765 1543 obtulerat.

462 1593 679 1701 Requisitus
704 1594 734 1671 si
765 1593 817 1671 sic
846 1595 1076 1700 deposuerat
1104 1622 1230 1701 prece,
1259 1610 1458 1700 precepto,
1488 1592 1648 1678 timore,
1679 1619 1830 1682 amore,

406 1723 514 1812 odio,
541 1722 600 1800 vel
627 1724 828 1828 temporali
859 1724 1021 1802 comodo
1044 1723 1175 1802 habito
1202 1722 1261 1800 vel
1285 1722 1479 1813 babendo,
1506 1722 1702 1828 respondit
1729 1723 1834 1829 quod

407 1880 503 1944 non,
517 1854 584 1932 sed
599 1881 668 1959 pro
683 1854 837 1932 veritate
853 1853 1029 1942 dicenda3
1050 1854 1111 1932 cui
1129 1853 1201 1930 luit
1213 1852 1424 1960 injunctum
1438 1853 1543 1960 quod
1558 1881 1635 1931 non
1651 1852 1834 1930 revelaret

408 1983 504 2060 banc
529 2011 634 2062 suam
657 1983 956 2091 deposicionem,
979 2012 1176 2091 quousque
1193 1984 1451 2063 attestaciones
1471 1982 1612 2062 luerint
1629 1982 1833 2088 publicato.

463 2245 589 2321 Frater
614 2244 805 2323 Johannes
827 2245 1020 2324 Sarraceni
1048 2247 1230 2336 serviens,
1258 2245 1500 2324 Bituricensis
1523 2245 1704 2332 diocesis,
1728 2245 1834 2321 testis

408 2401 518 2479 supra
533 2372 699 2478 juratus,
725 2401 768 2452 av
793 2401 979 2452 annorum
1000 2375 1060 2452 vel
1082 2375 1197 2466 circa,
1219 2375 1283 2482 qui
1305 2375 1514 2452 voluntarie
1535 2372 1760 2452 mantellum
1778 2373 1835 2450 di-

408 2502 561 2578 miserat
580 2519 618 2578 et
635 2501 717 2578 radi
737 2502 874 2582 lecerat
887 2503 958 2582 sibi
978 2503 1152 2594 barbam,
1169 2533 1255 2582 cum
1274 2533 1352 2610 quo
1372 2503 1596 2610 inquisitum
1612 2502 1750 2592 luerat,
1772 2502 1836 2580 ab·

408 2633 557 2712 solutus
574 2649 612 2709 et
631 2633 890 2712 reconciliatus
909 2662 978 2740 per
996 2635 1196 2712 dominum
1218 2634 1438 2742 episcopum
1463 2634 1833 2724 claromontensem,

409 2762 516 2840 lectis
538 2779 577 2838 et
605 2761 806 2870 diligenter
825 2762 1002 2869 expositis
1023 2763 1096 2840 sibi
1118 2763 1297 2841 omnibus
1322 2780 1361 2840 et
1384 2763 1542 2872 singulis
1567 2762 1747 2855 articulis,
1776 2791 1835 2840 re-

410 2891 563 2997 spoudit
576 2919 614 2968 se
630 2892 791 2983 nescire,
806 2918 876 2968 nec
892 2891 1061 2981 credere,
1078 2917 1148 2970 nec
1160 2891 1344 2970 audivisse
1365 2891 1438 2969 dici
1454 2893 1503 2972 de
1518 2892 1704 2971 contentis
1723 2892 1764 2968 in
1783 2894 1835 2970 eis

409 3020 479 3096 nisi
505 3021 610 3127 quod
634 3021 804 3127 sequitur
821 3053 830 3098 r
850 3021 1026 3100 videlicet
1048 3021 1154 3127 quod
1176 3021 1255 3127 ipse
1282 3037 1456 3127 receptus
1482 3021 1604 3100 lucrat
1628 3022 1668 3098 in
1692 3021 1836 3126 capella

410 3149 548 3227 domus
564 3149 714 3255 Templi
729 3151 777 3228 de
795 3154 955 3228 Turreta
974 3150 1297 3230 Claromontensis
1316 3149 1493 3240 diocesis,
1512 3149 1608 3228 circa
1624 3151 1766 3228 instans
1787 3150 1837 3227 le

410 3297 510 3358 stum
524 3279 624 3358 beati
641 3280 792 3357 Martini
807 3280 981 3359 hiemalis
1002 3297 1113 3358 erunt
1132 3280 1281 3358 circiter
1297 3307 1321 3358 x
1336 3280 1440 3370 anni,
1457 3306 1527 3385 per
1546 3278 1698 3358 bouem
1718 3281 1837 3356 Hum-

410 3411 560 3488 bertum
586 3408 741 3488 Blanchi
761 3409 941 3500 militem,
962 3410 1162 3488 detentum
1180 3408 1221 3486 in
1234 3407 1641 3516 Anglia,presentibus
1659 3406 1836 3486 fratribus

411 3541 583 3618 Jobanne
606 3538 654 3616 de
677 3540 809 3618 Menac
835 3557 1055 3647 preceptore
1077 3541 1125 3619 de
1152 3540 1332 3628 Marcbia,
1351 3554 1446 3616 teste
1472 3565 1583 3644 supra
1607 3537 1834 3626 examinato,

410 3671 546 3748 Bonito
566 3669 775 3777 presbitero
795 3671 843 3748 de
863 3668 1052 3759 Alvernia,
1073 3672 1233 3779 Hugone
1256 3669 1305 3747 de
1327 3671 1493 3748 borneto
1517 3686 1553 3747 et
1573 3669 1768 3775 Stephano
1789 3668 1835 3746 de

412 3801 571 3878 Sanaeto
598 3799 867 3890 servientibus,
899 3800 1111 3878 deffimctis.
1139 3798 1173 3878 A
1200 3827 1278 3906 quo
1304 3814 1498 3904 receptore
1527 3797 1655 3904 petitis
1678 3825 1774 3904 pane
1801 3815 1838 3875 et

412 3958 507 4036 aqua
527 3930 671 4008 ordinis
692 3947 729 4006 et
749 3930 783 4006 ei
810 3929 1015 4021 concessis,
1038 3929 1128 4008 fecit
1147 3957 1236 4006 eum
1255 3957 1387 4007 vovere
1410 3945 1448 4006 ct
1461 3928 1590 4035 jurare
1612 3928 1835 4018 castitatem,

413 4059 694 4150 obedienciam,
715 4061 837 4136 vivere
854 4060 935 4138 sine
955 4060 1120 4167 proprio,
1142 4087 1286 4138 servare
1305 4059 1427 4140 bonos
1446 4087 1538 4138 usus
1558 4076 1597 4137 et
1610 4057 1730 4137 bonas
1748 4085 1837 4136 eon·

413 4187 635 4268 suetudines
655 4219 730 4296 que
752 4206 844 4268 tunc
870 4207 976 4266 erant
1000 4190 1038 4266 in
1062 4190 1195 4268 ordine
1222 4207 1260 4268 et
1282 4219 1358 4298 que
1381 4189 1423 4266 in
1446 4206 1639 4296 posterum
1665 4189 1838 4296 impone·

412 4336 546 4397 rentur
558 4349 645 4401 cum
658 4319 815 4400 consilio
833 4319 1132 4426 presbiterorum
1148 4320 1305 4412 ordinis,
1319 4347 1396 4396 non
1409 4319 1574 4399 revelare
1584 4335 1726 4397 secreta
1741 4320 1837 4425 capi-

412 4449 615 4541 tuliorum;
642 4467 681 4529 et
701 4450 857 4560 prestito
875 4477 944 4557 per
964 4451 1046 4558 ejus
1060 4451 1319 4558 juramentum
1339 4451 1447 4557 quod
1460 4477 1539 4529 non
1553 4467 1632 4528 erat
1652 4448 1838 4555 obligatio

412 4579 520 4658 alteri
544 4580 736 4688 religioni,
754 4609 827 4674 nec
848 4581 1103 4673 matrimonio,
1125 4610 1195 4660 nec
1216 4581 1370 4668 debitis,
1391 4597 1430 4658 et
1450 4580 1556 4689 quod
1574 4608 1653 4658 non
1676 4595 1756 4656 erat
1778 4605 1837 4655 ex·

412 4712 724 4800 communicatus,
745 4741 816 4790 nec
834 4712 998 4791 habebat
1017 4711 1275 4790 infirmitatem
1293 4710 1488 4800 latentem,
1511 4739 1581 4788 nec
1595 4709 1754 4788 dederat
1770 4735 1837 4784 neo

411 4844 636 4945 promiserat
657 4841 804 4948 aliquid
827 4842 934 4950 quod
958 4843 998 4920 in
1025 4841 1159 4922 ordine
1187 4841 1430 4948 reciperetur,
1458 4857 1631 4946 receptor
1657 4836 1837 4944 imposuit
