4202 5876
406 525 479 606 aro
791 513 987 606 raucas
1014 532 1110 604 nas
1135 531 1436 604 vnnrcmss,

403 692 523 779 gatus,
547 672 740 779 respondit
764 692 802 750 et
831 672 923 752 dixit
949 672 1057 780 plura
1077 672 1219 785 nescire
1241 699 1309 749 nec
1335 672 1488 749 credere
1516 699 1631 778 quam
1659 673 1833 778 deposuit

403 804 441 879 in
461 803 615 910 singulis
635 803 799 880 articulis
819 804 1051 908 supradictis.

457 1066 566 1144 Anno
587 1093 663 1170 quo
683 1093 793 1170 supra
814 1093 849 1142 χι
869 1063 1043 1142 kalendas
1064 1064 1256 1142 februarii.

459 1198 518 1272 XI.
551 1199 677 1272 Frater
704 1195 944 1300 Raymnndus
975 1197 1022 1272 de
1050 1195 1168 1276 Vilert
1197 1195 1343 1273 ordinis
1373 1195 1522 1301 Templi
1549 1196 1686 1273 domus
1711 1195 1829 1274 Mansi

402 1329 483 1414 Dei,
501 1328 605 1404 testis
619 1299 767 1431 juratus
787 1326 832 1402 ad
851 1343 976 1404 sancta
985 1328 1056 1404 Dei
1069 1315 1266 1433 Evangelia
1281 1353 1394 1432 super
1413 1327 1592 1434 predictis
1610 1327 1777 1404 articulis
1792 1345 1829 1404 et

402 1485 533 1534 eorum
549 1456 719 1562 quolibet
735 1457 807 1534 sibi
825 1459 1000 1564 expositis
1021 1459 1061 1534 in
1081 1458 1237 1566 vulgari,
1260 1476 1303 1535 ut
1322 1458 1537 1566 principalis
1554 1457 1600 1535 de
1621 1485 1661 1535 se
1676 1459 1769 1564 ipso,
1793 1477 1830 1535 et

401 1606 443 1663 nt
460 1588 565 1665 testis
581 1588 628 1664 de
649 1587 748 1676 aliis,
766 1587 967 1696 diligenter
978 1606 1017 1666 et
1026 1589 1216 1696 sigillatim
1237 1591 1505 1696 interrogatus,
1528 1589 1762 1695 respondens
1782 1589 1828 1664 ad

400 1720 582 1822 primum,
603 1741 768 1796 ιι--χχιχ
782 1718 955 1797 articulos
970 1719 1163 1810 inclusive,
1181 1720 1329 1828 negavit
1340 1721 1441 1826 ipsos
1456 1720 1630 1798 articulos
1647 1736 1683 1796 et
1698 1721 1826 1796 omnia

400 1865 437 1924 et
452 1847 596 1954 singola
616 1865 789 1926 contenta
809 1851 933 1938 ineis,
958 1851 1084 1928 dicens
1105 1880 1145 1928 se
1166 1852 1318 1930 eredere
1341 1851 1499 1929 firmiter
1513 1850 1634 1929 filium
1664 1850 1733 1928 Dei
1753 1852 1826 1928 Do·

400 1979 543 2056 minum
576 1979 730 2056 Jbesum
760 1979 953 2058 Christum
977 1979 1091 2058 luisse
1117 1981 1333 2060 crucifixum
1359 2000 1397 2060 et
1419 2010 1571 2088 passum
1592 2007 1662 2087 pro
1682 1981 1828 2058 redem-

398 2109 532 2214 pcione
549 2111 704 2186 humani
720 2111 882 2217 generis,
897 2139 975 2190 non
990 2140 1060 2216 pro
1079 2113 1239 2218 peccatis
1254 2140 1323 2191 nec
1337 2141 1406 2218 pro
1422 2111 1625 2192 sceleribus
1637 2112 1726 2198 suis,
1742 2139 1828 2188 cum

355 2260 357 2277 ‘
398 2267 591 2346 nunquam
606 2242 813 2345 peccaverit
827 2269 896 2318 nec
912 2241 1021 2320 dolus
1035 2242 1148 2320 licerit
1167 2243 1205 2319 in
1218 2241 1373 2331 eodem,
1391 2271 1459 2349 per
1473 2271 1588 2348 quem
1604 2243 1728 2320 solum
1748 2243 1826 2346 ipse

397 2368 564 2460 firmiter,
594 2389 631 2448 et
663 2372 765 2448 idem
791 2372 910 2450 credit
937 2372 984 2450 dc
1009 2373 1091 2450 aliis
1123 2372 1299 2454 fratribus
1333 2373 1502 2481 ejusdem
1533 2374 1695 2458 ordinis,
1723 2401 1826 2478 spem

398 2499 511 2578 habet
527 2519 564 2578 et
580 2529 729 2607 semper
743 2502 876 2581 babuit
894 2503 1105 2582 salvationis
1124 2504 1308 2584 habende.

452 2629 628 2708 Adiciens
654 2632 759 2737 quod
783 2633 862 2737 ipse
888 2649 926 2709 et
944 2634 1056 2713 ceteri
1083 2633 1214 2712 fratres
1240 2636 1409 2740 ejusdem
1432 2635 1577 2713 ordinis
1596 2635 1753 2712 adorant
1777 2633 1825 2710 ob

397 2762 646 2838 reverenciam
663 2760 828 2839 crucifixi
847 2779 884 2838 et
903 2764 1154 2840 reverenciam
1176 2764 1355 2842 exhibent
1374 2764 1445 2870 ipsi
1465 2766 1565 2844 cruci
1585 2782 1644 2842 ter
1669 2765 1707 2840 in
1728 2792 1824 2840 anno

396 2891 581 2994 quolibet,
607 2891 781 2968 videlicet
800 2892 838 2968 in
858 2892 920 2970 die
945 2893 1103 2970 Veneris
1125 2910 1248 2972 sancta
1274 2911 1312 2970 et
1336 2895 1375 2971 in
1396 2893 1548 2972 duobus
1573 2893 1676 2972 lestis
1693 2895 1825 2972 Sancte

261 3019 267 3030 '
397 3021 525 3098 Crucis
556 3022 744 3100 mensium
775 3023 862 3100 maii
883 3040 922 3099 et
948 3023 1186 3131 septembris,
1209 3023 1258 3103 ob
1284 3025 1389 3132 cujus
1410 3025 1594 3102 honorem
1617 3025 1734 3102 eciam
1755 3024 1823 3130 ipsi

396 3151 529 3231 fratres
541 3169 690 3258 portant
708 3154 748 3230 in
774 3154 851 3230 suis
874 3153 1097 3232 clamidibus
1115 3181 1263 3232 crucem
1289 3157 1447 3234 rubeam
1476 3156 1523 3231 ad
1551 3154 1823 3260 designandum

398 3283 606 3362 elusionem
627 3285 817 3389 sanguinis
830 3285 971 3390 proprii
991 3313 1104 3392 quem
1125 3285 1297 3364 Christus
1315 3287 1501 3365 Dominus
1522 3284 1642 3362 efudit
1661 3286 1699 3360 in
1715 3313 1823 3360 cruce

396 3443 464 3518 pro
483 3430 610 3493 nostra
630 3415 758 3492 salute.

451 3543 608 3623 Addidit
622 3572 773 3649 quoque
786 3573 827 3622 se
841 3545 1007 3634 credere,
1024 3561 1063 3622 et
1077 3545 1181 3624 idem
1197 3547 1319 3624 credit
1332 3545 1381 3622 de
1397 3549 1530 3624 ceteris
1544 3545 1722 3624 fratribus
1733 3547 1822 3622 dicti

396 3674 553 3764 ordinis,
565 3675 689 3753 omnia
703 3675 945 3754 ecclesiastiea
956 3693 1194 3767 sacramenta,
1208 3694 1322 3781 prout
1334 3694 1458 3754 sancta
1466 3677 1536 3756 Dei
1549 3676 1709 3754 Ecclesia
1720 3695 1822 3754 tenet

397 3821 433 3880 et
451 3806 574 3882 docet.

451 3934 510 4012 Ad
529 3963 615 4023 χχχ,
638 3963 736 4023 χχχι,
758 3963 853 4014 χχχιι
876 3953 913 4013 et
926 3963 1034 4014 χχχιιι
1050 3935 1227 4014 articulos
1239 3935 1439 4023 inclusive,
1457 3935 1655 4042 diligenter
1670 3953 1707 4011 et
1722 3935 1822 4040 sigil-

262 4093 269 4107 ·
395 4065 497 4142 latim
516 4066 779 4172 interrogatus,
796 4067 942 4171 negavit
956 4066 1056 4172 ipsos
1069 4064 1243 4144 articulos
1253 4083 1293 4142 et
1306 4066 1430 4143 omnia
1445 4084 1482 4144 et
1495 4065 1638 4172 singula
1649 4081 1821 4143 contenta

395 4197 435 4270 in
456 4195 525 4284 eis,
547 4195 648 4272 salvo
666 4196 771 4300 quod
789 4195 999 4283 confessus,
1031 4215 1071 4274 et
1093 4195 1267 4275 concedit
1291 4197 1394 4302 quod
1422 4197 1607 4302 recipiens
1625 4194 1757 4272 iratres
1774 4193 1821 4272 ad

397 4326 538 4402 dictum
566 4326 739 4404 ordinem
764 4344 849 4432 post
878 4355 1010 4404 eorum
1039 4327 1299 4434 recepcionem
1327 4328 1457 4434 recipit
1480 4355 1546 4404 eos
1577 4326 1625 4404 ad
1652 4325 1821 4404 osculum

396 4457 495 4561 pacis
515 4476 553 4534 et
566 4459 642 4536 oris
660 4475 806 4537 tantum
827 4459 866 4534 in
885 4459 1033 4565 signnm
1052 4458 1214 4538 fraterne
1235 4457 1396 4536 caritatis
1412 4476 1449 4536 et
1465 4457 1690 4546 dilectionis,
1714 4474 1752 4533 et
1770 4483 1822 4532 re·

396 4590 493 4693 cepti
509 4588 723 4668 osculantur
741 4591 780 4666 in
799 4617 864 4668 ore
884 4605 1031 4668 tantum
1047 4563 1190 4698 aliquos
1203 4588 1335 4667 fratres
1348 4589 1400 4667 ibi
1416 4605 1576 4671 astantes
1596 4615 1636 4666 ιιι
1655 4587 1714 4664 vel
1731 4601 1818 4672 uum.

396 4737 434 4796 et
447 4721 635 4800 interdum
654 4719 796 4826 plures,
816 4722 912 4799 sicut
925 4723 1028 4800 Deus
1049 4723 1103 4799 eis
1118 4721 1314 4798 ministrat.

452 4851 509 4932 Ad
526 4877 812 4930 χχχιιιι-χχχιχ
832 4851 1006 4930 articulos
1023 4851 1219 4939 inclusive,
1241 4851 1439 4958 diligenter
1454 4868 1491 4928 et
1509 4849 1695 4955 sigillatim
1714 4848 1820 4924 inter·
