4210 5882
686 570 883 663 raucas
909 587 1004 660 ons
1029 553 1328 682 rnnrcrans.
1647 587 1720 666 sss

300 728 426 808 Maria.
445 767 456 797 n
472 730 520 806 Et
537 746 627 806 tunc
646 729 725 835 ipse
748 730 916 838 precepit
934 728 1004 806 sibi
1021 759 1029 802 :
1048 767 1060 796 ι
1076 729 1196 836 Spuas
1217 757 1325 837 supra
1346 729 1459 806 istum
1483 729 1521 806 in
1540 731 1718 837 despectu

299 860 421 967 ejus·
450 861 498 937 Et
524 877 615 938 tunc
641 860 741 966 spuit
758 876 832 950 ter;
863 859 931 938 sed
956 859 1105 938 cavebat
1133 877 1316 967 quantum
1335 876 1482 965 poterat
1501 889 1548 938 ne
1568 880 1719 968 spueret

298 1017 409 1098 supra
429 1018 578 1068 crucem
591 991 650 1068 vel
670 989 897 1068 crucifixum.
911 989 1012 1068 Dixit
1024 990 1141 1068 eciam
1155 1019 1223 1096 per
1229 993 1484 1099 juramentum
1495 1018 1605 1069 suum
1614 992 1720 1098 quod

299 1119 487 1198 osculatus
506 1119 577 1198 fuit
592 1120 832 1225 recipientem
853 1121 892 1198 in
907 1119 1088 1198 umbilico
1106 1138 1143 1196 et
1161 1121 1200 1196 in
1220 1147 1297 1198 ore.
1323 1121 1574 1227 Interrogatus
1591 1137 1719 1198 utrum

269 1271 277 1282 ·
298 1251 350 1339 vi,
367 1250 425 1328 rel
444 1268 548 1328 metu
568 1251 724 1328 carceris
743 1279 811 1330 seu
829 1267 1120 1339 tormentorum,
1142 1267 1205 1328 aut
1227 1251 1299 1328 alia
1329 1249 1376 1327 de
1406 1279 1530 1340 causa,
1559 1249 1720 1358 aliquam

299 1381 433 1458 dixerit
452 1381 647 1458 salsitatem
661 1379 719 1458 vel
734 1380 981 1458 immiscuerit
996 1380 1036 1456 in
1058 1379 1298 1486 deposicione
1321 1407 1403 1468 sua,
1424 1379 1516 1457 dixit
1534 1407 1601 1486 per
1617 1381 1720 1488 jura-

298 1526 468 1588 mentum
482 1539 594 1589 suum
607 1511 712 1618 quod
730 1538 827 1599 non3
848 1511 964 1586 inimo
980 1508 1072 1586 dixit
1089 1537 1221 1614 puram
1240 1509 1443 1584 veritatem.

354 1775 447 1850 Item
462 1772 574 1849 frater
593 1770 767 1850 Galterus
787 1770 834 1848 de
856 1769 1000 1863 Paianr,
1019 1770 1125 1848 etatis
1139 1769 1324 1876 octoginta
1336 1795 1517 1846 annorum
1530 1769 1588 1847 vel
1604 1772 1716 1860 circa,

291 1904 439 2009 juratus
458 1902 593 1978 eodem
613 1901 727 1979 modo
748 1900 796 1977 de
816 1929 856 1978 se
877 1917 915 1977 et
933 1897 1014 1976 aliis
1028 1900 1068 1975 in
1089 1925 1197 1976 causa
1209 1897 1299 1977 fidei
1314 1898 1437 1976 dicere
1457 1897 1667 1990 veritatem,
1683 1917 1720 1978 et

297 2033 546 2138 intermgatus
566 2031 613 2108 de
628 2048 797 2137 ternpore
815 2047 853 2108 et
867 2029 983 2112 modo
999 2058 1067 2106 sue
1083 2029 1329 2136 reccpcionis,
1347 2028 1438 2106 dixit
1451 2058 1522 2135 per
1528 2029 1720 2136 juramen-

296 2179 376 2238 tum
402 2190 515 2239 suum
532 2159 635 2268 quod
654 2160 725 2238 fuit
748 2177 920 2267 receptus
945 2159 982 2236 in
1004 2159 1117 2240 domo
1142 2159 1189 2237 de
1209 2159 1354 2249 Paians,
1377 2159 1529 2265 triginta
1548 2187 1611 2238 sex
1631 2164 1718 2238 anni

297 2308 407 2370 erunt
420 2292 459 2367 in
473 2293 621 2370 instanti
637 2291 730 2368 sesto
745 2291 947 2371 Natiuitatis
962 2290 1132 2383 Domini,
1144 2318 1212 2396 per
1226 2289 1378 2368 fratrem
1393 2289 1657 2368 Theobaldum
1668 2293 1716 2370 de

296 2421 478 2510 Breteuil,
504 2423 739 2529 presentibus
758 2421 870 2499 fratre
894 2423 1042 2500 Thema
1066 2421 1279 2498 Normanno
1300 2438 1337 2498 et
1356 2420 1466 2496 fratre
1487 2420 1650 2525 Symone
1672 2423 1718 2500 de

297 2554 425 2630 Paians
445 2568 482 2628 et
499 2552 724 2658 quibusdam
745 2552 827 2630 aliis
852 2551 899 2630 de
924 2579 1086 2660 quorum
1110 2550 1327 2630 nominibus
1350 2578 1427 2630 non
1451 2549 1596 2628 recolit.
1620 2553 1719 2630 Dixit

298 2683 415 2758 eciam
437 2709 507 2788 per
518 2679 774 2789 juramentum
793 2709 905 2760 suum
925 2682 1044 2788 quod,
1067 2699 1151 2788 post
1169 2682 1306 2760 multas
1326 2680 1590 2788 promissiones
1605 2682 1651 2759 ab
1671 2709 1716 2760 eo

296 2810 407 2888 lactas
430 2810 477 2888 de
509 2811 747 2890 observandis
778 2811 922 2890 statutis
947 2827 985 2888 et
1009 2813 1160 2888 secretis
1180 2810 1270 2888 dicti
1291 2810 1449 2900 ordinis,
1480 2830 1518 2891 et
1538 2811 1716 2890 mantello

295 2941 365 3019 sibi
383 2941 432 3018 ad
446 2942 583 3020 collum
594 2943 733 3048 posito,
757 2941 878 3019 dictus
895 2939 1078 3046 recipiens
1093 2941 1257 3018 ostendit
1270 2939 1341 3018 sibi
1356 2943 1557 3050 quamdam
1568 2971 1718 3050 parvam

296 3097 444 3148 crucem
465 3071 503 3147 in
523 3097 596 3178 qua
622 3089 700 3148 erat
725 3099 857 3178 ymago
881 3070 997 3148 Jbesu
1023 3069 1162 3149 Christi
1188 3070 1368 3160 crucifixi,
1391 3089 1429 3149 et
1448 3073 1578 3176 petivit
1602 3074 1647 3149 ab
1670 3101 1717 3150 eo

294 3217 423 3278 utrum
449 3200 618 3278 crederet
645 3199 751 3308 quod
777 3217 875 3278 esset
892 3227 1024 3308 ymago
1044 3201 1160 3276 lbesu
1181 3199 1338 3290 Christi;
1365 3218 1403 3278 et
1421 3203 1502 3308 ipse
1524 3201 1719 3307 respondit

295 3331 398 3434 quod
417 3332 481 3408 sic.
504 3333 550 3408 Et
567 3339 659 3409 tunc
676 3332 754 3438 ipse
776 3329 945 3436 precepit
963 3328 1034 3407 sibi
1055 3329 1158 3436 quod
1177 3347 1329 3436 spueret
1356 3359 1467 3437 supra
1489 3359 1656 3422 crucem;
1680 3348 1717 3408 et

294 3460 395 3564 spuit
414 3461 545 3549 semel,
571 3477 609 3536 et
627 3460 813 3538 oscidatus
840 3457 912 3536 fuit
932 3459 1075 3537 dictum
1097 3461 1340 3566 recipientem
1359 3461 1397 3537 in
1417 3462 1596 3540 umbilico
1618 3480 1655 3539 et
1676 3462 1716 3536 in

295 3615 371 3666 ore.
387 3590 489 3669 Dixit
507 3591 624 3666 eciam
637 3617 707 3696 per
715 3591 973 3698 juramentum
986 3617 1098 3668 suum
1115 3591 1219 3697 quod
1235 3589 1356 3670 dictus
1370 3593 1554 3698 recipiens
1568 3592 1717 3702 sibide-

295 3721 440 3828 negavit
464 3737 503 3798 et
528 3721 695 3798 inbibuit
713 3722 854 3798 coitum
878 3721 1099 3810 mulierum,
1117 3737 1155 3798 et
1175 3721 1281 3798 dedit
1299 3721 1369 3800 sibi
1390 3722 1585 3800 licenciam
1605 3723 1717 3800 habi·

293 3850 394 3928 tandi
411 3851 604 3928 carnaliter
622 3881 709 3930 oum
724 3851 899 3930 fratribus
912 3850 1002 3928 dicti
1022 3851 1175 3930 ordinis.
1194 3852 1298 3931 Dixit
1307 3869 1433 3930 tamen
1446 3883 1515 3960 per
1523 3854 1716 3962 juramen-

293 3998 376 4057 tum
395 4009 506 4058 suum
526 3981 632 4088 quod
652 3981 771 4060 credit
789 3982 894 4090 quod
918 4009 1050 4062 omnes
1068 3981 1129 4060 alii
1148 4009 1217 4089 per
1241 3983 1403 4061 similem
1432 3985 1590 4062 modum
1620 3987 1716 4062 reci·

294 4111 458 4215 piuntur.
475 4113 725 4220 Interrogatus
744 4114 935 4202 utrumn,
954 4113 1012 4190 vel
1030 4130 1135 4191 metu
1154 4115 1310 4192 carceris
1329 4141 1396 4192 seu
1415 4133 1711 4205 tormentorum,

295 4259 358 4320 aut
376 4242 447 4320 alia
467 4243 515 4320 de
533 4271 656 4333 causa,
678 4243 840 4351 aliquam
855 4242 989 4320 dixerit
1007 4242 1203 4322 falsitatem
1218 4244 1275 4323 vel
1289 4245 1534 4324 immiscuerit
1547 4247 1587 4323 in
1604 4246 1716 4353 depo·

294 4373 431 4452 sicione
447 4401 528 4460 sua,
543 4374 636 4451 dixit
645 4402 714 4481 per
721 4373 977 4481 juramentum
986 4402 1096 4455 suum
1111 4377 1217 4483 quod
1229 4403 1323 4466 non3
1339 4376 1456 4456 immo
1475 4377 1567 4454 dixit
1580 4405 1715 4483 puram

295 4503 497 4582 veritatem.

349 4769 442 4845 Item
461 4767 575 4845 irater
589 4769 777 4848 lohannes
797 4769 918 4850 dictus
937 4770 985 4849 de
999 4772 1179 4865 Pausias,
1201 4773 1309 4851 etatis
1326 4773 1457 4881 viginti
1476 4791 1637 4880 quatuor
1651 4798 1709 4849 an·

294 4924 445 4988 norum,
459 4899 605 5006 juratus
624 4900 760 4977 eodem
776 4903 890 4983 modo
910 4901 958 4980 de
977 4929 1016 4980 se
1037 4919 1075 4980 et
1092 4901 1172 4981 aliis
1187 4903 1225 4982 in
1240 4933 1349 4984 causa
1369 4903 1457 4984 fidei
1479 4905 1604 4982 dicere
1619 4901 1716 4980 veri·
1834 4893 1838 4903 ’

379 5049 486 5108 rnocts
500 5065 551 5108 aas
566 5065 739 5110 munerans.
750 5084 791 5096 -
802 5069 835 5110 u.
1528 5053 1569 5134 [⁸9
