4210 5882
260 600 263 608 ·
384 557 457 632 lto
772 535 970 630 rnoons
996 554 1091 627 nas
1116 552 1419 626 Taurumue.

380 700 522 792 stricte,
541 698 744 806 diligenter
758 698 1025 805 interrogatus,
1043 694 1136 772 dixit
1149 712 1187 773 et
1204 694 1352 803 negavit
1373 693 1502 773 omnia
1515 710 1553 774 et
1565 693 1710 803 singula
1728 723 1817 776 con-

379 849 484 910 tenta
503 833 541 909 in
564 831 656 939 ipsis
675 828 841 908 articulis
862 846 900 907 et
926 855 1060 906 eorum
1080 826 1255 934 singulis,
1286 825 1387 904 salvo
1416 825 1523 934 quod
1544 824 1740 905 confessus
1762 845 1816 906 est

380 964 485 1043 idem
505 964 619 1041 frater
638 962 825 1042 Jordanus
845 960 950 1069 quod
965 959 1150 1066 recipiens
1170 976 1209 1036 et
1226 974 1402 1064 receptus
1417 957 1456 1035 in
1478 955 1622 1036 dictum
1642 957 1816 1038 ordinem

380 1125 421 1174 se
436 1095 485 1173 ad
505 1094 662 1173 invicem
683 1092 897 1171 osculantur
916 1093 956 1168 in
971 1120 1036 1171 ore
1056 1106 1222 1202 tantum3
1245 1106 1284 1166 et
1303 1089 1377 1167 hoc
1394 1088 1530 1166 ser-vari
1545 1089 1640 1167 vidit
1657 1090 1697 1166 in
1713 1119 1817 1168 rece-

381 1227 516 1332 pcione
541 1225 750 1304 multonun
774 1223 950 1312 fratrum,
973 1249 1068 1330 quos
1088 1221 1204 1329 recipi
1225 1220 1320 1298 vidit
1339 1221 1378 1298 in
1401 1219 1517 1300 domo
1538 1221 1656 1300 Mansi
1677 1223 1747 1301 Dei
1769 1223 1817 1300 ad

381 1359 554 1438 ordinem
569 1358 839 1466 supradictum.

438 1492 496 1570 ad
515 1515 804 1570 aranu-mu
825 1489 1002 1567 articulos
1021 1488 1199 1566 inclusive
1224 1487 1459 1594 respondens
1484 1487 1723 1596 singulariter
1741 1490 1816 1567 sin·

379 1623 492 1730 gulis,
516 1639 554 1700 et
571 1621 764 1702 confessus
788 1639 844 1699 est
865 1621 970 1729 quod
991 1621 1125 1698 fratres
1156 1620 1296 1728 recepti
1320 1620 1357 1696 in
1385 1618 1486 1699 dicto
1510 1621 1646 1699 ordine
1665 1621 1814 1728 Templi

379 1755 623 1860 promittunt,
647 1783 714 1862 per
729 1755 986 1861 juramentum
1006 1783 1027 1829 a
1046 1781 1085 1830 se
1101 1752 1318 1860 prestitum,
1341 1780 1381 1830 se
1401 1779 1479 1829 non
1496 1752 1602 1850 exire
1616 1739 1687 1830 nec
1701 1753 1815 1831 relin-

380 1915 499 1993 quere
520 1887 645 1993 ipsum
667 1885 840 1964 ordinem
854 1914 924 1992 pro
940 1885 1073 1992 quovis
1093 1883 1167 1962 alio
1183 1883 1319 1962 ordine
1335 1883 1468 1991 majori
1481 1884 1540 1962 vel
1553 1884 1704 1962 minori.
1721 1887 1815 1962 ltem

380 1994 571 2097 confessus
590 2034 647 2095 est
660 2017 766 2125 quod
779 2016 851 2123 ipsi
872 2015 1003 2094 fratr'es
1023 2016 1163 2124 recepti
1184 2015 1431 2094 incontinenti
1451 2032 1537 2124 post
1555 2018 1815 2124 recepcionem

379 2149 567 2228 habentur
579 2177 649 2256 pro
663 2148 853 2255 professis.
871 2149 966 2226 ltem
981 2147 1173 2226 confessus
1189 2147 1359 2254 estquod
1374 2148 1545 2255 recepcio
1560 2148 1729 2256 ipsorum
1743 2149 1814 2225 fra·

378 2297 480 2357 trum
492 2308 589 2387 quos
604 2277 719 2385 recipi
732 2278 826 2356 vidit
839 2278 879 2356 in
894 2278 1027 2357 ordine
1038 2279 1252 2384 supradicto
1266 2278 1360 2355 facta
1374 2276 1462 2366 fuit,
1481 2295 1519 2355 et
1530 2306 1612 2355 eam
1628 2277 1710 2356 lieri
1721 2281 1814 2358 vidit

379 2413 427 2489 de
448 2411 579 2489 multis
601 2409 780 2488 fratribus
801 2409 841 2486 in
865 2410 963 2488 dicta
982 2408 1136 2488 ecclesia
1160 2409 1280 2487 Mansi
1295 2409 1383 2498 Dei,
1407 2409 1541 2486 clausis
1556 2410 1683 2518 januis
1698 2411 1814 2517 ipsius

381 2543 553 2634 ecclesie,
577 2541 793 2651 etexpulsis
812 2541 989 2620 omnibus
1008 2559 1134 2650 preter
1153 2539 1285 2620 fratres
1301 2541 1445 2620 ordinis
1464 2542 1680 2650 supradicti.
1696 2544 1754 2621 Ad
1774 2545 1814 2622 id

378 2703 466 2753 vero
486 2674 593 2782 quod
613 2673 660 2752 de
679 2673 894 2751 vehementi
919 2673 1131 2779 suspicione
1159 2673 1198 2748 in
1223 2671 1381 2751 articulo
1404 2672 1635 2780 exprimitur,
1655 2703 1814 2783 respon·

380 2806 435 2884 dit
451 2823 488 2884 et
505 2806 598 2883 dixit
617 2833 790 2883 murmur
804 2803 886 2882 fieri
902 2805 1000 2881 inter
1015 2821 1160 2911 gentes,
1183 2821 1221 2882 et
1235 2804 1341 2911 quod
1361 2803 1470 2884 multi
1492 2804 1814 2915 interrogaverunt

380 2940 502 3044 ipsum
523 2939 588 3044 qui
609 2937 778 3044 loquitur
790 2965 907 3044 quare
923 2937 973 3013 ita
988 2953 1128 3015 secrete
1146 2935 1261 3014 fiebat
1273 2936 1444 3044 recepcio
1456 2936 1624 3042 ipsorum
1643 2937 1810 3018 fratrum.

379 3069 526 3163 Quibus
548 3071 628 3178 ipse
648 3068 843 3176 respondit
856 3068 962 3176 quod
980 3069 1032 3145 sic
1048 3085 1125 3145 erat
1140 3083 1319 3146 statutum
1335 3095 1403 3174 per
1425 3096 1490 3147 eos
1513 3069 1579 3176 qui
1604 3087 1813 3149 statuerunt

379 3199 554 3279 ordinem
578 3201 848 3309 supradictum.

434 3334 492 3412 Ad
508 3334 662 3414 xl-xlv
677 3333 852 3414 articulos
869 3335 1046 3413 inclusive
1062 3335 1295 3442 respondens
1307 3334 1546 3442 singulariter
1557 3336 1732 3446 singulis,
1749 3365 1813 3414 ne-

376 3466 473 3573 gavit
491 3468 593 3575 ipsos
610 3467 789 3545 articulos
810 3485 847 3544 et
867 3467 994 3544 omnia
1015 3485 1053 3546 et
1072 3467 1217 3576 singula
1238 3485 1411 3546 contenta
1431 3469 1470 3546 in
1489 3470 1554 3547 eis.

432 3598 491 3674 Ad
507 3597 741 3678 xlvi—luxui
756 3599 934 3676 articulos
954 3599 1131 3678 inclusive
1151 3601 1388 3708 respondens
1405 3601 1645 3709 singulariter
1659 3617 1699 3680 et
1712 3602 1812 3710 sigil-

374 3730 479 3807 latim
502 3731 675 3838 singulis,
699 3732 847 3840 negavit
866 3732 993 3809 omnia
1010 3749 1047 3810 et
1062 3732 1205 3840 singula
1228 3751 1402 3811 contenta
1426 3734 1466 3810 in
1487 3735 1557 3823 eis,
1582 3732 1681 3812 salvo
1708 3735 1810 3841 quod

352 3931 361 3942 .
377 3859 568 3940 confessus
584 3862 753 3971 estquod
766 3862 804 3938 in
815 3844 1124 3970 ipsarecepcione
1140 3865 1451 3974 injungituripsis
1463 3864 1639 3944 fratribus
1651 3868 1811 3972 receptis

375 4010 558 4100 perpetuo
568 4011 605 4072 et
616 3993 696 4071 sine
709 3994 990 4073 intermissione
1003 3995 1112 4073 dictis
1122 3995 1288 4073 cordulis
1298 3997 1373 4074 sive
1383 3996 1540 4104 cingulis
1550 3997 1811 4105 cingantursu-

375 4149 443 4227 per
457 4124 661 4212 camisiam,
685 4125 732 4201 ad
749 4124 1022 4232 designandum
1038 4124 1263 4217 castitatem,
1282 4111 1427 4234 n‘egavit
1440 4145 1566 4205 tamen
1581 4128 1687 4236 quod
1702 4127 1809 4206 dictis

376 4254 540 4333 cordulis
553 4256 627 4332 sive
643 4254 798 4364 cingulis
810 4257 1005 4363 cingantur
1017 4255 1073 4334 vel
1086 4259 1447 4366 tanganturydolum
1458 4259 1516 4338 vel
1529 4259 1655 4367 ydola,
1668 4288 1738 4337 nec
1749 4260 1809 4337 ali-

374 4415 449 4494 qua
466 4387 600 4495 capita,
613 4388 709 4466 sicut
721 4389 760 4464 in
774 4387 940 4465 articulis
950 4389 1173 4479 continetur,
1191 4389 1320 4468 dicens
1333 4419 1372 4468 se
1389 4421 1582 4499 nunquam
1592 4391 1729 4470 vidisse
1742 4391 1809 4468 ali-

373 4519 477 4625 quod
489 4519 659 4628 ydolum,
674 4549 743 4596 nec
757 4520 827 4597 scit
840 4521 945 4628 quod
958 4520 1022 4610 sit,
1035 4520 1102 4598 sed
1119 4521 1237 4599 credit
1249 4522 1353 4629 quod
1364 4521 1492 4601 nichil.
1510 4525 1601 4601 ltem
1616 4523 1807 4601 confessus

374 4667 429 4728 est
439 4650 545 4758 quod
556 4652 595 4727 in
606 4653 826 4758 recepcione
837 4650 995 4728 fratrum
1007 4653 1095 4730 dicti
1105 4653 1248 4732 ordinis
1261 4655 1472 4763 injungitur
1482 4655 1536 4732 eis
1545 4654 1681 4732 virtute
1694 4684 1807 4732 sacra·

373 4783 488 4860 menti
498 4813 570 4861 ase
581 4783 726 4889 prestiti
738 4784 990 4890 quodsecreta
1001 4801 1153 4862 teneant
1162 4785 1222 4862 illa
1232 4815 1306 4892 que
1318 4787 1356 4864 in
1372 4786 1684 4893 capituliseorum
1696 4815 1807 4894 agun-

371 4932 477 4990 turet
490 4915 602 4998 frunt,
617 4931 651 4992 et
666 4915 718 4990 sic
733 4944 776 4991 ex
785 4917 1030 5022 consequenti
1044 4943 1176 4995 eorum
1185 4919 1354 5023 recepcio
1367 4919 1528 4995 tenenda
1540 4919 1640 4996 estin
1650 4936 1804 4997 secreto.
