<?xml version="1.0" encoding="UTF-8"?>
<!DOCTYPE html PUBLIC "-//W3C//DTD XHTML 1.0 Transitional//EN"
    "http://www.w3.org/TR/xhtml1/DTD/xhtml1-transitional.dtd">
<html xmlns="http://www.w3.org/1999/xhtml" xml:lang="en" lang="en">
 <head>
  <title>
</title>
<meta http-equiv="Content-Type" content="text/html;charset=utf-8" />
  <meta name='ocr-system' content='tesseract 3.04.00' />
  <meta name='ocr-capabilities' content='ocr_page ocr_carea ocr_par ocr_line ocrx_word'/>
</head>
<body>
  <div class='ocr_page' id='page_1' title='image "./procsdestemplie03defegoog/procsdestemplie03defegoog_0165.png"; bbox 0 0 4486 5890; ppageno 0'>
   <div class='ocr_carea' id='block_1_1' title="bbox 751 482 1790 584">
    <p class='ocr_par' dir='ltr' id='par_1_1' title="bbox 751 482 1790 584">
     <span class='ocr_line' id='line_1_1' title="bbox 751 482 1790 584; baseline 0.004 -5"><span class='ocrx_word' id='word_1_1' title='bbox 751 482 950 582; x_wconf 72' lang='lat' dir='ltr'><strong>esocis</strong></span> <span class='ocrx_word' id='word_1_2' title='bbox 977 505 1072 580; x_wconf 83' lang='lat' dir='ltr'><strong>nus</strong></span> <span class='ocrx_word' id='word_1_3' title='bbox 1097 505 1403 580; x_wconf 73' lang='lat' dir='ltr'><strong>renuamus,</strong></span> <span class='ocrx_word' id='word_1_4' title='bbox 1721 511 1790 584; x_wconf 79' lang='lat'><strong>155</strong></span> 
     </span>
    </p>
   </div>
   <div class='ocr_carea' id='block_1_2' title="bbox 316 646 1793 4788">
    <p class='ocr_par' dir='ltr' id='par_1_2' title="bbox 316 646 1793 4788">
     <span class='ocr_line' id='line_1_2' title="bbox 366 646 1793 757; baseline -0.001 -30"><span class='ocrx_word' id='word_1_5' title='bbox 366 646 519 737; x_wconf 85' lang='lat' dir='ltr'>ordine,</span> <span class='ocrx_word' id='word_1_6' title='bbox 549 648 745 755; x_wconf 90' lang='lat' dir='ltr'><strong>respondit</strong></span> <span class='ocrx_word' id='word_1_7' title='bbox 763 647 870 755; x_wconf 92' lang='lat' dir='ltr'><strong>quod</strong></span> <span class='ocrx_word' id='word_1_8' title='bbox 889 649 958 739; x_wconf 91' lang='lat' dir='ltr'><strong>sic,</strong></span> <span class='ocrx_word' id='word_1_9' title='bbox 979 647 1133 726; x_wconf 86' lang='lat' dir='ltr'><strong>fratrem</strong></span> <span class='ocrx_word' id='word_1_10' title='bbox 1159 649 1412 728; x_wconf 87' lang='lat' dir='ltr'><strong>Bertrandum</strong></span> <span class='ocrx_word' id='word_1_11' title='bbox 1432 649 1481 728; x_wconf 92' lang='lat' dir='ltr'><strong>de</strong></span> <span class='ocrx_word' id='word_1_12' title='bbox 1510 648 1674 757; x_wconf 86' lang='lat' dir='ltr'><strong>Sartiges</strong></span> <span class='ocrx_word' id='word_1_13' title='bbox 1695 649 1793 727; x_wconf 90' lang='lat' dir='ltr'><strong>mili-</strong></span> 
     </span>
     <span class='ocr_line' id='line_1_3' title="bbox 365 779 1792 886; baseline -0.002 -27"><span class='ocrx_word' id='word_1_14' title='bbox 365 799 461 870; x_wconf 85' lang='lat' dir='ltr'><strong>tem,</strong></span> <span class='ocrx_word' id='word_1_15' title='bbox 479 781 527 858; x_wconf 88' lang='lat' dir='ltr'><strong>ad</strong></span> <span class='ocrx_word' id='word_1_16' title='bbox 543 779 687 860; x_wconf 82' lang='lat' dir='ltr'>ordinis</span> <span class='ocrx_word' id='word_1_17' title='bbox 697 779 971 858; x_wconf 82' lang='lat' dir='ltr'><strong>deffensionem</strong></span> <span class='ocrx_word' id='word_1_18' title='bbox 980 796 1236 886; x_wconf 87' lang='lat' dir='ltr'><strong>assumptum,</strong></span> <span class='ocrx_word' id='word_1_19' title='bbox 1253 780 1294 856; x_wconf 92' lang='lat' dir='ltr'><strong>in</strong></span> <span class='ocrx_word' id='word_1_20' title='bbox 1309 780 1474 886; x_wconf 85' lang='lat' dir='ltr'><strong>quadam</strong></span> <span class='ocrx_word' id='word_1_21' title='bbox 1491 809 1637 858; x_wconf 89' lang='lat' dir='ltr'><strong>camera</strong></span> <span class='ocrx_word' id='word_1_22' title='bbox 1653 781 1792 858; x_wconf 88' lang='lat' dir='ltr'><strong>domus</strong></span> 
     </span>
     <span class='ocr_line' id='line_1_4' title="bbox 365 907 1791 1017; baseline -0.001 -28"><span class='ocrx_word' id='word_1_23' title='bbox 365 909 515 1017; x_wconf 85' lang='lat' dir='ltr'><strong>Templi</strong></span> <span class='ocrx_word' id='word_1_24' title='bbox 545 910 593 988; x_wconf 91' lang='lat' dir='ltr'><strong>de</strong></span> <span class='ocrx_word' id='word_1_25' title='bbox 619 913 779 988; x_wconf 88' lang='lat' dir='ltr'><strong>Tortosa</strong></span> <span class='ocrx_word' id='word_1_26' title='bbox 807 909 906 988; x_wconf 88' lang='lat' dir='ltr'><strong>ultra</strong></span> <span class='ocrx_word' id='word_1_27' title='bbox 930 937 1053 1000; x_wconf 88' lang='lat' dir='ltr'><strong>mare,</strong></span> <span class='ocrx_word' id='word_1_28' title='bbox 1079 937 1148 1016; x_wconf 89' lang='lat' dir='ltr'><strong>per</strong></span> <span class='ocrx_word' id='word_1_29' title='bbox 1173 909 1327 988; x_wconf 85' lang='lat' dir='ltr'><strong>fratrem</strong></span> <span class='ocrx_word' id='word_1_30' title='bbox 1355 907 1503 988; x_wconf 82' lang='lat' dir='ltr'><strong>Adsum</strong></span> <span class='ocrx_word' id='word_1_31' title='bbox 1531 910 1580 990; x_wconf 90' lang='lat' dir='ltr'><strong>de</strong></span> <span class='ocrx_word' id='word_1_32' title='bbox 1609 911 1791 1016; x_wconf 83' lang='lat' dir='ltr'><strong>Peyrucza</strong></span> 
     </span>
     <span class='ocr_line' id='line_1_5' title="bbox 366 1039 1793 1149; baseline -0.001 -30"><span class='ocrx_word' id='word_1_33' title='bbox 366 1040 578 1149; x_wconf 90' lang='lat' dir='ltr'><strong>quondam,</strong></span> <span class='ocrx_word' id='word_1_34' title='bbox 594 1058 687 1118; x_wconf 91' lang='lat' dir='ltr'><strong>tunc</strong></span> <span class='ocrx_word' id='word_1_35' title='bbox 706 1039 952 1118; x_wconf 89' lang='lat' dir='ltr'><strong>castellanum</strong></span> <span class='ocrx_word' id='word_1_36' title='bbox 972 1040 1071 1118; x_wconf 89' lang='lat' dir='ltr'><strong>dicte</strong></span> <span class='ocrx_word' id='word_1_37' title='bbox 1088 1042 1243 1130; x_wconf 89' lang='lat' dir='ltr'><strong>domus,</strong></span> <span class='ocrx_word' id='word_1_38' title='bbox 1260 1040 1500 1147; x_wconf 78' lang='lat' dir='ltr'><strong>presentibus</strong></span> <span class='ocrx_word' id='word_1_39' title='bbox 1518 1040 1695 1120; x_wconf 81' lang='lat' dir='ltr'><strong>iratribus</strong></span> <span class='ocrx_word' id='word_1_40' title='bbox 1714 1043 1793 1119; x_wconf 85' lang='lat' dir='ltr'><strong>llu-</strong></span> 
     </span>
     <span class='ocr_line' id='line_1_6' title="bbox 365 1161 1792 1279; baseline 0.001 -30"><span class='ocrx_word' id='word_1_41' title='bbox 365 1199 465 1279; x_wconf 84' lang='lat' dir='ltr'><strong>gone</strong></span> <span class='ocrx_word' id='word_1_42' title='bbox 484 1170 532 1248; x_wconf 91' lang='lat' dir='ltr'><strong>de</strong></span> <span class='ocrx_word' id='word_1_43' title='bbox 552 1173 666 1279; x_wconf 86' lang='lat' dir='ltr'><strong>Nays,</strong></span> <span class='ocrx_word' id='word_1_44' title='bbox 686 1170 839 1250; x_wconf 89' lang='lat' dir='ltr'><strong>Visiano</strong></span> <span class='ocrx_word' id='word_1_45' title='bbox 860 1161 908 1248; x_wconf 79' lang='lat' dir='ltr'><strong>de</strong></span> <span class='ocrx_word' id='word_1_46' title='bbox 929 1171 1053 1249; x_wconf 86' lang='lat' dir='ltr'><strong>Moret</strong></span> <span class='ocrx_word' id='word_1_47' title='bbox 1079 1169 1285 1261; x_wconf 83' lang='lat' dir='ltr'><strong>militibus,</strong></span> <span class='ocrx_word' id='word_1_48' title='bbox 1314 1170 1535 1262; x_wconf 85' lang='lat' dir='ltr'><strong>deffunctis,</strong></span> <span class='ocrx_word' id='word_1_49' title='bbox 1558 1188 1596 1250; x_wconf 91' lang='lat' dir='ltr'><strong>et</strong></span> <span class='ocrx_word' id='word_1_50' title='bbox 1618 1170 1792 1278; x_wconf 92' lang='lat' dir='ltr'><strong>pluribus</strong></span> 
     </span>
     <span class='ocr_line' id='line_1_7' title="bbox 366 1299 1793 1412; baseline 0.004 -35"><span class='ocrx_word' id='word_1_51' title='bbox 366 1300 448 1378; x_wconf 89' lang='lat' dir='ltr'><strong>aliis</strong></span> <span class='ocrx_word' id='word_1_52' title='bbox 469 1300 516 1378; x_wconf 92' lang='lat' dir='ltr'><strong>de</strong></span> <span class='ocrx_word' id='word_1_53' title='bbox 536 1299 676 1405; x_wconf 92' lang='lat' dir='ltr'><strong>quibus</strong></span> <span class='ocrx_word' id='word_1_54' title='bbox 695 1328 774 1378; x_wconf 92' lang='lat' dir='ltr'><strong>non</strong></span> <span class='ocrx_word' id='word_1_55' title='bbox 794 1301 1025 1378; x_wconf 80' lang='lat' dir='ltr'><strong>recordatur.</strong></span> <span class='ocrx_word' id='word_1_56' title='bbox 1047 1301 1090 1378; x_wconf 91' lang='lat' dir='ltr'><strong>ln</strong></span> <span class='ocrx_word' id='word_1_57' title='bbox 1112 1302 1220 1412; x_wconf 88' lang='lat' dir='ltr'><strong>cujus</strong></span> <span class='ocrx_word' id='word_1_58' title='bbox 1238 1303 1459 1408; x_wconf 88' lang='lat' dir='ltr'><strong>reeepcione</strong></span> <span class='ocrx_word' id='word_1_59' title='bbox 1484 1330 1562 1380; x_wconf 91' lang='lat' dir='ltr'><strong>non</strong></span> <span class='ocrx_word' id='word_1_60' title='bbox 1586 1301 1793 1382; x_wconf 84' lang='lat' dir='ltr'><strong>intervene-</strong></span> 
     </span>
     <span class='ocr_line' id='line_1_8' title="bbox 365 1429 1792 1536; baseline 0.001 -28"><span class='ocrx_word' id='word_1_61' title='bbox 365 1447 455 1508; x_wconf 90' lang='lat' dir='ltr'><strong>runt</strong></span> <span class='ocrx_word' id='word_1_62' title='bbox 469 1431 569 1509; x_wconf 89' lang='lat' dir='ltr'><strong>dicta</strong></span> <span class='ocrx_word' id='word_1_63' title='bbox 588 1430 720 1508; x_wconf 86' lang='lat' dir='ltr'><strong>illicita</strong></span> <span class='ocrx_word' id='word_1_64' title='bbox 737 1429 796 1508; x_wconf 91' lang='lat' dir='ltr'><strong>vel</strong></span> <span class='ocrx_word' id='word_1_65' title='bbox 808 1429 898 1520; x_wconf 92' lang='lat' dir='ltr'><strong>alia,</strong></span> <span class='ocrx_word' id='word_1_66' title='bbox 916 1429 1023 1536; x_wconf 87' lang='lat' dir='ltr'><strong>quia,</strong></span> <span class='ocrx_word' id='word_1_67' title='bbox 1041 1429 1133 1508; x_wconf 90' lang='lat' dir='ltr'><strong>dum</strong></span> <span class='ocrx_word' id='word_1_68' title='bbox 1150 1430 1417 1536; x_wconf 77' lang='lat' dir='ltr'><strong>recipiebatur,</strong></span> <span class='ocrx_word' id='word_1_69' title='bbox 1434 1431 1507 1509; x_wconf 84' lang='lat' dir='ltr'><strong>fuit</strong></span> <span class='ocrx_word' id='word_1_70' title='bbox 1521 1431 1724 1510; x_wconf 85' lang='lat' dir='ltr'><strong>clamatum</strong></span> <span class='ocrx_word' id='word_1_71' title='bbox 1743 1433 1792 1511; x_wconf 90' lang='lat' dir='ltr'><strong>ad</strong></span> 
     </span>
     <span class='ocr_line' id='line_1_9' title="bbox 366 1545 1792 1669; baseline 0.001 -31"><span class='ocrx_word' id='word_1_72' title='bbox 366 1589 485 1652; x_wconf 87' lang='lat' dir='ltr'><strong>arma,</strong></span> <span class='ocrx_word' id='word_1_73' title='bbox 504 1549 658 1667; x_wconf 87' lang='lat' dir='ltr'><strong>propter</strong></span> <span class='ocrx_word' id='word_1_74' title='bbox 671 1559 857 1642; x_wconf 90' lang='lat' dir='ltr'><strong>insultum</strong></span> <span class='ocrx_word' id='word_1_75' title='bbox 873 1589 989 1669; x_wconf 90' lang='lat' dir='ltr'><strong>quem</strong></span> <span class='ocrx_word' id='word_1_76' title='bbox 1004 1545 1097 1639; x_wconf 85' lang='lat' dir='ltr'><strong>tunc</strong></span> <span class='ocrx_word' id='word_1_77' title='bbox 1111 1561 1306 1638; x_wconf 86' lang='lat' dir='ltr'><strong>Sarraceni</strong></span> <span class='ocrx_word' id='word_1_78' title='bbox 1321 1561 1488 1639; x_wconf 83' lang='lat' dir='ltr'><strong>fecerant</strong></span> <span class='ocrx_word' id='word_1_79' title='bbox 1507 1578 1635 1640; x_wconf 86' lang='lat' dir='ltr'><strong>contra</strong></span> <span class='ocrx_word' id='word_1_80' title='bbox 1655 1591 1736 1654; x_wconf 87' lang='lat' dir='ltr'><strong>eos,</strong></span> <span class='ocrx_word' id='word_1_81' title='bbox 1754 1581 1792 1641; x_wconf 91' lang='lat' dir='ltr'><strong>et</strong></span> 
     </span>
     <span class='ocr_line' id='line_1_10' title="bbox 366 1691 1793 1773; baseline 0.001 -3"><span class='ocrx_word' id='word_1_82' title='bbox 366 1692 463 1770; x_wconf 88' lang='lat' dir='ltr'><strong>dicta</strong></span> <span class='ocrx_word' id='word_1_83' title='bbox 485 1692 548 1770; x_wconf 92' lang='lat' dir='ltr'><strong>die</strong></span> <span class='ocrx_word' id='word_1_84' title='bbox 569 1708 608 1768; x_wconf 88' lang='lat' dir='ltr'><strong>et</strong></span> <span class='ocrx_word' id='word_1_85' title='bbox 626 1709 736 1770; x_wconf 90' lang='lat' dir='ltr'><strong>nocte</strong></span> <span class='ocrx_word' id='word_1_86' title='bbox 755 1692 912 1770; x_wconf 83' lang='lat' dir='ltr'><strong>fuerunt</strong></span> <span class='ocrx_word' id='word_1_87' title='bbox 931 1692 971 1768; x_wconf 92' lang='lat' dir='ltr'><strong>in</strong></span> <span class='ocrx_word' id='word_1_88' title='bbox 991 1691 1171 1770; x_wconf 80' lang='lat' dir='ltr'><strong>exercicio</strong></span> <span class='ocrx_word' id='word_1_89' title='bbox 1196 1720 1389 1770; x_wconf 87' lang='lat' dir='ltr'><strong>armorum</strong></span> <span class='ocrx_word' id='word_1_90' title='bbox 1412 1709 1541 1770; x_wconf 90' lang='lat' dir='ltr'><strong>contra</strong></span> <span class='ocrx_word' id='word_1_91' title='bbox 1565 1691 1685 1772; x_wconf 90' lang='lat' dir='ltr'><strong>dictos</strong></span> <span class='ocrx_word' id='word_1_92' title='bbox 1709 1694 1793 1773; x_wconf 89' lang='lat' dir='ltr'><strong>Sar-</strong></span> 
     </span>
     <span class='ocr_line' id='line_1_11' title="bbox 366 1820 1788 1928; baseline 0.001 -30"><span class='ocrx_word' id='word_1_93' title='bbox 366 1849 539 1912; x_wconf 88' lang='lat' dir='ltr'><strong>racenos,</strong></span> <span class='ocrx_word' id='word_1_94' title='bbox 565 1838 604 1900; x_wconf 87' lang='lat' dir='ltr'><strong>et</strong></span> <span class='ocrx_word' id='word_1_95' title='bbox 621 1821 741 1900; x_wconf 88' lang='lat' dir='ltr'><strong>credit</strong></span> <span class='ocrx_word' id='word_1_96' title='bbox 760 1821 880 1928; x_wconf 93' lang='lat' dir='ltr'><strong>quod,</strong></span> <span class='ocrx_word' id='word_1_97' title='bbox 902 1821 975 1898; x_wconf 92' lang='lat' dir='ltr'><strong>nisi</strong></span> <span class='ocrx_word' id='word_1_98' title='bbox 998 1821 1146 1898; x_wconf 88' lang='lat' dir='ltr'><strong>dictum</strong></span> <span class='ocrx_word' id='word_1_99' title='bbox 1167 1820 1484 1927; x_wconf 77' lang='lat' dir='ltr'><strong>impedimentum</strong></span> <span class='ocrx_word' id='word_1_100' title='bbox 1512 1823 1788 1912; x_wconf 84' lang='lat' dir='ltr'><strong>intervenisset,</strong></span> 
     </span>
     <span class='ocr_line' id='line_1_12' title="bbox 365 1949 1793 2058; baseline 0.001 -30"><span class='ocrx_word' id='word_1_101' title='bbox 365 1951 498 2030; x_wconf 85' lang='lat' dir='ltr'><strong>fuisset</strong></span> <span class='ocrx_word' id='word_1_102' title='bbox 515 1967 737 2058; x_wconf 86' lang='lat' dir='ltr'><strong>preceptum</strong></span> <span class='ocrx_word' id='word_1_103' title='bbox 757 1949 882 2026; x_wconf 88' lang='lat' dir='ltr'><strong>eidem</strong></span> <span class='ocrx_word' id='word_1_104' title='bbox 902 1949 1110 2029; x_wconf 88' lang='lat' dir='ltr'><strong>Bertrando</strong></span> <span class='ocrx_word' id='word_1_105' title='bbox 1125 1950 1231 2057; x_wconf 91' lang='lat' dir='ltr'><strong>quod</strong></span> <span class='ocrx_word' id='word_1_106' title='bbox 1247 1969 1401 2056; x_wconf 86' lang='lat' dir='ltr'><strong>spueret</strong></span> <span class='ocrx_word' id='word_1_107' title='bbox 1418 1979 1533 2056; x_wconf 87' lang='lat' dir='ltr'><strong>super</strong></span> <span class='ocrx_word' id='word_1_108' title='bbox 1552 1979 1721 2041; x_wconf 82' lang='lat' dir='ltr'><strong>crvscem,</strong></span> <span class='ocrx_word' id='word_1_109' title='bbox 1744 1953 1793 2030; x_wconf 92' lang='lat' dir='ltr'><strong>si·</strong></span> 
     </span>
     <span class='ocr_line' id='line_1_13' title="bbox 367 2078 1792 2187; baseline 0.002 -29"><span class='ocrx_word' id='word_1_110' title='bbox 367 2099 431 2158; x_wconf 92' lang='lat' dir='ltr'><strong>cut</strong></span> <span class='ocrx_word' id='word_1_111' title='bbox 448 2097 668 2187; x_wconf 91' lang='lat' dir='ltr'><strong>preceptum</strong></span> <span class='ocrx_word' id='word_1_112' title='bbox 693 2078 815 2156; x_wconf 83' lang='lat' dir='ltr'><strong>luerat</strong></span> <span class='ocrx_word' id='word_1_113' title='bbox 833 2078 905 2186; x_wconf 89' lang='lat' dir='ltr'><strong>ipsi</strong></span> <span class='ocrx_word' id='word_1_114' title='bbox 927 2080 1032 2168; x_wconf 91' lang='lat' dir='ltr'><strong>testi,</strong></span> <span class='ocrx_word' id='word_1_115' title='bbox 1062 2097 1101 2158; x_wconf 92' lang='lat' dir='ltr'><strong>et</strong></span> <span class='ocrx_word' id='word_1_116' title='bbox 1127 2080 1231 2158; x_wconf 89' lang='lat' dir='ltr'><strong>idern</strong></span> <span class='ocrx_word' id='word_1_117' title='bbox 1257 2080 1378 2158; x_wconf 88' lang='lat' dir='ltr'><strong>credit</strong></span> <span class='ocrx_word' id='word_1_118' title='bbox 1403 2080 1509 2186; x_wconf 91' lang='lat' dir='ltr'><strong>quod</strong></span> <span class='ocrx_word' id='word_1_119' title='bbox 1533 2080 1792 2187; x_wconf 89' lang='lat' dir='ltr'><strong>preciperetur</strong></span> 
     </span>
     <span class='ocr_line' id='line_1_14' title="bbox 367 2208 1792 2316; baseline 0.001 -27"><span class='ocrx_word' id='word_1_120' title='bbox 367 2211 546 2290; x_wconf 91' lang='lat' dir='ltr'><strong>omnibus</strong></span> <span class='ocrx_word' id='word_1_121' title='bbox 564 2210 648 2287; x_wconf 88' lang='lat' dir='ltr'><strong>aliis</strong></span> <span class='ocrx_word' id='word_1_122' title='bbox 667 2208 844 2288; x_wconf 83' lang='lat' dir='ltr'><strong>fratribus</strong></span> <span class='ocrx_word' id='word_1_123' title='bbox 864 2209 903 2286; x_wconf 91' lang='lat' dir='ltr'><strong>in</strong></span> <span class='ocrx_word' id='word_1_124' title='bbox 922 2209 1207 2316; x_wconf 83' lang='lat' dir='ltr'><strong>reeepcionibus</strong></span> <span class='ocrx_word' id='word_1_125' title='bbox 1227 2209 1473 2298; x_wconf 74' lang='lat' dir='ltr'><strong>eorumdem,</strong></span> <span class='ocrx_word' id='word_1_126' title='bbox 1493 2208 1566 2287; x_wconf 94' lang='lat' dir='ltr'><strong>boc</strong></span> <span class='ocrx_word' id='word_1_127' title='bbox 1584 2225 1710 2287; x_wconf 87' lang='lat' dir='ltr'><strong>tamen</strong></span> <span class='ocrx_word' id='word_1_128' title='bbox 1726 2212 1792 2290; x_wconf 87' lang='lat' dir='ltr'><strong>ali-</strong></span> 
     </span>
     <span class='ocr_line' id='line_1_15' title="bbox 366 2337 1792 2448; baseline -0.001 -28"><span class='ocrx_word' id='word_1_129' title='bbox 366 2357 425 2420; x_wconf 90' lang='lat' dir='ltr'><strong>ter</strong></span> <span class='ocrx_word' id='word_1_130' title='bbox 444 2342 580 2429; x_wconf 88' lang='lat' dir='ltr'><strong>nescit,</strong></span> <span class='ocrx_word' id='word_1_131' title='bbox 603 2369 672 2418; x_wconf 90' lang='lat' dir='ltr'><strong>neo</strong></span> <span class='ocrx_word' id='word_1_132' title='bbox 692 2339 811 2417; x_wconf 91' lang='lat' dir='ltr'><strong>credit</strong></span> <span class='ocrx_word' id='word_1_133' title='bbox 828 2339 937 2447; x_wconf 91' lang='lat' dir='ltr'><strong>quod</strong></span> <span class='ocrx_word' id='word_1_134' title='bbox 956 2339 1028 2418; x_wconf 85' lang='lat' dir='ltr'><strong>alia</strong></span> <span class='ocrx_word' id='word_1_135' title='bbox 1048 2338 1178 2418; x_wconf 91' lang='lat' dir='ltr'><strong>illicita</strong></span> <span class='ocrx_word' id='word_1_136' title='bbox 1198 2338 1466 2418; x_wconf 87' lang='lat' dir='ltr'><strong>intervenirent</strong></span> <span class='ocrx_word' id='word_1_137' title='bbox 1482 2337 1523 2414; x_wconf 93' lang='lat' dir='ltr'><strong>in</strong></span> <span class='ocrx_word' id='word_1_138' title='bbox 1540 2338 1649 2416; x_wconf 88' lang='lat' dir='ltr'><strong>dictis</strong></span> <span class='ocrx_word' id='word_1_139' title='bbox 1668 2367 1792 2448; x_wconf 85' lang='lat' dir='ltr'><strong>recep</strong></span> 
     </span>
     <span class='ocr_line' id='line_1_16' title="bbox 367 2467 1789 2576; baseline -0.001 -29"><span class='ocrx_word' id='word_1_140' title='bbox 367 2471 538 2550; x_wconf 89' lang='lat' dir='ltr'><strong>cionibus</strong></span> <span class='ocrx_word' id='word_1_141' title='bbox 553 2470 713 2548; x_wconf 89' lang='lat' dir='ltr'><strong>aliorum</strong></span> <span class='ocrx_word' id='word_1_142' title='bbox 730 2468 789 2547; x_wconf 89' lang='lat' dir='ltr'><strong>vel</strong></span> <span class='ocrx_word' id='word_1_143' title='bbox 803 2486 900 2576; x_wconf 91' lang='lat' dir='ltr'><strong>post.</strong></span> <span class='ocrx_word' id='word_1_144' title='bbox 917 2468 1071 2547; x_wconf 88' lang='lat' dir='ltr'><strong>Audivit</strong></span> <span class='ocrx_word' id='word_1_145' title='bbox 1088 2487 1217 2548; x_wconf 84' lang='lat' dir='ltr'><strong>tamen</strong></span> <span class='ocrx_word' id='word_1_146' title='bbox 1237 2467 1456 2575; x_wconf 82' lang='lat' dir='ltr'><strong>frequenter</strong></span> <span class='ocrx_word' id='word_1_147' title='bbox 1466 2467 1699 2575; x_wconf 87' lang='lat' dir='ltr'><strong>inproperari</strong></span> <span class='ocrx_word' id='word_1_148' title='bbox 1718 2469 1789 2549; x_wconf 90' lang='lat' dir='ltr'><strong>sibi</strong></span> 
     </span>
     <span class='ocr_line' id='line_1_17' title="bbox 367 2596 1791 2707; baseline -0.001 -29"><span class='ocrx_word' id='word_1_149' title='bbox 367 2616 405 2678; x_wconf 84' lang='lat' dir='ltr'><strong>et</strong></span> <span class='ocrx_word' id='word_1_150' title='bbox 423 2598 505 2678; x_wconf 87' lang='lat' dir='ltr'><strong>aliis</strong></span> <span class='ocrx_word' id='word_1_151' title='bbox 526 2599 702 2677; x_wconf 81' lang='lat' dir='ltr'><strong>iratribus</strong></span> <span class='ocrx_word' id='word_1_152' title='bbox 725 2597 870 2677; x_wconf 86' lang='lat' dir='ltr'><strong>ordinis</strong></span> <span class='ocrx_word' id='word_1_153' title='bbox 888 2597 1017 2707; x_wconf 88' lang='lat' dir='ltr'><strong>jocose</strong></span> <span class='ocrx_word' id='word_1_154' title='bbox 1037 2597 1084 2676; x_wconf 88' lang='lat' dir='ltr'><strong>ab</strong></span> <span class='ocrx_word' id='word_1_155' title='bbox 1104 2597 1360 2704; x_wconf 87' lang='lat' dir='ltr'><strong>Hospitslariis</strong></span> <span class='ocrx_word' id='word_1_156' title='bbox 1384 2596 1491 2704; x_wconf 90' lang='lat' dir='ltr'><strong>quod</strong></span> <span class='ocrx_word' id='word_1_157' title='bbox 1510 2596 1550 2674; x_wconf 91' lang='lat' dir='ltr'><strong>in</strong></span> <span class='ocrx_word' id='word_1_158' title='bbox 1575 2625 1707 2674; x_wconf 89' lang='lat' dir='ltr'><strong>eorum</strong></span> <span class='ocrx_word' id='word_1_159' title='bbox 1732 2628 1791 2676; x_wconf 91' lang='lat' dir='ltr'><strong>re-</strong></span> 
     </span>
     <span class='ocr_line' id='line_1_18' title="bbox 366 2727 1792 2837; baseline -0.001 -29"><span class='ocrx_word' id='word_1_160' title='bbox 366 2730 609 2837; x_wconf 89' lang='lat' dir='ltr'><strong>cepcionibus</strong></span> <span class='ocrx_word' id='word_1_161' title='bbox 624 2729 892 2808; x_wconf 81' lang='lat' dir='ltr'><strong>osculabantur</strong></span> <span class='ocrx_word' id='word_1_162' title='bbox 904 2747 1052 2808; x_wconf 86' lang='lat' dir='ltr'><strong>tantum</strong></span> <span class='ocrx_word' id='word_1_163' title='bbox 1067 2729 1108 2806; x_wconf 93' lang='lat' dir='ltr'><strong>in</strong></span> <span class='ocrx_word' id='word_1_164' title='bbox 1122 2756 1207 2809; x_wconf 89' lang='lat' dir='ltr'><strong>ano.</strong></span> <span class='ocrx_word' id='word_1_165' title='bbox 1227 2729 1344 2816; x_wconf 90' lang='lat' dir='ltr'><strong>Item,</strong></span> <span class='ocrx_word' id='word_1_166' title='bbox 1366 2727 1460 2805; x_wconf 81' lang='lat' dir='ltr'><strong>dixit</strong></span> <span class='ocrx_word' id='word_1_167' title='bbox 1474 2728 1580 2835; x_wconf 93' lang='lat' dir='ltr'><strong>quod</strong></span> <span class='ocrx_word' id='word_1_168' title='bbox 1595 2727 1693 2806; x_wconf 90' lang='lat' dir='ltr'><strong>bene</strong></span> <span class='ocrx_word' id='word_1_169' title='bbox 1713 2758 1792 2807; x_wconf 87' lang='lat' dir='ltr'><strong>cre-</strong></span> 
     </span>
     <span class='ocr_line' id='line_1_19' title="bbox 364 2855 1790 2966; baseline -0.001 -26"><span class='ocrx_word' id='word_1_170' title='bbox 364 2862 481 2941; x_wconf 90' lang='lat' dir='ltr'><strong>debat</strong></span> <span class='ocrx_word' id='word_1_171' title='bbox 507 2861 762 2940; x_wconf 86' lang='lat' dir='ltr'><strong>ecclesiasticis</strong></span> <span class='ocrx_word' id='word_1_172' title='bbox 790 2861 1048 2950; x_wconf 87' lang='lat' dir='ltr'><strong>sacramentis,</strong></span> <span class='ocrx_word' id='word_1_173' title='bbox 1080 2859 1238 2938; x_wconf 90' lang='lat' dir='ltr'><strong>credens</strong></span> <span class='ocrx_word' id='word_1_174' title='bbox 1267 2859 1372 2966; x_wconf 89' lang='lat' dir='ltr'><strong>quod</strong></span> <span class='ocrx_word' id='word_1_175' title='bbox 1400 2858 1462 2936; x_wconf 90' lang='lat' dir='ltr'><strong>alii</strong></span> <span class='ocrx_word' id='word_1_176' title='bbox 1488 2855 1619 2936; x_wconf 84' lang='lat' dir='ltr'><strong>fratres</strong></span> <span class='ocrx_word' id='word_1_177' title='bbox 1646 2860 1790 2938; x_wconf 88' lang='lat' dir='ltr'><strong>ordinis</strong></span> 
     </span>
     <span class='ocr_line' id='line_1_20' title="bbox 366 2989 1792 3097; baseline 0 -27"><span class='ocrx_word' id='word_1_178' title='bbox 366 2992 503 3070; x_wconf 90' lang='lat' dir='ltr'><strong>eodem</strong></span> <span class='ocrx_word' id='word_1_179' title='bbox 524 2993 640 3070; x_wconf 89' lang='lat' dir='ltr'><strong>modo</strong></span> <span class='ocrx_word' id='word_1_180' title='bbox 665 2992 880 3082; x_wconf 88' lang='lat' dir='ltr'><strong>crederent,</strong></span> <span class='ocrx_word' id='word_1_181' title='bbox 905 3009 942 3070; x_wconf 89' lang='lat' dir='ltr'><strong>et</strong></span> <span class='ocrx_word' id='word_1_182' title='bbox 960 2992 1067 3097; x_wconf 88' lang='lat' dir='ltr'><strong>quod</strong></span> <span class='ocrx_word' id='word_1_183' title='bbox 1094 3020 1227 3069; x_wconf 87' lang='lat' dir='ltr'><strong>eorum</strong></span> <span class='ocrx_word' id='word_1_184' title='bbox 1250 2989 1462 3070; x_wconf 88' lang='lat' dir='ltr'><strong>sacerdotes</strong></span> <span class='ocrx_word' id='word_1_185' title='bbox 1480 2989 1608 3068; x_wconf 90' lang='lat' dir='ltr'><strong>debite</strong></span> <span class='ocrx_word' id='word_1_186' title='bbox 1628 2990 1792 3070; x_wconf 87' lang='lat' dir='ltr'><strong>celebra-</strong></span> 
     </span>
     <span class='ocr_line' id='line_1_21' title="bbox 365 3117 1791 3227; baseline 0.001 -32"><span class='ocrx_word' id='word_1_187' title='bbox 365 3135 462 3196; x_wconf 88' lang='lat' dir='ltr'><strong>rent.</strong></span> <span class='ocrx_word' id='word_1_188' title='bbox 486 3117 529 3194; x_wconf 90' lang='lat' dir='ltr'><strong>ln</strong></span> <span class='ocrx_word' id='word_1_189' title='bbox 548 3118 884 3199; x_wconf 85' lang='lat' dir='ltr'><strong>terminacionibus</strong></span> <span class='ocrx_word' id='word_1_190' title='bbox 903 3118 1191 3227; x_wconf 87' lang='lat' dir='ltr'><strong>capituliorum,</strong></span> <span class='ocrx_word' id='word_1_191' title='bbox 1214 3120 1299 3197; x_wconf 89' lang='lat' dir='ltr'><strong>laici</strong></span> <span class='ocrx_word' id='word_1_192' title='bbox 1317 3120 1383 3227; x_wconf 89' lang='lat' dir='ltr'><strong>qui</strong></span> <span class='ocrx_word' id='word_1_193' title='bbox 1404 3149 1446 3196; x_wconf 89' lang='lat' dir='ltr'><strong>ea</strong></span> <span class='ocrx_word' id='word_1_194' title='bbox 1466 3118 1645 3197; x_wconf 90' lang='lat' dir='ltr'><strong>tenebant</strong></span> <span class='ocrx_word' id='word_1_195' title='bbox 1663 3122 1791 3198; x_wconf 91' lang='lat' dir='ltr'><strong>remit-</strong></span> 
     </span>
     <span class='ocr_line' id='line_1_22' title="bbox 363 3245 1791 3357; baseline 0.001 -31"><span class='ocrx_word' id='word_1_196' title='bbox 363 3247 495 3326; x_wconf 88' lang='lat' dir='ltr'><strong>tebant</strong></span> <span class='ocrx_word' id='word_1_197' title='bbox 511 3245 705 3337; x_wconf 82' lang='lat' dir='ltr'><strong>fratribus,</strong></span> <span class='ocrx_word' id='word_1_198' title='bbox 726 3278 770 3326; x_wconf 85' lang='lat' dir='ltr'><strong>ex</strong></span> <span class='ocrx_word' id='word_1_199' title='bbox 784 3265 968 3356; x_wconf 85' lang='lat' dir='ltr'><strong>potestate</strong></span> <span class='ocrx_word' id='word_1_200' title='bbox 984 3277 1098 3354; x_wconf 88' lang='lat' dir='ltr'><strong>quam</strong></span> <span class='ocrx_word' id='word_1_201' title='bbox 1115 3248 1305 3326; x_wconf 83' lang='lat' dir='ltr'><strong>habebant</strong></span> <span class='ocrx_word' id='word_1_202' title='bbox 1319 3279 1340 3327; x_wconf 88' lang='lat' dir='ltr'><strong>a</strong></span> <span class='ocrx_word' id='word_1_203' title='bbox 1354 3249 1551 3357; x_wconf 88' lang='lat' dir='ltr'><strong>Magistro,</strong></span> <span class='ocrx_word' id='word_1_204' title='bbox 1569 3248 1791 3328; x_wconf 89' lang='lat' dir='ltr'><strong>inobedien-</strong></span> 
     </span>
     <span class='ocr_line' id='line_1_23' title="bbox 365 3375 1791 3486; baseline 0.001 -30"><span class='ocrx_word' id='word_1_205' title='bbox 365 3379 439 3456; x_wconf 91' lang='lat' dir='ltr'><strong>cias</strong></span> <span class='ocrx_word' id='word_1_206' title='bbox 460 3405 612 3466; x_wconf 88' lang='lat' dir='ltr'><strong>eorum,</strong></span> <span class='ocrx_word' id='word_1_207' title='bbox 636 3396 674 3457; x_wconf 92' lang='lat' dir='ltr'><strong>et</strong></span> <span class='ocrx_word' id='word_1_208' title='bbox 692 3376 950 3484; x_wconf 81' lang='lat' dir='ltr'><strong>proripiebant</strong></span> <span class='ocrx_word' id='word_1_209' title='bbox 968 3377 1074 3484; x_wconf 90' lang='lat' dir='ltr'><strong>quod</strong></span> <span class='ocrx_word' id='word_1_210' title='bbox 1101 3378 1149 3456; x_wconf 90' lang='lat' dir='ltr'><strong>de</strong></span> <span class='ocrx_word' id='word_1_211' title='bbox 1175 3378 1335 3486; x_wconf 88' lang='lat' dir='ltr'><strong>peccatis</strong></span> <span class='ocrx_word' id='word_1_212' title='bbox 1363 3406 1496 3456; x_wconf 91' lang='lat' dir='ltr'><strong>eorum</strong></span> <span class='ocrx_word' id='word_1_213' title='bbox 1521 3375 1791 3458; x_wconf 86' lang='lat' dir='ltr'><strong>confiterentur</strong></span> 
     </span>
     <span class='ocr_line' id='line_1_24' title="bbox 365 3506 1788 3614; baseline 0 -28"><span class='ocrx_word' id='word_1_214' title='bbox 365 3507 623 3588; x_wconf 85' lang='lat' dir='ltr'><strong>sacerdotibus</strong></span> <span class='ocrx_word' id='word_1_215' title='bbox 650 3507 813 3593; x_wconf 89' lang='lat' dir='ltr'><strong>ordinis,</strong></span> <span class='ocrx_word' id='word_1_216' title='bbox 842 3507 907 3614; x_wconf 92' lang='lat' dir='ltr'><strong>qui</strong></span> <span class='ocrx_word' id='word_1_217' title='bbox 931 3506 1121 3585; x_wconf 85' lang='lat' dir='ltr'><strong>habebant</strong></span> <span class='ocrx_word' id='word_1_218' title='bbox 1144 3535 1258 3614; x_wconf 90' lang='lat' dir='ltr'><strong>super</strong></span> <span class='ocrx_word' id='word_1_219' title='bbox 1278 3535 1343 3586; x_wconf 91' lang='lat' dir='ltr'><strong>eos</strong></span> <span class='ocrx_word' id='word_1_220' title='bbox 1362 3507 1544 3614; x_wconf 85' lang='lat' dir='ltr'><strong>majorem</strong></span> <span class='ocrx_word' id='word_1_221' title='bbox 1564 3523 1788 3612; x_wconf 90' lang='lat' dir='ltr'><strong>potestatem</strong></span> 
     </span>
     <span class='ocr_line' id='line_1_25' title="bbox 364 3634 1789 3746; baseline 0 -30"><span class='ocrx_word' id='word_1_222' title='bbox 364 3667 480 3746; x_wconf 79' lang='lat' dir='ltr'><strong>qtram</strong></span> <span class='ocrx_word' id='word_1_223' title='bbox 501 3637 580 3730; x_wconf 85' lang='lat' dir='ltr'><strong>alii,</strong></span> <span class='ocrx_word' id='word_1_224' title='bbox 603 3636 661 3715; x_wconf 92' lang='lat' dir='ltr'><strong>vel</strong></span> <span class='ocrx_word' id='word_1_225' title='bbox 680 3636 763 3714; x_wconf 89' lang='lat' dir='ltr'><strong>aliis</strong></span> <span class='ocrx_word' id='word_1_226' title='bbox 781 3636 966 3746; x_wconf 83' lang='lat' dir='ltr'><strong>religiosis</strong></span> <span class='ocrx_word' id='word_1_227' title='bbox 985 3653 1049 3714; x_wconf 88' lang='lat' dir='ltr'><strong>aut</strong></span> <span class='ocrx_word' id='word_1_228' title='bbox 1068 3636 1309 3716; x_wconf 86' lang='lat' dir='ltr'><strong>secularibus.</strong></span> <span class='ocrx_word' id='word_1_229' title='bbox 1340 3634 1596 3714; x_wconf 89' lang='lat' dir='ltr'><strong>Promitebant</strong></span> <span class='ocrx_word' id='word_1_230' title='bbox 1615 3638 1789 3716; x_wconf 88' lang='lat' dir='ltr'><strong>ordinem</strong></span> 
     </span>
     <span class='ocr_line' id='line_1_26' title="bbox 364 3755 1791 3874; baseline -0.001 -28"><span class='ocrx_word' id='word_1_231' title='bbox 364 3796 443 3846; x_wconf 90' lang='lat' dir='ltr'><strong>non</strong></span> <span class='ocrx_word' id='word_1_232' title='bbox 463 3769 574 3846; x_wconf 84' lang='lat' dir='ltr'><strong>exire.</strong></span> <span class='ocrx_word' id='word_1_233' title='bbox 597 3767 731 3846; x_wconf 89' lang='lat' dir='ltr'><strong>Statim</strong></span> <span class='ocrx_word' id='word_1_234' title='bbox 750 3795 819 3873; x_wconf 93' lang='lat' dir='ltr'><strong>pro</strong></span> <span class='ocrx_word' id='word_1_235' title='bbox 838 3766 1016 3874; x_wconf 81' lang='lat' dir='ltr'><strong>professis</strong></span> <span class='ocrx_word' id='word_1_236' title='bbox 1032 3765 1282 3846; x_wconf 82' lang='lat' dir='ltr'><strong>habebantur.</strong></span> <span class='ocrx_word' id='word_1_237' title='bbox 1299 3765 1540 3846; x_wconf 85' lang='lat' dir='ltr'><strong>Clandestine</strong></span> <span class='ocrx_word' id='word_1_238' title='bbox 1559 3755 1791 3873; x_wconf 84' lang='lat' dir='ltr'><strong>recipieban-</strong></span> 
     </span>
     <span class='ocr_line' id='line_1_27' title="bbox 363 3895 1790 4004; baseline 0.001 -28"><span class='ocrx_word' id='word_1_239' title='bbox 363 3914 438 3987; x_wconf 86' lang='lat' dir='ltr'><strong>tur,</strong></span> <span class='ocrx_word' id='word_1_240' title='bbox 466 3898 582 3977; x_wconf 90' lang='lat' dir='ltr'><strong>nullis</strong></span> <span class='ocrx_word' id='word_1_241' title='bbox 607 3897 847 4004; x_wconf 87' lang='lat' dir='ltr'><strong>presentibus</strong></span> <span class='ocrx_word' id='word_1_242' title='bbox 873 3898 945 3976; x_wconf 91' lang='lat' dir='ltr'><strong>nisi</strong></span> <span class='ocrx_word' id='word_1_243' title='bbox 972 3896 1149 3976; x_wconf 82' lang='lat' dir='ltr'><strong>fratribus</strong></span> <span class='ocrx_word' id='word_1_244' title='bbox 1175 3897 1338 3988; x_wconf 86' lang='lat' dir='ltr'><strong>ordinis,</strong></span> <span class='ocrx_word' id='word_1_245' title='bbox 1368 3925 1412 3974; x_wconf 82' lang='lat' dir='ltr'><strong>ex</strong></span> <span class='ocrx_word' id='word_1_246' title='bbox 1438 3923 1516 4003; x_wconf 90' lang='lat' dir='ltr'><strong>quo</strong></span> <span class='ocrx_word' id='word_1_247' title='bbox 1544 3895 1663 3973; x_wconf 89' lang='lat' dir='ltr'><strong>credit</strong></span> <span class='ocrx_word' id='word_1_248' title='bbox 1684 3900 1790 4004; x_wconf 92' lang='lat' dir='ltr'><strong>quod</strong></span> 
     </span>
     <span class='ocr_line' id='line_1_28' title="bbox 316 4025 1791 4136; baseline 0 -30"><span class='ocrx_word' id='word_1_249' title='bbox 316 4037 319 4042; x_wconf 83' lang='lat'>&#39;</span> <span class='ocrx_word' id='word_1_250' title='bbox 364 4046 463 4106; x_wconf 88' lang='lat' dir='ltr'><strong>esset</strong></span> <span class='ocrx_word' id='word_1_251' title='bbox 483 4027 646 4134; x_wconf 90' lang='lat' dir='ltr'><strong>suspicio</strong></span> <span class='ocrx_word' id='word_1_252' title='bbox 673 4045 802 4106; x_wconf 88' lang='lat' dir='ltr'><strong>contra</strong></span> <span class='ocrx_word' id='word_1_253' title='bbox 827 4056 903 4106; x_wconf 90' lang='lat' dir='ltr'><strong>eos.</strong></span> <span class='ocrx_word' id='word_1_254' title='bbox 933 4027 1111 4106; x_wconf 91' lang='lat' dir='ltr'><strong>Cordulis</strong></span> <span class='ocrx_word' id='word_1_255' title='bbox 1129 4028 1235 4106; x_wconf 92' lang='lat' dir='ltr'><strong>unde</strong></span> <span class='ocrx_word' id='word_1_256' title='bbox 1252 4027 1431 4108; x_wconf 86' lang='lat' dir='ltr'><strong>volebant</strong></span> <span class='ocrx_word' id='word_1_257' title='bbox 1448 4025 1648 4132; x_wconf 83' lang='lat' dir='ltr'><strong>assumptis</strong></span> <span class='ocrx_word' id='word_1_258' title='bbox 1666 4027 1791 4136; x_wconf 88' lang='lat' dir='ltr'><strong>cinge-</strong></span> 
     </span>
     <span class='ocr_line' id='line_1_29' title="bbox 362 4155 1791 4266; baseline 0.001 -30"><span class='ocrx_word' id='word_1_259' title='bbox 362 4155 501 4237; x_wconf 81' lang='lat' dir='ltr'><strong>bantur</strong></span> <span class='ocrx_word' id='word_1_260' title='bbox 519 4186 633 4266; x_wconf 89' lang='lat' dir='ltr'><strong>super</strong></span> <span class='ocrx_word' id='word_1_261' title='bbox 651 4158 820 4237; x_wconf 85' lang='lat' dir='ltr'><strong>camisias</strong></span> <span class='ocrx_word' id='word_1_262' title='bbox 834 4187 921 4236; x_wconf 91' lang='lat' dir='ltr'><strong>cum</strong></span> <span class='ocrx_word' id='word_1_263' title='bbox 936 4158 1078 4265; x_wconf 90' lang='lat' dir='ltr'><strong>quibus</strong></span> <span class='ocrx_word' id='word_1_264' title='bbox 1092 4157 1275 4264; x_wconf 84' lang='lat' dir='ltr'><strong>jacebant.</strong></span> <span class='ocrx_word' id='word_1_265' title='bbox 1296 4156 1563 4266; x_wconf 88' lang='lat' dir='ltr'><strong>lnjungabatur</strong></span> <span class='ocrx_word' id='word_1_266' title='bbox 1583 4155 1636 4233; x_wconf 88' lang='lat' dir='ltr'><strong>eis</strong></span> <span class='ocrx_word' id='word_1_267' title='bbox 1654 4187 1723 4266; x_wconf 89' lang='lat' dir='ltr'><strong>per</strong></span> <span class='ocrx_word' id='word_1_268' title='bbox 1738 4187 1791 4238; x_wconf 89' lang='lat' dir='ltr'><strong>sa·</strong></span> 
     </span>
     <span class='ocr_line' id='line_1_30' title="bbox 364 4288 1790 4396; baseline 0.002 -29"><span class='ocrx_word' id='word_1_269' title='bbox 364 4307 597 4370; x_wconf 81' lang='lat' dir='ltr'><strong>crumentum</strong></span> <span class='ocrx_word' id='word_1_270' title='bbox 617 4317 665 4366; x_wconf 89' lang='lat' dir='ltr'><strong>ne</strong></span> <span class='ocrx_word' id='word_1_271' title='bbox 685 4289 892 4368; x_wconf 90' lang='lat' dir='ltr'><strong>revelarent</strong></span> <span class='ocrx_word' id='word_1_272' title='bbox 905 4306 1047 4367; x_wconf 86' lang='lat' dir='ltr'><strong>secreta</strong></span> <span class='ocrx_word' id='word_1_273' title='bbox 1061 4289 1343 4396; x_wconf 90' lang='lat' dir='ltr'><strong>capituliorum,</strong></span> <span class='ocrx_word' id='word_1_274' title='bbox 1362 4289 1410 4366; x_wconf 93' lang='lat' dir='ltr'><strong>de</strong></span> <span class='ocrx_word' id='word_1_275' title='bbox 1429 4288 1544 4366; x_wconf 92' lang='lat' dir='ltr'><strong>modo</strong></span> <span class='ocrx_word' id='word_1_276' title='bbox 1560 4290 1790 4396; x_wconf 89' lang='lat' dir='ltr'><strong>reeepcionis</strong></span> 
     </span>
     <span class='ocr_line' id='line_1_31' title="bbox 363 4417 1788 4528; baseline -0.001 -27"><span class='ocrx_word' id='word_1_277' title='bbox 363 4426 402 4501; x_wconf 90' lang='lat' dir='ltr'><strong>in</strong></span> <span class='ocrx_word' id='word_1_278' title='bbox 418 4421 569 4528; x_wconf 87' lang='lat' dir='ltr'><strong>speciali</strong></span> <span class='ocrx_word' id='word_1_279' title='bbox 584 4448 662 4498; x_wconf 89' lang='lat' dir='ltr'><strong>non</strong></span> <span class='ocrx_word' id='word_1_280' title='bbox 678 4418 806 4497; x_wconf 87' lang='lat' dir='ltr'><strong>habita</strong></span> <span class='ocrx_word' id='word_1_281' title='bbox 819 4419 1038 4508; x_wconf 90' lang='lat' dir='ltr'><strong>mencione,</strong></span> <span class='ocrx_word' id='word_1_282' title='bbox 1055 4437 1094 4497; x_wconf 86' lang='lat' dir='ltr'><strong>et</strong></span> <span class='ocrx_word' id='word_1_283' title='bbox 1109 4419 1174 4526; x_wconf 91' lang='lat' dir='ltr'><strong>qui</strong></span> <span class='ocrx_word' id='word_1_284' title='bbox 1191 4447 1234 4496; x_wconf 88' lang='lat' dir='ltr'><strong>ea</strong></span> <span class='ocrx_word' id='word_1_285' title='bbox 1249 4418 1474 4498; x_wconf 89' lang='lat' dir='ltr'><strong>revelassent</strong></span> <span class='ocrx_word' id='word_1_286' title='bbox 1486 4417 1646 4525; x_wconf 86' lang='lat' dir='ltr'><strong>graviter</strong></span> <span class='ocrx_word' id='word_1_287' title='bbox 1665 4422 1788 4528; x_wconf 89' lang='lat' dir='ltr'><strong>puniti</strong></span> 
     </span>
     <span class='ocr_line' id='line_1_32' title="bbox 364 4547 1791 4660; baseline -0.001 -29"><span class='ocrx_word' id='word_1_288' title='bbox 364 4553 533 4631; x_wconf 82' lang='lat' dir='ltr'><strong>luissent.</strong></span> <span class='ocrx_word' id='word_1_289' title='bbox 548 4551 697 4628; x_wconf 87' lang='lat' dir='ltr'><strong>Fratres</strong></span> <span class='ocrx_word' id='word_1_290' title='bbox 716 4549 875 4628; x_wconf 88' lang='lat' dir='ltr'><strong>scientes</strong></span> <span class='ocrx_word' id='word_1_291' title='bbox 896 4577 1042 4628; x_wconf 88' lang='lat' dir='ltr'><strong>errores</strong></span> <span class='ocrx_word' id='word_1_292' title='bbox 1061 4549 1216 4628; x_wconf 79' lang='lat' dir='ltr'><strong>fuemus</strong></span> <span class='ocrx_word' id='word_1_293' title='bbox 1231 4549 1480 4660; x_wconf 85' lang='lat' dir='ltr'><strong>negligentes,</strong></span> <span class='ocrx_word' id='word_1_294' title='bbox 1503 4547 1689 4653; x_wconf 89' lang='lat' dir='ltr'><strong>quianon</strong></span> <span class='ocrx_word' id='word_1_295' title='bbox 1709 4579 1791 4630; x_wconf 93' lang='lat' dir='ltr'><strong>cor-</strong></span> 
     </span>
     <span class='ocr_line' id='line_1_33' title="bbox 364 4678 1790 4788; baseline 0 -28"><span class='ocrx_word' id='word_1_296' title='bbox 364 4699 627 4761; x_wconf 87' lang='lat' dir='ltr'><strong>rexerunteos</strong></span> <span class='ocrx_word' id='word_1_297' title='bbox 649 4709 719 4757; x_wconf 90' lang='lat' dir='ltr'><strong>nec</strong></span> <span class='ocrx_word' id='word_1_298' title='bbox 740 4679 1064 4758; x_wconf 89' lang='lat' dir='ltr'><strong>denunciaverunt</strong></span> <span class='ocrx_word' id='word_1_299' title='bbox 1088 4678 1264 4758; x_wconf 78' lang='lat' dir='ltr'><strong>Ecclesia.</strong></span> <span class='ocrx_word' id='word_1_300' title='bbox 1289 4678 1520 4758; x_wconf 89' lang='lat' dir='ltr'><strong>Elemosinas</strong></span> <span class='ocrx_word' id='word_1_301' title='bbox 1540 4693 1578 4755; x_wconf 93' lang='lat' dir='ltr'><strong>et</strong></span> <span class='ocrx_word' id='word_1_302' title='bbox 1596 4679 1790 4788; x_wconf 87' lang='lat' dir='ltr'><strong>hospitali-</strong></span> 
     </span>
    </p>
   </div>
   <div class='ocr_carea' id='block_1_3' title="bbox 365 4806 1789 5020">
    <p class='ocr_par' dir='ltr' id='par_1_3' title="bbox 365 4806 1789 5020">
     <span class='ocr_line' id='line_1_34' title="bbox 365 4806 1789 4920; baseline 0.001 -30"><span class='ocrx_word' id='word_1_303' title='bbox 365 4831 480 4892; x_wconf 87' lang='lat' dir='ltr'><strong>tatem</strong></span> <span class='ocrx_word' id='word_1_304' title='bbox 495 4812 589 4890; x_wconf 90' lang='lat' dir='ltr'><strong>vidit</strong></span> <span class='ocrx_word' id='word_1_305' title='bbox 604 4809 868 4889; x_wconf 88' lang='lat' dir='ltr'><strong>convenienter</strong></span> <span class='ocrx_word' id='word_1_306' title='bbox 882 4807 964 4888; x_wconf 86' lang='lat' dir='ltr'><strong>lieri</strong></span> <span class='ocrx_word' id='word_1_307' title='bbox 980 4827 1019 4888; x_wconf 92' lang='lat' dir='ltr'><strong>et</strong></span> <span class='ocrx_word' id='word_1_308' title='bbox 1033 4809 1168 4891; x_wconf 89' lang='lat' dir='ltr'><strong>servari</strong></span> <span class='ocrx_word' id='word_1_309' title='bbox 1183 4809 1224 4888; x_wconf 92' lang='lat' dir='ltr'><strong>in</strong></span> <span class='ocrx_word' id='word_1_310' title='bbox 1239 4810 1419 4890; x_wconf 90' lang='lat' dir='ltr'><strong>domibus</strong></span> <span class='ocrx_word' id='word_1_311' title='bbox 1435 4806 1578 4888; x_wconf 90' lang='lat' dir='ltr'><strong>ordinis</strong></span> <span class='ocrx_word' id='word_1_312' title='bbox 1592 4810 1632 4888; x_wconf 92' lang='lat' dir='ltr'><strong>in</strong></span> <span class='ocrx_word' id='word_1_313' title='bbox 1649 4812 1789 4920; x_wconf 86' lang='lat' dir='ltr'><strong>quibus</strong></span> 
     </span>
     <span class='ocr_line' id='line_1_35' title="bbox 451 4946 1641 5020; baseline 0 -8"><span class='ocrx_word' id='word_1_314' title='bbox 451 4946 557 5012; x_wconf 65' lang='lat' dir='ltr'><strong>rsoc‘u</strong></span> <span class='ocrx_word' id='word_1_315' title='bbox 578 4969 629 5012; x_wconf 84' lang='lat' dir='ltr'><strong>oss</strong></span> <span class='ocrx_word' id='word_1_316' title='bbox 650 4963 916 5010; x_wconf 75' lang='lat' dir='ltr'><strong>ratramnus-rr.</strong></span> <span class='ocrx_word' id='word_1_317' title='bbox 1109 4995 1112 5002; x_wconf 67' lang='lat'><strong>.</strong></span> <span class='ocrx_word' id='word_1_318' title='bbox 1513 5015 1516 5020; x_wconf 71' lang='grc'>,</span> <span class='ocrx_word' id='word_1_319' title='bbox 1601 4969 1641 5012; x_wconf 82' lang='lat' dir='ltr'><strong>ao</strong></span> 
     </span>
    </p>
   </div>
   <div class='ocr_carea' id='block_1_4' title="bbox 0 0 2248 5890">
    <p class='ocr_par' dir='ltr' id='par_1_4' title="bbox 0 0 2248 5890">
     <span class='ocr_line' id='line_1_36' title="bbox 0 0 2248 5890; baseline 0 0"><span class='ocrx_word' id='word_1_320' title='bbox 0 0 2248 5890; x_wconf 95' lang='lat' dir='ltr'><strong> </strong></span> 
     </span>
    </p>
   </div>
  </div>
 </body>
</html>
