4208 5886
699 482 896 582 puocha
927 503 1023 580 ons
1049 496 1352 580 rnurtrnns.
1666 511 1737 580 221

318 677 388 728 nec
403 643 587 724 audivisse
604 646 677 725 dici
693 650 741 727 de
758 649 943 727 contentis
959 649 998 724 in
1016 649 1069 726 eis
1086 647 1158 726 nisi
1172 649 1277 762 quod
1291 646 1474 754 sequitur.
1490 645 1591 725 Dixit
1606 674 1742 753 nempe

318 807 359 858 se
379 795 417 856 et
440 777 571 856 fratres
595 778 844 857 Amblardum
864 777 979 855 d'Aitz
1005 777 1279 856 Lemovieensis
1305 776 1485 863 diocesis,
1528 792 1678 882 captum
1703 779 1741 853 in

316 909 547 1017 Paganismo,
560 925 597 986 et
604 908 848 1016 hadulphum
861 908 909 985 de
922 907 1102 1014 Maynilio
1114 906 1432 986 Claromontensis
1447 905 1617 997 diocesis,
1629 935 1743 1012 quon-

318 1042 405 1118 dam
416 1039 567 1131 milites,
580 1056 617 1117 et
632 1041 843 1118 Johannem
855 1039 967 1118 Fabri
976 1037 1227 1144 presbiterum
1240 1038 1451 1144 quondam,
1466 1037 1742 1114 Lemovicensis

318 1171 497 1264 diocesis,
524 1171 637 1249 fuisse
661 1170 774 1248 simul
797 1187 968 1277 receptos
987 1170 1028 1247 in
1053 1169 1192 1276 capella
1212 1169 1351 1248 domus
1374 1167 1525 1274 Templi
1559 1167 1607 1244 de
1637 1167 1740 1246 Bella

317 1304 503 1382 Chassana
529 1304 804 1382 Lemovicensis
839 1302 1018 1393 diocesis,
1048 1329 1116 1408 per
1141 1299 1293 1378 fratrem
1321 1303 1552 1378 Franconem
1580 1299 1626 1376 de
1652 1301 1742 1378 Bort

316 1432 475 1514 militem
501 1434 712 1541 quondam,
736 1434 775 1509 in
794 1432 889 1510 festo
908 1431 1008 1509 beati
1029 1431 1179 1510 Martini
1199 1429 1355 1540 yemalis
1373 1430 1541 1536 proxime
1560 1431 1740 1535 preterito
1817 1517 1820 1522 ,

315 1563 470 1640 luerunt
483 1564 629 1640 circiter
643 1589 712 1644 xxv
731 1563 836 1654 anni,
856 1561 1093 1669 presentibus
1107 1559 1283 1638 fratribus
1299 1561 1469 1638 Johanne
1488 1561 1541 1638 las
1551 1560 1739 1640 Chassan-

316 1693 397 1784 das,
418 1693 591 1772 Dionisio
618 1693 665 1770 de
691 1693 848 1782 Castris,
871 1711 909 1770 et
926 1690 1100 1799 pluribus
1120 1689 1203 1769 aliis
1222 1719 1318 1796 quos
1338 1717 1470 1768 omnes
1490 1691 1583 1767 dixit
1602 1691 1738 1770 obiisse

315 1824 353 1899 in
373 1824 477 1900 hunc
492 1825 651 1900 modum
669 1853 677 1898 ε
693 1850 781 1900 nam
799 1852 886 1901 eum
904 1821 1075 1900 instructi
1092 1821 1139 1900 ab
1155 1821 1237 1898 aliis
1252 1820 1427 1900 fratribus
1441 1821 1735 1928 requisivissent,

315 1979 443 2030 amore
459 1953 553 2038 Dei,
576 1951 647 2029 sibi
669 1951 825 2029 concedi
845 1952 1081 2040 societatem,
1102 1936 1240 2057 panem
1262 1966 1300 2028 et
1319 1943 1470 2058 aquam,
1494 1969 1532 2028 et
1550 1952 1656 2056 quod
1680 1981 1737 2028 re-

316 2083 533 2188 ciperentur
550 2081 726 2160 insertos
740 2080 902 2158 esclavos
919 2080 1074 2171 ordinis,
1087 2097 1125 2156 et
1133 2080 1324 2186 jurassent
1338 2081 1443 2186 quod
1457 2108 1534 2158 non
1549 2081 1738 2158 habebant

313 2212 574 2291 infirmitatem
590 2210 789 2298 latentem,
811 2239 880 2288 nec
902 2229 1008 2289 erant
1025 2211 1132 2290 alteri
1147 2209 1319 2320 religioni
1337 2211 1395 2288 vel
1411 2211 1653 2288 matrimonio
1669 2239 1737 2288 nec

313 2343 452 2421 debitis
476 2370 550 2452 que
574 2369 652 2418 non
675 2359 829 2447 possent
852 2341 994 2420 solvere
1020 2340 1174 2448 obligati
1199 2367 1270 2418 nec
1294 2341 1622 2428 excommunicati,
1650 2337 1748 2420 fecit¹

313 2501 401 2550 eum
423 2500 555 2549 vovere
576 2488 615 2548 et
628 2472 756 2578 jurare
778 2471 1003 2560 castitatem,
1030 2469 1310 2562 obedienciam,
1331 2471 1452 2548 vivere
1477 2471 1558 2548 sine
1582 2473 1735 2578 proprio

313 2621 349 2680 et
374 2629 518 2680 servare
544 2601 841 2680 consuetudines
862 2602 1025 2689 ordinis,
1054 2618 1093 2679 et
1116 2601 1221 2707 quod
1245 2628 1315 2706 pro
1338 2629 1446 2706 posse
1471 2628 1541 2678 suo
1561 2601 1737 2708 juvarent

311 2733 359 2809 ad
379 2730 650 2839 acquirendum
672 2733 829 2810 Terram
849 2748 1030 2822 sanctam,
1051 2749 1088 2808 et
1107 2731 1326 2838 acquisitam
1352 2731 1624 2808 deffenderent.
1649 2733 1735 2826 Quo

310 2863 427 2952 sacto,
449 2863 631 2970 imposuit
650 2863 703 2941 eis
724 2862 942 2951 mantellos,
965 2862 1176 2941 concedens
1196 2861 1250 2940 eis
1268 2863 1409 2940 victum
1430 2879 1468 2938 et
1487 2863 1681 2952 vestitum,
1699 2883 1737 2942 et

311 2993 390 3098 ipse
418 3010 456 3071 et
482 3009 643 3072 astantes
669 2993 827 3072 fuerunt
852 3021 916 3070 eos
941 2993 1099 3072 osculati
1125 2994 1165 3069 in
1193 3021 1270 3072 ore.
1299 2991 1447 3070 Deinde
1472 2992 1647 3070 instruxit
1672 3022 1735 3072 eos

309 3139 404 3230 quot
420 3125 535 3202 Pater
550 3139 666 3202 noster
689 3123 859 3201 dicerent
878 3152 946 3231 pro
967 3123 1070 3202 horis
1091 3123 1185 3213 suis,
1207 3140 1245 3200 et
1264 3123 1426 3229 qualiter
1441 3149 1479 3198 se
1495 3121 1678 3200 haberent
1698 3142 1735 3201 et

309 3271 482 3363 regerent
500 3253 540 3330 in
565 3253 711 3332 ordine.
736 3254 985 3332 Postmodum
1008 3254 1098 3330 dicti
1118 3253 1250 3331 fratres
1268 3253 1464 3346 lohannes,
1483 3269 1522 3329 et
1540 3253 1734 3332 Dionisius

308 3399 532 3461 vocaverunt
548 3383 691 3460 dictum
706 3382 957 3488 presbiterum
972 3383 1031 3460 cui
1047 3383 1172 3490 primo
1190 3383 1392 3461 mantellus
1404 3381 1525 3460 haeret
1537 3384 1734 3490 impositus

307 3528 410 3588 retro
430 3511 563 3600 altare,
586 3527 670 3616 post
689 3511 879 3589 modicam
899 3513 1031 3590 horam
1052 3529 1277 3591 vocaverunt
1301 3513 1443 3590 dictum
1468 3511 1732 3602 Amblardnm,

308 3641 497 3748 prefatum
525 3640 778 3747 presbiterum
804 3642 1052 3721 remittentes.
1078 3645 1212 3720 Postea
1239 3643 1352 3749 paulo
1381 3659 1467 3750 post
1492 3643 1734 3722 remictentes

308 3771 451 3849 dictum
471 3769 737 3860 Amblardum,
759 3789 983 3850 vocaverunt
1002 3771 1146 3850 dictum
1161 3770 1420 3877 Radulphum,
1442 3789 1480 3848 et
1495 3774 1631 3862 nescit,
1645 3775 1733 3880 quia

308 3929 385 3979 non
409 3901 503 3978 vidit
524 3929 594 3979 nec
621 3901 779 3992 audivit,
801 3901 894 4008 quid
916 3901 989 3980 suit
1010 3901 1062 3980 ihi
1083 3917 1208 3980 actum
1231 3900 1290 3978 vel
1312 3898 1472 3992 dictum3
1505 3900 1572 3980 sed
1600 3878 1732 4008 parum

307 4049 392 4137 post
408 4031 649 4110 remictentes
669 4033 812 4110 dictum
832 4032 1094 4139 Radulphum,
1115 4049 1339 4112 vocaverunt
1356 4031 1479 4139 ipsum
1499 4049 1652 4122 testem,
1676 4035 1733 4112 di-

306 4180 432 4240 centes
450 4162 556 4269 quod
569 4162 804 4240 consuetudo
825 4163 957 4240 eratin
974 4164 1106 4242 ordine
1127 4163 1231 4269 quod
1251 4161 1383 4238 fratres
1399 4160 1488 4238 dicti
1510 4164 1653 4245 ordinis
1668 4167 1733 4242 ab·

304 4312 485 4401 negarent
509 4293 665 4371 Jhesum
688 4294 894 4373 Christum.
910 4294 1019 4372 Unde
1039 4295 1222 4400 cumipse
1238 4294 1401 4402 jurasset
1414 4322 1559 4374 servare
1576 4325 1735 4377 consue-

301 4421 456 4500 tudines
484 4423 645 4511 ordinis,
676 4424 846 4530 precepit
866 4425 901 4502 ei
924 4425 1047 4502 dictus
1065 4423 1180 4503 frater
1197 4426 1388 4503 lohannes
1409 4426 1514 4530 quod
1534 4427 1735 4538 abnegaret

302 4552 460 4630 Jhesum
476 4552 689 4645 Christum,
708 4554 839 4659 etipse
855 4555 972 4643 testis,
989 4555 1152 4632 multum
1168 4554 1415 4660 stupefactus,
1436 4557 1631 4666 abnegavit
1645 4560 1733 4638 Jhe-

304 4709 389 4761 sum
408 4683 604 4762 Christum
623 4711 706 4774 ore,
728 4711 807 4762 non
831 4684 962 4775 corde,
984 4701 1029 4762 ut
1047 4684 1151 4763 dixit.
1173 4683 1254 4762 Alia
1273 4684 1404 4764 illicita
1423 4713 1502 4764 non
1521 4686 1732 4768 intervene-

304 4830 396 4892 runt
415 4813 453 4890 in
476 4812 574 4892 dicta
599 4843 664 4894 sua
687 4815 903 4920 receptione
925 4815 984 4893 vel
1006 4831 1102 4923 post.
1130 4815 1347 4922 Requisitus
1367 4817 1397 4894 si
1419 4816 1506 4908 scit,
1531 4819 1650 4898 credit
1673 4824 1733 4901 vel
