4208 5886
380 535 452 608 aaa
758 511 952 607 raucus
983 531 1081 604 uss
1111 529 1418 605 venemens

377 676 539 755 habebat
553 673 716 753 multum
732 703 858 754 earum
872 673 1080 780 repositum
1096 690 1192 762 erat,
1208 692 1338 780 aperto
1355 673 1457 750 dicto
1473 671 1609 749 scrinio
1629 687 1667 747 et
1681 671 1801 776 capite

377 808 633 914 discooperto,
664 823 886 912 tempestate
917 804 1041 883 subito
1076 805 1316 891 imminente,
1346 804 1445 880 dicta
1477 801 1579 878 navis
1606 800 1801 878 submersa

251 1003 259 1018 .
378 941 497 1014 extitit
523 967 610 1014 cum
633 938 878 1015 existentibus
901 936 941 1011 in
965 935 1116 1026 eadem,
1142 934 1373 1042 quibusdam
1398 933 1522 1010 nautis
1549 931 1711 1038 exceptis
1734 931 1801 1039 qui

378 1097 445 1172 per
461 1096 567 1144 suam
580 1066 802 1144 industriam
819 1083 1030 1154 evaserunt,
1047 1082 1085 1142 et
1095 1065 1263 1171 predicta
1272 1080 1528 1142 narraverunt.
1543 1063 1591 1141 Et
1605 1061 1802 1140 dicebatur

379 1198 483 1304 quod
505 1214 640 1274 extunc
670 1225 746 1274 non
766 1196 908 1274 fuerint
926 1195 1047 1300 pisces
1066 1195 1106 1270 in
1128 1194 1193 1271 illa
1214 1213 1317 1301 parte
1339 1194 1452 1272 maris
1479 1194 1518 1269 in
1538 1223 1612 1300 qua
1631 1193 1800 1299 predicta

378 1328 659 1434 contingerunt;
682 1355 760 1404 non
781 1345 907 1402 tamon
926 1324 1069 1403 audivit
1093 1325 1168 1401 dici
1191 1325 1298 1432 quod
1320 1323 1464 1402 dictum
1489 1323 1610 1429 capud
1630 1325 1679 1401 ad
1698 1323 1801 1401 ordi-

377 1487 466 1534 nem
486 1456 789 1564 Templariorum
808 1456 1035 1562 pervenerit,
1058 1483 1127 1534 nec
1138 1455 1242 1533 aliud
1255 1455 1377 1562 capud
1389 1454 1437 1532 de
1445 1483 1521 1561 quo
1535 1455 1712 1560 deposuit
1721 1481 1801 1531 ma-

377 1591 490 1695 gister
518 1587 732 1666 Anthonius
756 1588 804 1664 de
830 1584 1021 1666 Vercellis.
1048 1585 1319 1694 injungebatur
1348 1586 1402 1663 eis
1427 1613 1496 1692 per
1524 1601 1798 1662 sacramentum

378 1747 425 1796 ne
447 1718 655 1795 revelarent
673 1734 813 1795 secreta
832 1716 1117 1824 capituliorum,
1140 1719 1258 1795 eciam
1281 1717 1458 1795 fratribus
1481 1717 1546 1822 qui
1570 1743 1647 1794 non
1667 1715 1801 1792 adfue-

378 1868 462 1925 rant
481 1851 520 1924 in
541 1849 702 1935 eisdem,
725 1849 772 1924 de
793 1847 910 1925 modo
925 1847 1155 1954 recepcionis
1171 1848 1321 1955 speciali
1341 1875 1418 1924 non
1441 1846 1568 1924 habita
1583 1848 1797 1934 moncione,

380 1997 417 2056 et
443 1979 510 2085 q'ui
536 1977 776 2068 revelassent,
802 1978 1013 2055 secundum
1039 1995 1175 2056 statuta
1194 1979 1338 2056 ordinis
1358 1977 1517 2055 domum
1532 1978 1797 2084 perdidissent.

379 2111 601 2214 Superiores
626 2109 770 2186 ordinis
793 2109 860 2215 qui
887 2125 1087 2214 potuerant
1114 2110 1300 2215 corrigere
1329 2137 1474 2186 errores
1502 2109 1659 2186 suerunt
1681 2109 1801 2216 negli-

378 2240 624 2346 gentes,quia
637 2267 714 2316 non
722 2255 964 2316 correxerunt
976 2267 1042 2317 eos
1054 2267 1123 2317 nec
1136 2239 1802 2317 denunciaveruntEcclesie.Elemo-

378 2369 476 2446 sinas
492 2387 529 2446 et
544 2371 833 2476 hospitalitatem
853 2369 945 2446 vidit
963 2371 1229 2448 convenienter
1248 2369 1330 2447 lieri
1352 2388 1389 2448 et
1408 2369 1543 2447 servari
1563 2371 1603 2446 in
1623 2369 1801 2446 domibus

379 2501 523 2578 ordinis
541 2501 579 2576 in
600 2501 740 2606 quibus
756 2501 892 2578 exstitit
911 2518 1175 2578 commoratus.
1195 2503 1238 2577 ln
1257 2502 1387 2608 regula
1406 2529 1540 2577 eorum
1561 2498 1802 2577 inhibebatur

379 2661 426 2707 ne
443 2632 579 2738 aliquis
593 2630 706 2708 irater
725 2631 870 2708 ordinis
885 2632 1081 2710 interesset
1101 2632 1185 2709 loco
1205 2633 1245 2709 in
1265 2659 1343 2737 quo
1361 2630 1497 2737 aliquis
1513 2629 1804 2707 exheredaretur

379 2761 529 2869 injuste,
552 2778 590 2838 et
604 2762 831 2838 contrarium
852 2760 1029 2839 facientes
1048 2761 1315 2868 puniebantur.
1336 2763 1481 2838 Eorum
1501 2760 1677 2866 capitulia
1696 2775 1803 2836 tene-

380 2891 517 2967 bantur
536 2891 584 2967 de
607 2891 685 2984 die,
706 2892 833 2999 januis
851 2890 1002 2978 clausis,
1025 2890 1142 2968 nullis
1160 2891 1399 2997 presentibus
1415 2890 1487 2968 nisi
1503 2891 1681 2968 fratribus
1700 2888 1804 2967 ordi·

381 3021 458 3113 nis,
485 3039 522 3098 et
543 3021 810 3127 providebatur
831 3051 878 3100 ne
898 3021 1093 3100 audiretur
1117 3022 1279 3100 exterius
1301 3022 1407 3129 quod
1430 3023 1588 3100 interius
1611 3021 1800 3128 agebatur.

381 3153 561 3231 Ordinato
580 3184 649 3262 per
663 3155 883 3262 Magistrum
901 3181 989 3230 cum
1004 3171 1191 3230 conventu
1210 3169 1391 3230 servasset
1408 3169 1513 3229 totus
1533 3151 1645 3244 ordo,
1667 3152 1706 3227 in
1725 3177 1802 3258 quo

380 3283 471 3360 dicti
497 3312 642 3360 errores
665 3283 845 3360 dicuntur
869 3282 984 3360 fuisse
1009 3311 1076 3388 per
1097 3282 1287 3389 quendam
1312 3283 1531 3389 Magistrum
1552 3282 1801 3388 burgundum

381 3413 602 3504 introducti,
629 3414 746 3490 nescit
771 3413 942 3518 qvando,
970 3440 1040 3488 nec
1063 3413 1148 3518 quis
1162 3411 1287 3489 fuerit.
1313 3415 1420 3488 Nune
1443 3411 1597 3520 grandia
1616 3411 1802 3499 scandala,

380 3545 543 3648 suspicio
562 3560 599 3620 et
613 3543 765 3620 inlamia
782 3559 871 3619 sunt
887 3555 1011 3619 e'xorta
1026 3559 1155 3618 contra
1173 3542 1317 3619 dictum
1333 3541 1527 3628 ordinem,
1549 3541 1658 3647 cujus
1673 3539 1805 3618 fratres

381 3673 500 3749 credit
514 3674 618 3779 quod
637 3675 775 3750 scirent
788 3672 1079 3780 abnegaeionem
1096 3671 1325 3778 predictam,
1348 3689 1385 3748 et
1403 3671 1507 3777 quod
1527 3699 1609 3746 eam
1629 3671 1806 3776 Magister

381 3822 419 3879 et
446 3803 509 3880 alii
538 3804 614 3880 sint
639 3802 815 3892 consessi3
837 3821 875 3879 et
893 3803 987 3878 dixit
1008 3802 1115 3906 quod
1139 3801 1263 3879 dictus
1289 3799 1476 3907 Magister,
1497 3829 1585 3877 cum
1611 3817 1708 3877 esset
1737 3800 1808 3878 dis-

381 3934 508 4009 cordia
523 3935 621 4009 ultra
641 3962 743 4009 mare
763 3934 803 4007 in
824 3949 1011 4008 conventu
1028 3959 1161 4012 eorum
1182 3932 1229 4010 de
1250 3933 1443 4010 creacione
1460 3931 1644 4038 Magistri,
1663 3948 1700 4007 et
1718 3957 1807 4036 pro-

383 4063 556 4140 vinciales
584 4061 826 4139 Lemovicinii
848 4076 886 4137 et
909 4060 1125 4169 Alvergnie,
1146 4063 1213 4170 qui
1241 4063 1424 4140 faciehant
1449 4063 1629 4169 majorem
1660 4078 1805 4168 partem

382 4209 603 4280 conventus,
623 4190 765 4267 vellent
783 4190 923 4269 babere
942 4191 983 4267 in
1004 4193 1225 4300 Magistrum
1251 4194 1404 4270 fratrem
1424 4195 1623 4299 Hugonem
1644 4191 1692 4270 de
1713 4194 1807 4269 Pen·

381 4323 515 4412 raudo,
542 4341 581 4400 et
604 4324 729 4400 minor
751 4351 835 4428 pars
854 4323 997 4400 dictum
1016 4325 1253 4432 Magistrum,
1274 4323 1440 4432 prelatus
1459 4323 1635 4429 Magister
1648 4323 1804 4430 juravit,

381 4483 507 4532 coram
524 4455 701 4560 Magistro
718 4452 920 4559 Hospitalis
935 4454 1002 4559 qui
1014 4471 1106 4531 tunc
1125 4471 1219 4545 erat,
1237 4471 1275 4532 et
1289 4483 1414 4531 coram
1434 4453 1591 4530 domino
1605 4451 1741 4529 Odone
1757 4449 1805 4526 de

271 4605 277 4616 '
381 4584 522 4662 Grandi
541 4585 645 4662 Sono
665 4583 806 4670 milite,
827 4601 866 4660 et
884 4583 1060 4689 pluribus
1079 4584 1177 4676 aliis,
1200 4583 1306 4690 quod
1324 4585 1405 4689 ipse
1425 4581 1655 4660 consentiret
1680 4581 1720 4658 in
1750 4581 1808 4658 di·

382 4733 484 4792 ctum
496 4713 650 4791 fratrem
662 4715 880 4821 Hugonem,
900 4731 939 4792 et
957 4715 1062 4821 quod
1080 4715 1160 4822 ipse
1177 4713 1333 4792 nolebat
1346 4743 1427 4792 esse
1441 4713 1629 4820 Magister.
1648 4713 1697 4789 Et
1716 4741 1802 4790 cum

381 4877 424 4923 ex
446 4847 519 4923 hoc
538 4843 658 4952 major
676 4873 760 4952 pars
779 4846 1028 4924 consensisset
1051 4845 1157 4953 quod
1180 4847 1260 4952 ipse
1283 4845 1393 4924 fieret
1412 4873 1573 4952 magnus
1590 4861 1803 4951 preceptor,
