4486 5890
459 485 528 554 ree
604 469 606 476 ’
848 463 1491 557 ΡΒοοΕεῡΕετΕΜΡιιΕκε.

453 651 521 700 nec
545 623 719 730 capitulis
741 653 887 702 eorum.
917 625 1046 718 Lectis¹
1067 641 1104 701 et
1124 623 1325 730 diligenter
1353 623 1530 731 expositis
1553 621 1624 698 sibi
1644 617 1822 702 omnibus
1847 640 1884 702 et

449 752 607 860 singulis
630 752 814 842 articulis,
842 754 1039 860 respondit
1061 783 1099 832 se
1122 754 1284 841 nescire,
1313 779 1383 830 nec
1403 753 1578 843 credere,
1607 781 1677 831 nec
1699 754 1882 834 audivisse

377 953 380 959 .
450 884 525 960 dici
544 883 591 960 de
608 885 794 962 contentis
816 884 856 960 in
872 885 926 962 eis
941 885 1013 962 nisi
1028 885 1134 992 quod
1155 885 1339 991 sequitur.
1366 879 1553 964 Videlicet
1574 884 1679 990 quod
1702 883 1742 962 in
1757 911 1884 992 recep-

452 1015 560 1094 cione
580 1043 663 1105 sua,
689 1043 775 1092 cum
803 1013 1056 1123 requisivisset
1071 1043 1208 1123 panem
1232 1033 1269 1092 et
1292 1041 1428 1122 aquam
1445 1013 1608 1104 ordinis,
1640 1029 1679 1092 et
1700 1013 1772 1091 sibi
1796 1043 1884 1096 con·

453 1171 552 1220 cessa
575 1142 749 1233 finissent,
773 1160 811 1221 et
830 1145 1062 1251 prescivisset
1082 1169 1153 1252 per
1166 1141 1426 1252 juramentum
1446 1143 1494 1220 ab
1516 1171 1563 1220 eo
1582 1143 1688 1250 quod
1708 1169 1786 1221 non
1806 1162 1886 1223 erat

455 1283 814 1365 excommunicatus,
839 1276 1101 1367 matrimonio,
1124 1276 1231 1353 alteri
1255 1274 1450 1383 religioni,
1468 1272 1526 1351 vel
1543 1273 1682 1352 debitis
1707 1303 1783 1383 que
1806 1299 1883 1353 non

453 1403 736 1507 possetsolvere
751 1405 953 1513 obligatus,
972 1423 1010 1482 et
1023 1404 1129 1512 quod
1143 1403 1397 1483 nonhabebat
1410 1403 1669 1482 infirmitatem
1688 1403 1881 1494 latentem,
1994 1421 1997 1430 '
2131 1481 2132 1514 ,

454 1532 542 1611 lecit
563 1561 651 1611 eum
673 1535 796 1612 dictus
817 1551 986 1640 receptor
1007 1558 1139 1612 vovere
1156 1551 1193 1610 et
1206 1535 1333 1642 jurare
1356 1533 1580 1622 castitatem,
1602 1533 1881 1622 obedienciam,

455 1682 492 1739 et
506 1664 628 1742 vivere
642 1665 723 1743 sine
742 1666 913 1771 proprie,
931 1683 967 1742 et
979 1664 1170 1744 associavit
1185 1693 1274 1742 eum
1289 1664 1484 1743 beneficiis
1500 1663 1659 1752 ordinis,
1674 1665 1885 1772 precipiens

455 1794 560 1900 quod
575 1813 737 1874 servaret
757 1797 878 1874 bonos
901 1822 992 1874 usus
1007 1813 1045 1874 et
1063 1796 1181 1874 bonas
1202 1796 1500 1874 consuetudines
1520 1791 1686 1884 ordinis;
1711 1811 1749 1872 et
1763 1795 1885 1902 impo-

457 1925 527 2002 sito
543 1926 614 2003 sibi
635 1926 832 2016 mantello,
859 1927 979 2004 dictus
994 1944 1165 2033 receptor
1187 1943 1225 2003 et
1247 1926 1432 2033 presbiter
1448 1924 1604 2003 osculati
1619 1924 1776 2002 luerunt
1794 1953 1882 2004 eum

457 2056 496 2130 in
506 2083 583 2132 ore.
597 2055 684 2149 Quo
695 2055 791 2134 facto
805 2058 1010 2164 precepitei
1021 2057 1125 2164 quod
1136 2071 1289 2164 spueret
1300 2081 1414 2164 super
1426 2055 1630 2163 quamdam
1646 2083 1793 2134 crucem
1810 2085 1885 2134 me·

456 2185 645 2274 tallinam,
666 2187 705 2262 in
727 2215 801 2294 qua
823 2203 903 2264 erat
919 2213 1052 2295 ymago
1071 2187 1269 2277 Crucifixi,
1288 2205 1326 2266 et
1341 2185 1462 2266 stabat
1476 2187 1583 2294 juxta
1597 2187 1730 2278 altare,
1753 2187 1882 2294 etipse

456 2316 562 2392 testis
587 2316 688 2422 spuit
709 2341 787 2394 non
807 2345 918 2425 supra
940 2317 1008 2395 sed
1026 2318 1133 2426 juxta
1157 2341 1253 2396 eam.
1279 2317 1382 2396 Dixit
1409 2317 1527 2394 eciam
1550 2317 1584 2394 ei
1610 2317 1715 2423 quod
1737 2334 1883 2422 peterat

455 2444 633 2523 fratribus
655 2447 799 2526 ordinis
826 2447 1023 2524 carnaliter
1044 2447 1278 2525 commisceri
1302 2462 1340 2524 et
1360 2445 1430 2552 ipsi
1453 2473 1539 2523 cum
1564 2471 1621 2523 eo.
1651 2443 1733 2526 Alia
1755 2446 1882 2524 illicita

457 2603 534 2654 non
556 2576 839 2654 intervenerunt
861 2577 900 2653 in
923 2576 1018 2653 dicta
1043 2597 1109 2654 sua
1124 2577 1345 2683 receptione
1370 2595 1440 2652 nec
1461 2592 1561 2681 post,
1587 2601 1657 2652 nec
1680 2576 1790 2666 vidit,
1815 2601 1883 2655 nec

457 2705 576 2794 scivit,
601 2734 672 2782 nec
690 2705 834 2783 audivit
854 2705 929 2782 dici
952 2707 1058 2813 quod
1081 2707 1365 2784 intervenerunt
1391 2705 1558 2812 predicta
1582 2704 1712 2781 illicita
1737 2705 1795 2783 vel
1812 2706 1882 2782 alia

457 2835 496 2910 in
512 2836 730 2941 receptione
753 2835 843 2912 dicti
866 2835 1026 2912 Deodati
1041 2836 1100 2912 vel
1116 2834 1281 2914 aliorum
1299 2833 1358 2912 vel
1375 2852 1480 2941 post;
1502 2834 1621 2912 credit
1635 2850 1765 2912 umen
1779 2836 1881 2942 quod

416 3003 417 3008 ¹
460 2964 699 3047 uniformiter
716 2965 974 3072 reciperentur
998 2966 1140 3071 ubique
1159 2983 1197 3042 et
1212 2966 1421 3044 secundum
1447 2964 1606 3042 modum
1628 2989 1744 3071 quem
1768 2964 1881 3072 depo-

458 3113 585 3174 suerat
599 3123 638 3174 se
655 3095 774 3172 luisse
784 3113 995 3202 receptum,
1020 3113 1057 3172 et
1072 3096 1160 3174 ideo
1176 3096 1297 3174 eredit
1318 3095 1427 3202 quod
1448 3095 1499 3171 iu
1520 3094 1594 3172 luit
1614 3094 1755 3173 lactum
1773 3097 1812 3171 in
1828 3124 1882 3174 rc·

459 3227 724 3334 capcione-sua.
734 3229 841 3315 Item,
854 3225 948 3304 dixit
959 3225 1063 3334 quod
1079 3226 1346 3332 ipsecredebat
1356 3226 1611 3304 ecclesiasticis
1622 3228 1877 3316 sacramentis,

458 3357 615 3436 credens
635 3359 739 3464 quod
761 3357 823 3434 alii
848 3357 980 3434 fratres
1008 3357 1154 3437 ordinis
1176 3357 1311 3434 eodem
1336 3343 1453 3434 modo
1477 3358 1692 3446 crederent,
1718 3371 1756 3432 et
1775 3357 1879 3464 quod

458 3486 811 3566 eorumsacerdotcs
828 3487 954 3564 debite
965 3486 1209 3564 celebrarent.
1221 3489 1446 3565 Juraverunt
1459 3487 1538 3591 ipse
1556 3508 1593 3563 et
1607 3485 1882 3563 dictusDeoda·

457 3636 519 3696 tus
537 3619 710 3698 ordinem
727 3645 804 3696 non
818 3617 936 3706 exire,
955 3637 992 3696 et
1007 3617 1127 3696 credit
1141 3619 1247 3725 quod
1260 3616 1322 3694 alii
1343 3618 1446 3694 idem
1463 3617 1647 3725 jurarent.
1666 3617 1800 3695 Statim
1817 3643 1882 3722 pro

459 3749 633 3856 professis
652 3747 900 3827 habebantur.
926 3749 1168 3827 Claudestine
1191 3747 1487 3856 recipiebantur,
1510 3747 1626 3826 nullis
1647 3748 1884 3854 presentibus

460 3879 530 3957 nisi
548 3879 723 3956 fratribus
745 3877 900 3956 ordinis.
923 3879 1101 3956 Cordulis
1116 3879 1219 3956 unde
1234 3877 1411 3956 volebant
1423 3879 1623 3984 assumptis
1639 3877 1884 3987 cingebantur

459 4037 572 4115 super
587 4009 754 4088 camisias
773 4035 860 4086 curn
882 4009 1020 4116 quibus
1038 4009 1222 4116 jacebant.
1247 4009 1471 4087 duraverunt
1493 4010 1572 4115 ipse
1593 4027 1631 4086 et
1647 4007 1771 4086 dictus
1786 4009 1884 4086 Deo·

460 4138 571 4215 datus
584 4165 661 4215 non
673 4138 837 4215 revelare
852 4157 993 4216 secreta
1008 4139 1274 4246 capitoliorum
1290 4167 1360 4216 nec
1378 4139 1534 4250 modum
1552 4165 1621 4216 sue
1637 4137 1882 4244 recepoionis,

461 4284 498 4344 et
520 4267 640 4344 credit
661 4268 768 4373 quod
790 4267 893 4344 idem
914 4268 1086 4377 jurarent
1111 4269 1185 4345 alii.
1208 4270 1285 4362 Qui
1306 4269 1532 4348 revelassent
1556 4267 1680 4374 puniti
1706 4267 1882 4360 luissent,

460 4398 527 4474 sed
542 4399 660 4476 nescit
676 4398 850 4506 qualiter.
872 4397 1086 4508 lnjunctum
1108 4399 1232 4477 fuitei
1255 4400 1360 4506 qued
1382 4427 1460 4478 non
1485 4395 1730 4477 confiteretur
1745 4397 1816 4476 nisi
1832 4427 1886 4476 sa·

460 4513 678 4606 cerdotibus
707 4529 868 4618 ordinis,
898 4531 1080 4636 quamdiu
1107 4547 1233 4636 posset
1263 4557 1327 4608 eos
1365 4529 1516 4607 habere.
1551 4532 1699 4607 Fratres
1728 4529 1887 4608 scientes

461 4659 590 4738 illicita
606 4659 811 4737 consessata
827 4687 894 4767 per
906 4687 994 4737 eurn
1012 4641 1165 4738 luerunt
1183 4661 1434 4770 negligentes,
1450 4661 1539 4768 quia
1555 4686 1632 4740 non
1647 4675 1888 4738 correxerunt

461 4819 503 4867 ea
522 4815 593 4868 nec
612 4789 930 4870 denunciaverunt
949 4791 1133 4881 Ecclesia,
1151 4809 1189 4868 et
1209 4791 1328 4870 credit
1344 4791 1446 4897 quod
1465 4815 1598 4868 omnes
1618 4819 1661 4866 ea
1677 4791 1826 4868 scirent.
1846 4791 1886 4867 ln
