4202 5876
262 619 264 624 .
394 581 468 658 tas
787 557 984 651 procis
1009 576 1105 649 nus
1130 573 1428 648 restructas.

395 725 492 832 pella
507 723 605 800 dicte
620 722 757 799 domus
771 720 891 799 Mansi
912 719 998 806 Dei,
1016 718 1140 826 januis
1156 716 1307 806 clausis,
1330 733 1369 793 et
1381 713 1469 792 solis
1482 712 1656 791 fratribus
1672 741 1822 820 presen-

394 856 497 934 tibus
516 853 636 960 quiin
658 842 737 960 ipsa
758 852 874 930 domo
894 869 985 928 tunc
1005 867 1127 939 erant,
1153 849 1222 926 sed
1242 875 1388 926 causam
1406 873 1522 954 quare
1546 844 1680 924 clausis
1698 847 1822 954 jannis

396 987 489 1062 facta
508 984 595 1074 fuit,
620 985 713 1062 dixit
733 1014 772 1061 se
793 983 948 1062 nescire.

454 1115 511 1192 Ad
532 1114 748 1191 xl--lxxxrrr
766 1114 941 1191 articulos
953 1111 1147 1204 inclusive,
1164 1110 1364 1218 diligenter
1374 1125 1413 1186 et
1424 1107 1612 1216 sigillatim
1625 1107 1825 1214 interroga-

397 1266 474 1335 tus,
492 1246 637 1354 negavit
651 1247 751 1352 ipsos
763 1243 939 1322 articulos
951 1261 987 1320 et
1002 1243 1128 1320 omnia
1142 1258 1180 1319 et
1194 1240 1337 1348 singula
1352 1256 1527 1318 contenta
1539 1238 1657 1328 ineis,
1674 1256 1824 1343 excepto

398 1377 502 1484 quod
526 1375 719 1454 confessus
742 1393 797 1452 est
818 1375 922 1482 quod
948 1373 1029 1480 ipse
1050 1390 1089 1452 et
1115 1371 1228 1450 ceteri
1256 1371 1386 1448 fratres
1412 1369 1502 1448 dicti
1529 1369 1688 1458 ordinis,
1716 1387 1827 1476 prout

399 1507 534 1594 credit,
568 1522 718 1613 portant
744 1504 919 1582 continue
953 1502 1099 1610 cingula
1129 1503 1206 1578 sive
1232 1499 1406 1579 cordulae
1434 1528 1549 1608 super
1578 1500 1767 1577 camisiam
1788 1501 1825 1575 in

398 1639 546 1745 signum
568 1635 743 1714 castitatis
770 1633 966 1721 servande3
987 1660 1066 1709 non
1087 1649 1213 1710 tamen
1237 1661 1323 1710 curn
1349 1629 1423 1709 illis
1442 1647 1645 1738 tanguntur
1667 1631 1725 1708 vel
1752 1631 1828 1708 cin-

399 1785 537 1876 guntur
556 1767 675 1873 capita
692 1765 890 1874 ydolorum
918 1793 986 1841 nec
1006 1763 1131 1869 aliqua
1149 1762 1270 1870 ydola.

457 1901 549 1975 Item
572 1895 763 1974 confessus
783 1914 839 1973 est
857 1895 962 2002 quod
980 1894 1188 2001 injungitur
1202 1893 1296 2000 ipsis
1315 1891 1493 1970 fratribus
1506 1885 1676 2025 Qmpore
1693 1921 1760 1972 sue
1773 1924 1829 1970 re-

403 2029 589 2134 cepcionis
609 2027 712 2134 quod
739 2055 781 2104 ea
808 2053 882 2134 que
907 2024 1004 2102 fiunt
1030 2025 1068 2100 in
1089 2052 1222 2102 eorum
1252 2023 1425 2130 capitulis
1452 2052 1527 2101 non
1550 2023 1732 2116 revelent,
1762 2053 1830 2102 nec

402 2159 605 2264 loquantur
622 2157 741 2235 eciam
762 2186 848 2234 cum
869 2155 951 2233 aliis
970 2154 1146 2233 fratribus
1166 2155 1337 2262 ejusdem
1361 2153 1504 2233 ordinis
1524 2156 1589 2262 qui
1614 2182 1692 2234 non
1717 2156 1830 2232 inter-

308 2325 312 2334 *
402 2288 557 2365 fuerunt
588 2288 625 2364 in
658 2288 749 2395 ipsis
776 2287 948 2393 capitulis
975 2303 1244 2392 temporeque
1270 2281 1429 2393 capitula
1449 2285 1502 2362 ibi
1524 2283 1638 2379 frunt,
1659 2305 1695 2363 et
1715 2287 1746 2362 si
1766 2287 1827 2394 qui

403 2419 543 2496 inventi
572 2435 695 2496 essent
714 2419 779 2524 qui
802 2433 942 2495 secreta
961 2416 1114 2523 capituli
1135 2417 1374 2504 revelassent,
1395 2417 1618 2522 punirentur
1637 2418 1744 2523 penis
1763 2433 1830 2493 sta-

281 2537 285 2544 ’
403 2549 495 2626 tutis
514 2549 552 2624 in
573 2547 908 2626 constitucionibus
926 2547 1162 2627 eorumdem.

461 2679 519 2754 Ad
534 2678 797 2756 lxxnu--lxxxr
814 2678 990 2755 articulos
1007 2677 1195 2767 inclusive,
1214 2677 1412 2784 diligenter
1427 2693 1463 2754 et
1477 2675 1664 2782 sigillatim
1680 2679 1832 2756 interro

405 2828 527 2918 gatus,
549 2809 780 2924 respondens
794 2808 941 2912 negavit
955 2810 1055 2914 ipsos
1074 2807 1250 2886 articulos
1267 2823 1304 2884 et
1318 2808 1444 2885 omnia
1455 2825 1493 2884 et
1504 2806 1645 2915 singula
1660 2826 1832 2886 contenta

408 2970 445 3017 rn
467 2969 531 3017 ers.

466 3070 568 3147 Dixit
593 3086 718 3146 tamen
740 3071 844 3177 quod
864 3071 942 3176 ipse
963 3071 1028 3175 qui
1054 3069 1222 3178 loquitur
1241 3070 1280 3146 in
1300 3069 1428 3176 aliquo
1446 3068 1520 3146 alio
1541 3088 1724 3148 conventu
1745 3070 1833 3148 dicti

410 3199 711 3306 ordinisTempli
728 3228 925 3307 nunquam
933 3197 1005 3278 fuit
1014 3201 1085 3278 nisi
1098 3202 1137 3276 in
1148 3217 1332 3278 conventu
1343 3200 1479 3276 domus
1494 3199 1613 3278 Mansi
1623 3201 1711 3291 Dei,
1723 3218 1760 3277 et
1770 3201 1834 3278 ihi·

410 3333 497 3409 dem
513 3332 645 3408 stando
657 3331 848 3410 confessus
857 3331 928 3409 fuit
940 3307 1005 3410 sua
1020 3351 1168 3440 peccata
1182 3332 1283 3410 fratri
1299 3329 1490 3440 capellano
1500 3330 1671 3439 ejusdem
1685 3331 1833 3410 domus.

409 3461 621 3568 Atempore
632 3463 853 3539 tamencitra
865 3491 941 3569 quo
958 3481 1085 3570 captus
1099 3462 1239 3541 exstitit
1247 3465 1327 3570 ipse
1344 3479 1382 3540 et
1394 3461 1507 3542 ceteri
1518 3461 1650 3539 fratres
1666 3463 1833 3572 ejusdem

411 3593 572 3685 ordinis,
591 3591 782 3670 confessus
804 3610 860 3670 est
879 3592 1081 3699 aliquando
1101 3593 1276 3672 fratribus
1295 3591 1506 3672 Minoribus
1527 3593 1767 3672 venientibus
1790 3595 1834 3670 ad

412 3723 550 3800 dictam
565 3723 743 3810 domum,
766 3724 920 3817 credens
939 3725 1043 3831 quod
1059 3726 1137 3831 ipse
1153 3742 1191 3802 et
1202 3725 1315 3802 ceteri
1336 3723 1468 3801 frames
1488 3723 1578 3800 dicti
1595 3724 1739 3802 ordinis
1754 3753 1837 3831 pos·

413 3853 486 3929 sint
507 3854 676 3930 confiteri
697 3853 779 3930 aliis
797 3853 1014 3960 presbiteris
1034 3854 1267 3960 regularibus
1293 3874 1330 3930 et
1351 3856 1579 3930 secularibus
1600 3873 1835 3960 preterquam

412 3983 574 4089 propriis
595 3984 794 4091 capellanis
814 4002 852 4061 et
868 3984 957 4091 ipsis
976 3985 1092 4062 eciam
1113 3984 1289 4062 fratribus
1309 3984 1520 4090 capellanis.

470 4110 527 4188 Ad
544 4112 652 4190 lxxxn
673 4114 872 4191 articulum
894 4113 1092 4220 diligenter
1114 4115 1378 4221 interrogatus,
1402 4114 1495 4191 dixit
1514 4114 1619 4221 quod
1637 4111 1692 4189 illi
1711 4112 1838 4188 fratres

415 4242 463 4318 de
488 4242 628 4347 quibus
650 4243 690 4319 in
712 4244 866 4322 articulo
891 4243 935 4321 frt
958 4246 1116 4334 menti0,
1147 4246 1177 4323 si
1197 4245 1355 4323 confessi
1376 4261 1463 4324 sunt
1485 4263 1598 4352 prout
1623 4247 1660 4321 in
1686 4242 1838 4319 articulo

416 4373 640 4464 continetur,
656 4374 814 4454 confessi
829 4393 916 4453 sunt
931 4373 1056 4456 contra
1075 4405 1223 4466 verum,
1245 4394 1289 4454 ut
1305 4375 1398 4454 dixit
1413 4393 1450 4454 et
1469 4377 1604 4465 credit,
1619 4389 1658 4452 'et
1671 4400 1839 4482 magnam

416 4502 612 4582 falsitatem
635 4506 819 4585 dixerunt.

473 4635 531 4712 Ad
549 4635 688 4730 lxxxrn,
709 4637 844 4717 lxxxrur
858 4657 896 4717 et
912 4638 1017 4718 lxxxv
1033 4639 1207 4719 articulos
1230 4639 1427 4730 inclusive,
1443 4638 1641 4746 diligenter
1656 4655 1693 4716 et
1708 4637 1841 4745 sigilla-

416 4767 485 4844 tim
500 4765 764 4875 intcrrogatus,
785 4771 1018 4877 respondens
1038 4771 1131 4849 dixit
1150 4771 1255 4879 quod
1270 4770 1325 4849 illi
1339 4769 1469 4850 fratres
1489 4771 1553 4879 qui
1568 4770 1736 4879 predicta
1755 4797 1842 4846 con-

416 4895 503 4975 fessi
519 4916 607 4976 sunt
626 4897 666 4976 in
683 4902 877 5007 presencia
889 4902 1106 4980 sanctissimi
1128 4903 1272 4982 domini
1293 4903 1411 4981 nostri
1430 4931 1525 5011 pape
1546 4922 1584 4980 et
1602 4902 1843 4981 dominorum
