4242 5890
386 553 460 630 sat
773 533 1091 628 processus
1119 549 1421 623 rsurmsus

383 713 465 774 tum
479 723 591 774 suum
606 694 727 800 quod,
752 710 900 772 ostenso
921 693 990 770 sibi
1009 691 1172 798 quodam
1192 689 1330 768 missali
1357 691 1396 768 in
1416 717 1493 796 quo
1510 707 1588 767 erat
1602 717 1705 779 crux,
1725 691 1810 768 etin

383 853 458 932 quo
477 843 557 902 erat
576 824 721 931 depicta
747 852 878 932 ymago
898 827 917 900 J
921 824 1014 900 hesu
1039 820 1194 910 Christi,
1216 819 1383 927 precepit
1402 819 1473 898 sibi
1494 820 1598 927 quod
1613 819 1811 928 abnegaret

384 955 490 1034 illum
505 957 609 1063 cujus
621 983 755 1063 ymago
768 954 1093 1061 representabatur
1107 950 1177 1039 ibi,
1193 952 1259 1057 qui
1272 951 1360 1028 licet
1371 951 1507 1030 invitus
1524 951 1718 1059 abnegavit
1731 980 1808 1040 ore,

383 1088 471 1164 licet
494 1115 570 1164 non
590 1087 718 1175 corde,
740 1103 783 1162 nt
801 1085 944 1173 asserit,
966 1084 1083 1161 immo
1105 1081 1229 1161 doluit
1247 1099 1429 1188 quantum
1444 1084 1580 1189 potuit.
1598 1083 1810 1190 Requisitus

384 1233 511 1294 utrum
527 1234 677 1324 spueret
701 1244 812 1322 supra
833 1242 1001 1302 crucem,
1027 1213 1120 1290 dixit
1143 1213 1249 1318 quod
1268 1214 1338 1303 sic,
1356 1213 1427 1291 bis.
1446 1212 1662 1320 Requisitus
1682 1231 1808 1293 utrum

383 1347 571 1426 osculatus
599 1345 712 1424 luerit
738 1345 983 1452 recipientem
1012 1343 1100 1421 alibi
1126 1371 1240 1449 quam
1267 1343 1307 1420 in
1334 1371 1418 1432 ore,
1445 1343 1538 1421 dixit
1564 1343 1669 1450 quod
1692 1345 1744 1422 sic
1769 1344 1809 1422 in

382 1477 561 1555 umbilico
584 1477 679 1554 etin
705 1503 787 1564 ore,
813 1492 851 1552 et
871 1503 948 1553 non
972 1474 1079 1564 alibi,
1104 1491 1147 1552 ut
1170 1473 1274 1552 dixit.
1290 1473 1394 1552 Dixit
1415 1475 1532 1552 eciam
1558 1474 1663 1582 quod
1688 1473 1808 1552 dictus

380 1609 562 1714 recipiens
580 1608 747 1714 precepit
772 1607 842 1684 sibi
860 1606 965 1714 quod
990 1606 1145 1683 omnino
1166 1604 1370 1683 abstineret
1389 1634 1409 1682 a
1429 1606 1650 1716 cognicione
1672 1606 1808 1683 mulie-

380 1767 484 1826 rum3
500 1738 649 1816 volebat
667 1755 795 1816 tamen
809 1755 846 1814 et
865 1736 1085 1844 injungebat
1105 1737 1224 1842 quod,
1247 1737 1278 1814 si
1292 1736 1403 1814 vellet
1422 1736 1580 1852 implere
1599 1765 1705 1816 suam
1723 1736 1809 1816 libi-

383 1869 532 1959 dinem,
547 1885 673 1974 posset
686 1896 773 1944 cum
782 1895 860 1947 uno
874 1868 920 1945 de
939 1867 1017 1944 suis
1028 1865 1207 1945 fratribus
1226 1866 1482 1944 commiscere.
1492 1867 1594 1944 Dixit
1602 1884 1728 1944 tamen
1742 1895 1809 1974 per

377 1999 635 2103 juramentum
651 1999 756 2105 quod
775 2025 969 2104 nunquam
989 1997 1124 2075 accidit
1141 1997 1210 2086 sic,
1232 2025 1303 2074 nec
1320 2025 1489 2104 unquam
1506 1997 1580 2076 fuit
1594 1998 1806 2104 requisitus.

382 2129 597 2236 Requisitus
625 2145 753 2206 utrum
782 2129 833 2214 vi,
865 2126 922 2204 vel
952 2145 1056 2205 metu
1084 2128 1240 2206 carceris
1255 2127 1313 2206 vel
1333 2145 1627 2218 tormentorum,
1649 2128 1807 2237 aliquam

383 2260 516 2336 dixerit
530 2258 730 2335 falsitatem
744 2258 800 2334 vel
820 2257 1069 2334 immiscuerit
1083 2259 1122 2333 in
1146 2257 1383 2363 deposicione
1408 2287 1490 2348 sua,
1512 2259 1603 2336 dixit
1622 2287 1690 2366 per
1706 2259 1809 2366 jura-

382 2404 549 2466 meutum
571 2416 682 2466 suum
697 2387 799 2493 quod
820 2415 914 2477 non;
928 2387 1046 2468 immo
1063 2385 1156 2464 dixit
1174 2389 1379 2468 veritatem.

437 2656 531 2731 Item
549 2651 664 2731 frater
678 2653 838 2731 lacobus
859 2651 907 2729 de
927 2652 1189 2730 Rubeomonte
1212 2650 1442 2761 grangiarius
1461 2652 1508 2730 de
1528 2655 1805 2742 Sommeurens,

383 2783 492 2862 etatis
510 2783 697 2890 sexaginta
720 2782 849 2860 decem
871 2811 1074 2871 annorum,
1091 2783 1239 2890 juratus
1259 2782 1395 2860 eodem
1412 2782 1585 2861 modoet
1605 2783 1808 2888 requisitus

384 2915 431 2989 de
446 2929 616 3019 tempore
626 2931 663 2992 et
677 2913 794 2991 modo
804 2914 1124 3020 suorecepcionis,
1138 2913 1229 2991 dixit
1242 2913 1569 3020 perjuramentum
1583 2940 1694 2990 suum
1704 2913 1807 3019 quod

384 3060 557 3150 receptus
574 3042 645 3120 luit
664 3044 765 3149 apud
784 3045 962 3134 Parisios,
984 3073 1051 3151 per
1069 3043 1220 3120 fratrem
1241 3045 1473 3122 Franconem
1494 3043 1543 3121 de
1566 3043 1706 3121 Bornio
1725 3071 1808 3148 pre·

383 3191 574 3279 ceptorcm
592 3174 801 3264 Provincia,
823 3176 1068 3282 quadraginta
1091 3175 1178 3252 anni
1199 3191 1287 3253 sunt
1306 3174 1420 3282 elapsi
1439 3175 1498 3252 vel
1522 3175 1634 3261 circa,
1655 3201 1807 3279 presen-

381 3303 484 3380 tibus
502 3303 615 3382 lratre
635 3305 791 3412 lingone
815 3304 863 3382 de
889 3305 1058 3384 Paraudo
1082 3323 1122 3382 et
1139 3305 1311 3412 pluribus
1328 3305 1409 3382 aliis
1429 3305 1476 3384 de
1501 3331 1665 3412 quorum
1684 3305 1807 3382 nomi-

385 3433 497 3510 nibus
509 3463 586 3512 non
596 3435 740 3513 recolit.
751 3436 855 3514 Dixit
867 3438 982 3514 eciam
992 3463 1060 3544 per
1062 3435 1437 3543 juramentumsuum
1446 3436 1563 3542 quod,
1575 3452 1662 3542 post
1673 3435 1807 3513 multas

383 3565 651 3668 promissiones
672 3564 720 3641 de
747 3567 893 3642 statutis
919 3583 957 3643 et
980 3566 1230 3644 observanciis
1254 3565 1343 3643 dicti
1367 3566 1513 3644 ordinis
1537 3564 1664 3652 lactas,
1687 3564 1807 3642 dictvrs

381 3710 554 3800 receptus
573 3696 698 3801 ipsum
718 3713 950 3802 receptorem
972 3696 1159 3774 osculatus
1178 3695 1251 3774 fuit
1264 3697 1302 3772 in
1317 3695 1499 3774 umbilico
1514 3713 1659 3774 mamm
1675 3695 1803 3773 semel.

381 3823 482 3900 Dixit
496 3823 613 3900 eciam
629 3851 698 3929 per
706 3827 963 3931 juramentum
978 3854 1090 3904 suum
1105 3825 1210 3932 quod
1224 3824 1390 3931 precepit
1403 3822 1472 3901 sibi
1490 3823 1611 3900 dictus
1625 3823 1806 3930 recipiens

382 3953 486 4057 quod
500 3970 653 4059 spueret
667 3982 778 4059 supra
790 3983 954 4045 crucem,
973 3955 1079 4060 quod
1099 3954 1186 4032 lecit
1200 3971 1327 4032 contra
1341 3953 1570 4032 voluntatem
1584 3981 1705 4043 suam;
1719 3953 1806 4032 lecit

382 4099 525 4171 tamen,
545 4082 634 4188 quia
652 4082 919 4189 injungebatur
937 4084 1008 4160 sibi
1028 4086 1067 4160 in
1085 4085 1220 4162 virtute
1239 4083 1460 4162 obediencie
1480 4083 1662 4190 promisse
1682 4084 1728 4160 ab
1745 4111 1803 4161 eo.

383 4211 486 4288 Dixit
503 4229 628 4290 tamen
638 4239 708 4317 per
720 4212 975 4319 juramentum
991 4241 1102 4290 suum
1117 4212 1223 4319 quod
1242 4229 1415 4318 receptor
1430 4213 1597 4318 precepit
1611 4212 1682 4291 sibi
1702 4215 1805 4319 quod

384 4343 541 4422 omnino
552 4341 788 4420 abstinereta
806 4341 1046 4432 mulieribus,
1065 4361 1102 4420 et
1120 4343 1224 4450 quod
1244 4342 1506 4420 commisceret
1517 4369 1557 4420 se
1573 4371 1660 4419 curn
1677 4343 1805 4450 aliquo

384 4474 432 4548 de
441 4472 616 4550 fratribus
626 4474 703 4551 suis
712 4475 743 4550 si
752 4473 1080 4582 indigeret,etboc
1093 4490 1282 4580 pateretur
1293 4472 1340 4550 ab
1351 4472 1443 4552 aliis.
1451 4473 1665 4578 Requisitus
1676 4489 1805 4550 utrum

383 4603 504 4690 vi,vcl
518 4621 620 4682 metu
642 4606 799 4682 carceris
813 4605 872 4683 vel
886 4622 1181 4693 tormentorum,
1205 4603 1369 4711 aliquam
1388 4603 1524 4680 dixerit
1537 4601 1733 4682 falsitatem
1748 4603 1805 4680 vel

382 4734 630 4812 immiscuerit
644 4736 682 4811 in
696 4735 934 4842 deposicione
948 4765 1027 4826 sua,
1042 4736 1133 4814 dixit
1144 4735 1472 4842 perjuramentum
1483 4761 1594 4812 suum
1602 4733 1706 4840 quod
1715 4761 1804 4822 nom

382 4867 499 4943 immo
515 4865 608 4943 dixit
624 4867 829 4944 veritatem.
