4242 5890
398 555 470 623 310
784 523 980 618 rnocss
1005 543 1102 615 oss
1130 541 1429 614 rsursmss.

397 709 433 766 et
452 686 677 796 quibusdam
697 684 777 762 aliis
797 684 844 760 de
867 711 1030 790 quorum
1051 681 1266 758 nominihus
1290 707 1366 758 non
1394 680 1537 760 recolit.
1570 682 1673 759 Dixit
1702 684 1817 762 eciam

396 849 464 932 per
476 821 731 937 juramentum
755 844 865 892 suum
893 813 1014 921 quod,
1043 829 1128 918 post
1156 811 1290 889 multas
1317 813 1582 918 promissiones
1610 811 1723 890 factas
1752 843 1819 920 per

397 977 483 1027 eum
499 950 546 1026 de
568 946 804 1024 observandis
822 944 967 1022 statutis
987 962 1024 1020 et
1035 943 1186 1020 secretis
1200 942 1360 1030 ordinis,
1378 941 1531 1048 quidam
1546 941 1658 1020 freter
1671 961 1819 1024 vocatus

395 1079 508 1156 freter
522 1078 708 1157 Gelterius
728 1077 775 1154 de
795 1075 997 1154 Brabanoia
1012 1073 1116 1150 duxit
1139 1099 1224 1150 eum
1243 1089 1345 1150 retro
1359 1072 1493 1160 altare,
1511 1089 1566 1161 et,
1589 1091 1734 1150 ostensa
1746 1075 1818 1154 sibi

396 1211 556 1314 quadam
574 1237 681 1285 cruce
701 1209 741 1283 in
762 1235 835 1313 qua
854 1223 931 1282 erat
949 1232 1081 1310 ymago
1101 1203 1218 1280 Jhesu
1237 1201 1392 1292 Christi,
1422 1204 1537 1309 peciit
1556 1203 1602 1282 ab
1628 1232 1673 1281 eo
1691 1222 1817 1282 utrum

396 1342 565 1417 crederet
583 1341 622 1414 in
644 1366 690 1414 eo
711 1338 817 1444 cujus
836 1354 914 1412 erat
936 1361 1068 1442 ymago
1089 1333 1236 1440 depicta
1255 1333 1326 1422 ihi;
1348 1351 1387 1410 et
1410 1333 1604 1438 respondit
1623 1335 1728 1441 quod
1744 1336 1817 1426 sic;

396 1486 432 1544 et
451 1487 553 1556 tunc,
579 1467 705 1556 vellet,
734 1465 866 1556 nollet,
893 1465 982 1542 fecit
1007 1493 1094 1542 eum
1124 1463 1226 1542 idem
1250 1463 1435 1568 recipiens
1460 1463 1639 1571 abnegare
1664 1464 1817 1542 lhesum

394 1599 585 1676 Christum
606 1615 644 1674 et
663 1625 798 1704 spuere
818 1614 876 1673 ter
894 1627 903 1674 t
923 1594 1099 1672 videlicet
1123 1593 1181 1672 bis
1210 1622 1320 1700 supra
1350 1623 1518 1682 crucem,
1551 1611 1589 1670 et
1607 1596 1721 1672 tercia
1739 1597 1817 1674 vioe

394 1731 494 1835 spuit
516 1729 564 1806 ad
583 1745 737 1816 terram,
764 1726 907 1832 fingens
930 1754 1063 1832 spuere
1090 1753 1205 1832 super
1224 1753 1388 1804 crucem.
1419 1727 1669 1832 Interrogatus
1692 1743 1817 1804 utrum

394 1859 456 1934 alii
472 1859 602 1936 fratres
617 1858 707 1938 disti
718 1858 859 1936 ordinis
868 1857 1093 1964 recipientur
1103 1855 1213 1934 simili
1231 1855 1362 1944 modo,
1377 1855 1582 1962 dixitquod
1592 1857 1818 1963 creditquod

394 1991 458 2065 sic.
479 1991 727 2095 Interrogams
747 2015 861 2094 quare
882 1987 1017 2077 credit,
1040 1987 1132 2064 dixit
1152 1987 1255 2094 quod
1270 1986 1390 2064 credit
1408 2015 1476 2093 pro
1496 1986 1661 2094 eoquod
1681 1986 1753 2064 lixit
1768 1989 1816 2063 ita

393 2135 574 2224 receptus.
582 2119 832 2224 Interrogatus
842 2117 933 2224 quid
950 2117 1023 2194 fuit
1036 2118 1107 2195 sibi
1121 2117 1264 2194 dictum
1279 2145 1366 2194 oum
1377 2117 1477 2194 vovit
1496 2117 1716 2206 uastitatem,
1728 2115 1818 2193 dixit

392 2275 460 2352 per
477 2248 731 2354 juramentum
758 2276 869 2326 suum
889 2248 993 2354 quod
1016 2247 1089 2324 fuit
1111 2246 1184 2324 sihi
1204 2247 1415 2354 injunctum
1435 2245 1540 2352 quod
1560 2247 1816 2324 commisceret

392 2405 432 2453 se
453 2407 539 2454 cum
555 2378 635 2454 aliis
653 2377 846 2468 fratribus,
868 2409 898 2456 ει
889 2378 1120 2483 indigeret,
1139 2395 1175 2455 et
1196 2377 1269 2456 hoc
1293 2375 1393 2454 idem
1414 2379 1647 2484 permitteret
1665 2377 1803 2454 aliis.

448 2511 698 2615 Interrogatus
713 2510 906 2598 utrumvi,
927 2509 986 2588 vel
999 2526 1105 2586 metu
1117 2527 1407 2598 tormentorum,
1424 2509 1596 2598 carceris,
1618 2526 1681 2585 aut
1695 2507 1815 2615 aliqua

392 2639 462 2714 alia
482 2667 604 2728 eausa,
627 2639 666 2714 in
690 2667 755 2716 sua
774 2639 1013 2745 deposicione
1033 2638 1168 2716 dixerit
1193 2639 1405 2728 salsitatem,
1439 2639 1530 2717 dixit
1550 2667 1619 2744 per
1630 2640 1817 2746 juramen·
1895 2679 1905 2694 ·

391 2785 472 2844 tum
492 2795 602 2844 sumn
621 2769 725 2873 quod
744 2797 838 2857 non,
859 2770 976 2847 immo
1000 2798 1132 2874 puram
1153 2787 1191 2847 et
1209 2798 1351 2846 meram
1372 2771 1508 2847 dixerit
1523 2770 1728 2847 veritatem.

447 3029 540 3102 ltem
560 3028 673 3104 frater
691 3026 864 3106 Nicolaus
884 3027 931 3103 de
948 3027 1113 3133 Capella,
1142 3031 1247 3106 etatis
1269 3030 1536 3136 quinquaginta
1556 3056 1739 3108 annorum
1757 3029 1812 3106 vel

392 3159 502 3245 ciros,
526 3157 661 3234 eodem
680 3157 796 3234 modo
811 3157 955 3263 juretus
973 3157 1020 3234 de
1036 3187 1076 3234 se
1095 3175 1132 3234 et
1147 3159 1228 3235 aliis
1243 3159 1282 3234 in
1303 3187 1409 3236 muse
1427 3158 1517 3237 fidei
1539 3159 1663 3238 dicere
1682 3159 1813 3236 verita-

391 3305 486 3373 tem,
507 3303 545 3362 et
561 3287 763 3392 requisitus
783 3286 829 3364 de
847 3304 1015 3394 tempore
1035 3305 1074 3366 et
1093 3288 1208 3366 modo
1231 3289 1460 3394 recepcionis
1480 3317 1545 3366 sue
1571 3290 1610 3366 in
1634 3290 1734 3368 dicto
1753 3317 1812 3367 or-

391 3418 495 3504 dine,
529 3417 621 3494 dixit
644 3443 712 3522 per
731 3417 985 3523 juramentum
1012 3445 1124 3494 suum
1153 3419 1257 3524 quod
1282 3419 1354 3496 suit
1379 3437 1553 3526 receptus
1571 3421 1610 3496 in
1631 3421 1745 3498 domo
1764 3419 1810 3496 de

388 3547 492 3624 Bello
505 3546 596 3626 Visu
621 3547 847 3624 Senonensis
867 3547 1041 3638 diocesis,
1061 3547 1188 3654 viginti
1206 3549 1291 3624 anni
1308 3566 1397 3626 sunt
1417 3549 1546 3654 elapsi,
1568 3577 1636 3654 per
1658 3549 1808 3626 fratrem

388 3679 420 3754 J.
442 3677 490 3754 de
510 3678 638 3754 Turno
666 3694 758 3754 tuno
779 3678 1051 3755 thesaurarium
1075 3677 1336 3780 Parisiensem,
1366 3679 1604 3784 presentibus
1636 3680 1811 3756 fratribus

387 3805 556 3886 lohanne
572 3807 858 3886 diotoLeGrant
870 3809 918 3886 de
928 3807 1168 3914 Laignexille,
1183 3827 1219 3886 et
1234 3809 1458 3913 quibusdam
1469 3810 1550 3887 eliis
1562 3809 1627 3916 qui
1642 3807 1808 3886 defuncti

388 3953 486 4013 sunt.
507 3936 608 4014 Dixit
620 3955 747 4015 tamen
764 3967 833 4042 per
846 3939 1103 4044 juramentum
1121 3967 1231 4016 suum
1252 3941 1372 4045 quod,
1394 3956 1479 4045 post
1495 3940 1637 4045 aliquas
1652 3940 1809 4045 promis-

389 4069 511 4142 siones
530 4067 641 4143 factas
657 4067 704 4144 de
718 4069 861 4178 statutis
882 4085 919 4144 et
931 4068 1080 4144 secretis
1097 4069 1185 4145 dicti
1201 4070 1340 4146 ordinis
1353 4070 1606 4157 observandis,
1621 4067 1691 4146 lixit
1705 4097 1809 4145 man-

388 4196 518 4272 tellum
546 4195 617 4274 sibi
646 4196 811 4303 positum
840 4195 889 4272 ad
916 4196 1068 4285 collum,
1097 4215 1133 4274 et
1156 4198 1338 4304 recipiens
1365 4199 1530 4275 ostendit
1559 4197 1630 4276 sibi
1663 4227 1808 4274 cmcem

388 4327 592 4433 quamdam
611 4326 648 4402 in
668 4353 742 4432 que
767 4344 844 4402 eret
862 4355 995 4436 ymago
1016 4328 1133 4405 Jhesu
1148 4327 1286 4406 Christi
1308 4327 1489 4416 crucifixi,
1512 4345 1550 4404 et
1569 4328 1683 4434 peciit
1698 4327 1744 4404 ah
1762 4353 1808 4404 eo

387 4474 515 4534 utrum
531 4457 699 4534 crederet
709 4456 747 4533 in
764 4485 809 4534 eo
830 4457 935 4564 cnjus
947 4487 1079 4566 ymago
1091 4457 1144 4535 ihi
1161 4476 1254 4548 erat3
1273 4461 1403 4565 etipse
1418 4455 1729 4564 responditquod
1744 4457 1806 4534 sio.

387 4589 434 4665 Et
444 4605 532 4666 tunc
546 4585 618 4666 fuit
637 4587 848 4694 compulsus
862 4617 931 4694 per
946 4617 1051 4679 eum,
1069 4607 1113 4667 ut
1133 4590 1241 4678 dixit,
1257 4590 1437 4695 abnegare
1449 4589 1605 4666 lhesum
1617 4588 1807 4666 Christum

387 4735 425 4795 et
449 4746 581 4824 spuere
608 4733 676 4794 ter.
705 4718 808 4796 Dixit
827 4719 944 4796 eciam
963 4748 1031 4825 per
1044 4719 1299 4826 juramentum
1321 4720 1426 4826 quod
1446 4719 1629 4796 osculatus
1656 4718 1728 4795 fuit
1752 4717 1810 4794 di-

387 4867 487 4928 ctum
504 4867 736 4956 receptorem
756 4851 795 4928 in
815 4850 995 4929 umbilico
1008 4869 1047 4930 et
1066 4850 1106 4927 in
1127 4878 1203 4930 ore.
1217 4849 1318 4928 Dixit
1334 4851 1450 4928 eciam
1468 4879 1536 4957 per
1551 4851 1808 4956 juramentum
