<?xml version="1.0" encoding="UTF-8"?>
<!DOCTYPE html PUBLIC "-//W3C//DTD XHTML 1.0 Transitional//EN"
    "http://www.w3.org/TR/xhtml1/DTD/xhtml1-transitional.dtd">
<html xmlns="http://www.w3.org/1999/xhtml" xml:lang="en" lang="en">
 <head>
  <title>
</title>
<meta http-equiv="Content-Type" content="text/html;charset=utf-8" />
  <meta name='ocr-system' content='tesseract 3.04.00' />
  <meta name='ocr-capabilities' content='ocr_page ocr_carea ocr_par ocr_line ocrx_word'/>
</head>
<body>
  <div class='ocr_page' id='page_1' title='image "./procsdestemplie03defegoog/procsdestemplie03defegoog_0502.png"; bbox 0 0 4202 5876; ppageno 0'>
   <div class='ocr_carea' id='block_1_1' title="bbox 352 517 1436 642">
    <p class='ocr_par' dir='ltr' id='par_1_1' title="bbox 352 517 1436 642">
     <span class='ocr_line' id='line_1_1' title="bbox 352 517 1436 642; baseline -0.002 -3"><span class='ocrx_word' id='word_1_1' title='bbox 352 517 360 532; x_wconf 53' lang='lat'>⁸</span> <span class='ocrx_word' id='word_1_2' title='bbox 402 565 475 642; x_wconf 78' lang='lat' dir='ltr'><strong>rso</strong></span> <span class='ocrx_word' id='word_1_3' title='bbox 791 547 989 640; x_wconf 71' lang='lat' dir='ltr'><strong>moces</strong></span> <span class='ocrx_word' id='word_1_4' title='bbox 1015 567 1111 639; x_wconf 85' lang='lat' dir='ltr'><strong>nus</strong></span> <span class='ocrx_word' id='word_1_5' title='bbox 1138 565 1436 638; x_wconf 80' lang='lat' dir='ltr'><strong>ruurmens</strong></span> 
     </span>
    </p>
   </div>
   <div class='ocr_carea' id='block_1_2' title="bbox 340 705 1840 4989">
    <p class='ocr_par' dir='ltr' id='par_1_2' title="bbox 399 705 1840 1337">
     <span class='ocr_line' id='line_1_2' title="bbox 401 705 1823 786; baseline 0 -1"><span class='ocrx_word' id='word_1_6' title='bbox 401 709 553 786; x_wconf 88' lang='lat' dir='ltr'><strong>credere</strong></span> <span class='ocrx_word' id='word_1_7' title='bbox 577 726 847 786; x_wconf 89' lang='lat' dir='ltr'><strong>sacramentum</strong></span> <span class='ocrx_word' id='word_1_8' title='bbox 873 709 996 786; x_wconf 88' lang='lat' dir='ltr'><strong>altaris</strong></span> <span class='ocrx_word' id='word_1_9' title='bbox 1020 726 1056 784; x_wconf 88' lang='lat' dir='ltr'><strong>et.</strong></span> <span class='ocrx_word' id='word_1_10' title='bbox 1080 706 1149 783; x_wconf 90' lang='lat' dir='ltr'><strong>alia</strong></span> <span class='ocrx_word' id='word_1_11' title='bbox 1174 724 1400 784; x_wconf 89' lang='lat' dir='ltr'><strong>sacramenta</strong></span> <span class='ocrx_word' id='word_1_12' title='bbox 1420 723 1543 784; x_wconf 88' lang='lat' dir='ltr'><strong>sancte</strong></span> <span class='ocrx_word' id='word_1_13' title='bbox 1568 705 1639 783; x_wconf 92' lang='lat' dir='ltr'><strong>Dei</strong></span> <span class='ocrx_word' id='word_1_14' title='bbox 1664 707 1823 785; x_wconf 80' lang='lat' dir='ltr'><strong>Ecclesia</strong></span> 
     </span>
     <span class='ocr_line' id='line_1_3' title="bbox 401 835 1840 947; baseline 0 -31"><span class='ocrx_word' id='word_1_15' title='bbox 401 868 479 918; x_wconf 88' lang='lat' dir='ltr'><strong>esse</strong></span> <span class='ocrx_word' id='word_1_16' title='bbox 500 841 652 917; x_wconf 90' lang='lat' dir='ltr'><strong>inducta</strong></span> <span class='ocrx_word' id='word_1_17' title='bbox 671 867 740 947; x_wconf 90' lang='lat' dir='ltr'><strong>pro</strong></span> <span class='ocrx_word' id='word_1_18' title='bbox 757 841 967 917; x_wconf 89' lang='lat' dir='ltr'><strong>animarum</strong></span> <span class='ocrx_word' id='word_1_19' title='bbox 987 837 1159 916; x_wconf 87' lang='lat' dir='ltr'><strong>fidelium</strong></span> <span class='ocrx_word' id='word_1_20' title='bbox 1176 835 1309 930; x_wconf 89' lang='lat' dir='ltr'><strong>salute,</strong></span> <span class='ocrx_word' id='word_1_21' title='bbox 1332 855 1370 915; x_wconf 90' lang='lat' dir='ltr'><strong>et</strong></span> <span class='ocrx_word' id='word_1_22' title='bbox 1382 865 1460 914; x_wconf 90' lang='lat' dir='ltr'><strong>esse</strong></span> <span class='ocrx_word' id='word_1_23' title='bbox 1474 837 1514 912; x_wconf 93' lang='lat' dir='ltr'><strong>in</strong></span> <span class='ocrx_word' id='word_1_24' title='bbox 1526 837 1688 914; x_wconf 87' lang='lat' dir='ltr'><strong>Ecclesia</strong></span> <span class='ocrx_word' id='word_1_25' title='bbox 1704 857 1840 938; x_wconf 85' lang='lat' dir='ltr'><strong>sancta¹</strong></span> 
     </span>
     <span class='ocr_line' id='line_1_4' title="bbox 399 966 1823 1076; baseline -0.001 -30"><span class='ocrx_word' id='word_1_26' title='bbox 399 969 468 1046; x_wconf 89' lang='lat' dir='ltr'><strong>Dei</strong></span> <span class='ocrx_word' id='word_1_27' title='bbox 490 985 625 1046; x_wconf 87' lang='lat' dir='ltr'><strong>statuta</strong></span> <span class='ocrx_word' id='word_1_28' title='bbox 646 987 758 1076; x_wconf 90' lang='lat' dir='ltr'><strong>prout</strong></span> <span class='ocrx_word' id='word_1_29' title='bbox 777 971 855 1076; x_wconf 89' lang='lat' dir='ltr'><strong>ipsa</strong></span> <span class='ocrx_word' id='word_1_30' title='bbox 875 967 1091 1047; x_wconf 87' lang='lat' dir='ltr'><strong>universalis</strong></span> <span class='ocrx_word' id='word_1_31' title='bbox 1117 967 1280 1045; x_wconf 83' lang='lat' dir='ltr'><strong>Ecclesia</strong></span> <span class='ocrx_word' id='word_1_32' title='bbox 1300 967 1372 1044; x_wconf 91' lang='lat' dir='ltr'><strong>hoc</strong></span> <span class='ocrx_word' id='word_1_33' title='bbox 1398 966 1565 1074; x_wconf 91' lang='lat' dir='ltr'><strong>predicat</strong></span> <span class='ocrx_word' id='word_1_34' title='bbox 1581 983 1692 1074; x_wconf 82' lang='lat' dir='ltr'><strong>atque</strong></span> <span class='ocrx_word' id='word_1_35' title='bbox 1710 987 1823 1046; x_wconf 91' lang='lat' dir='ltr'><strong>tenet.</strong></span> 
     </span>
     <span class='ocr_line' id='line_1_5' title="bbox 399 1097 1827 1206; baseline -0.001 -29"><span class='ocrx_word' id='word_1_36' title='bbox 399 1099 530 1177; x_wconf 85' lang='lat' dir='ltr'><strong>Credit</strong></span> <span class='ocrx_word' id='word_1_37' title='bbox 545 1101 662 1177; x_wconf 88' lang='lat' dir='ltr'><strong>eciam</strong></span> <span class='ocrx_word' id='word_1_38' title='bbox 678 1101 782 1206; x_wconf 93' lang='lat' dir='ltr'><strong>quod</strong></span> <span class='ocrx_word' id='word_1_39' title='bbox 799 1099 928 1177; x_wconf 88' lang='lat' dir='ltr'><strong>mdlus</strong></span> <span class='ocrx_word' id='word_1_40' title='bbox 947 1126 1016 1176; x_wconf 91' lang='lat' dir='ltr'><strong>nec</strong></span> <span class='ocrx_word' id='word_1_41' title='bbox 1038 1098 1086 1175; x_wconf 92' lang='lat' dir='ltr'><strong>de</strong></span> <span class='ocrx_word' id='word_1_42' title='bbox 1108 1125 1178 1180; x_wconf 91' lang='lat' dir='ltr'><strong>suo</strong></span> <span class='ocrx_word' id='word_1_43' title='bbox 1202 1097 1333 1175; x_wconf 87' lang='lat' dir='ltr'><strong>ordine</strong></span> <span class='ocrx_word' id='word_1_44' title='bbox 1356 1125 1425 1174; x_wconf 90' lang='lat' dir='ltr'><strong>nec</strong></span> <span class='ocrx_word' id='word_1_45' title='bbox 1447 1097 1568 1204; x_wconf 87' lang='lat' dir='ltr'><strong>quivis</strong></span> <span class='ocrx_word' id='word_1_46' title='bbox 1591 1098 1686 1176; x_wconf 90' lang='lat' dir='ltr'><strong>alius</strong></span> <span class='ocrx_word' id='word_1_47' title='bbox 1712 1101 1827 1204; x_wconf 91' lang='lat' dir='ltr'><strong>possit</strong></span> 
     </span>
     <span class='ocr_line' id='line_1_6' title="bbox 399 1203 1716 1337; baseline 0.002 -33"><span class='ocrx_word' id='word_1_48' title='bbox 399 1229 589 1308; x_wconf 87' lang='lat' dir='ltr'><strong>absolvere</strong></span> <span class='ocrx_word' id='word_1_49' title='bbox 609 1259 627 1306; x_wconf 90' lang='lat' dir='ltr'><strong>a</strong></span> <span class='ocrx_word' id='word_1_50' title='bbox 649 1230 824 1337; x_wconf 89' lang='lat' dir='ltr'><strong>peccatis,</strong></span> <span class='ocrx_word' id='word_1_51' title='bbox 846 1229 917 1306; x_wconf 91' lang='lat' dir='ltr'><strong>nisi</strong></span> <span class='ocrx_word' id='word_1_52' title='bbox 943 1229 1055 1306; x_wconf 85' lang='lat' dir='ltr'><strong>luerit</strong></span> <span class='ocrx_word' id='word_1_53' title='bbox 1075 1229 1147 1305; x_wconf 90' lang='lat' dir='ltr'><strong>rite</strong></span> <span class='ocrx_word' id='word_1_54' title='bbox 1168 1203 1210 1305; x_wconf 61' lang='lat' dir='ltr'><strong>in¹</strong></span> <span class='ocrx_word' id='word_1_55' title='bbox 1226 1228 1433 1306; x_wconf 88' lang='lat' dir='ltr'><strong>sacerdotio</strong></span> <span class='ocrx_word' id='word_1_56' title='bbox 1455 1219 1658 1306; x_wconf 89' lang='lat' dir='ltr'><strong>ordinatus.</strong></span> <span class='ocrx_word' id='word_1_57' title='bbox 1711 1220 1716 1229; x_wconf 63' lang='grc'><strong><em>’</em></strong></span> 
     </span>
    </p>

    <p class='ocr_par' dir='ltr' id='par_1_3' title="bbox 397 1344 1826 1960">
     <span class='ocr_line' id='line_1_7' title="bbox 402 1344 1826 1468; baseline -0.001 -28"><span class='ocrx_word' id='word_1_58' title='bbox 402 1344 428 1412; x_wconf 51' lang='grc'><strong>’·</strong></span> <span class='ocrx_word' id='word_1_59' title='bbox 455 1360 666 1440; x_wconf 86' lang='lat' dir='ltr'><strong>Confitetur</strong></span> <span class='ocrx_word' id='word_1_60' title='bbox 679 1361 795 1438; x_wconf 87' lang='lat' dir='ltr'><strong>eciam</strong></span> <span class='ocrx_word' id='word_1_61' title='bbox 816 1361 922 1467; x_wconf 93' lang='lat' dir='ltr'><strong>quod</strong></span> <span class='ocrx_word' id='word_1_62' title='bbox 938 1389 1093 1468; x_wconf 87' lang='lat' dir='ltr'><strong>magnus</strong></span> <span class='ocrx_word' id='word_1_63' title='bbox 1107 1359 1284 1466; x_wconf 81' lang='lat' dir='ltr'><strong>Magister</strong></span> <span class='ocrx_word' id='word_1_64' title='bbox 1300 1359 1388 1436; x_wconf 89' lang='lat' dir='ltr'><strong>dicti</strong></span> <span class='ocrx_word' id='word_1_65' title='bbox 1405 1359 1548 1436; x_wconf 88' lang='lat' dir='ltr'><strong>ordinis</strong></span> <span class='ocrx_word' id='word_1_66' title='bbox 1563 1378 1601 1437; x_wconf 84' lang='lat' dir='ltr'><strong>et</strong></span> <span class='ocrx_word' id='word_1_67' title='bbox 1614 1361 1727 1438; x_wconf 87' lang='lat' dir='ltr'><strong>ceteri</strong></span> <span class='ocrx_word' id='word_1_68' title='bbox 1743 1389 1826 1466; x_wconf 90' lang='lat' dir='ltr'><strong>pre-</strong></span> 
     </span>
     <span class='ocr_line' id='line_1_8' title="bbox 399 1489 1825 1599; baseline 0 -31"><span class='ocrx_word' id='word_1_69' title='bbox 399 1510 567 1599; x_wconf 89' lang='lat' dir='ltr'><strong>ceptores</strong></span> <span class='ocrx_word' id='word_1_70' title='bbox 583 1490 676 1598; x_wconf 85' lang='lat' dir='ltr'><strong>layci</strong></span> <span class='ocrx_word' id='word_1_71' title='bbox 692 1491 925 1597; x_wconf 82' lang='lat' dir='ltr'><strong>presidentes</strong></span> <span class='ocrx_word' id='word_1_72' title='bbox 938 1507 1097 1597; x_wconf 88' lang='lat' dir='ltr'><strong>possunt</strong></span> <span class='ocrx_word' id='word_1_73' title='bbox 1106 1519 1219 1596; x_wconf 89' lang='lat' dir='ltr'><strong>penas</strong></span> <span class='ocrx_word' id='word_1_74' title='bbox 1235 1490 1447 1596; x_wconf 86' lang='lat' dir='ltr'><strong>corporales</strong></span> <span class='ocrx_word' id='word_1_75' title='bbox 1461 1491 1552 1597; x_wconf 90' lang='lat' dir='ltr'><strong>ipsis</strong></span> <span class='ocrx_word' id='word_1_76' title='bbox 1568 1489 1743 1570; x_wconf 83' lang='lat' dir='ltr'><strong>fratribus</strong></span> <span class='ocrx_word' id='word_1_77' title='bbox 1757 1521 1825 1599; x_wconf 89' lang='lat' dir='ltr'><strong>pro</strong></span> 
     </span>
     <span class='ocr_line' id='line_1_9' title="bbox 397 1620 1826 1729; baseline 0.002 -32"><span class='ocrx_word' id='word_1_78' title='bbox 397 1621 516 1728; x_wconf 91' lang='lat' dir='ltr'><strong>culpis</strong></span> <span class='ocrx_word' id='word_1_79' title='bbox 532 1650 553 1697; x_wconf 94' lang='lat' dir='ltr'><strong>a</strong></span> <span class='ocrx_word' id='word_1_80' title='bbox 568 1649 606 1698; x_wconf 90' lang='lat' dir='ltr'><strong>se</strong></span> <span class='ocrx_word' id='word_1_81' title='bbox 627 1621 796 1699; x_wconf 90' lang='lat' dir='ltr'><strong>comissis</strong></span> <span class='ocrx_word' id='word_1_82' title='bbox 814 1621 1025 1728; x_wconf 85' lang='lat' dir='ltr'><strong>imponere,</strong></span> <span class='ocrx_word' id='word_1_83' title='bbox 1042 1621 1148 1728; x_wconf 88' lang='lat' dir='ltr'><strong>juxta</strong></span> <span class='ocrx_word' id='word_1_84' title='bbox 1170 1636 1306 1698; x_wconf 86' lang='lat' dir='ltr'><strong>statuta</strong></span> <span class='ocrx_word' id='word_1_85' title='bbox 1326 1620 1468 1698; x_wconf 92' lang='lat' dir='ltr'><strong>ordinis</strong></span> <span class='ocrx_word' id='word_1_86' title='bbox 1485 1621 1704 1729; x_wconf 84' lang='lat' dir='ltr'><strong>supradicti;</strong></span> <span class='ocrx_word' id='word_1_87' title='bbox 1724 1625 1826 1729; x_wconf 90' lang='lat' dir='ltr'><strong>peni-</strong></span> 
     </span>
     <span class='ocr_line' id='line_1_10' title="bbox 397 1750 1822 1861; baseline 0.001 -34"><span class='ocrx_word' id='word_1_88' title='bbox 397 1752 534 1829; x_wconf 87' lang='lat' dir='ltr'><strong>tencias</strong></span> <span class='ocrx_word' id='word_1_89' title='bbox 554 1769 679 1829; x_wconf 88' lang='lat' dir='ltr'><strong>autem</strong></span> <span class='ocrx_word' id='word_1_90' title='bbox 700 1751 911 1859; x_wconf 84' lang='lat' dir='ltr'><strong>spirituales</strong></span> <span class='ocrx_word' id='word_1_91' title='bbox 932 1769 1126 1858; x_wconf 87' lang='lat' dir='ltr'><strong>nequeunt</strong></span> <span class='ocrx_word' id='word_1_92' title='bbox 1152 1750 1418 1830; x_wconf 88' lang='lat' dir='ltr'><strong>confitentibus</strong></span> <span class='ocrx_word' id='word_1_93' title='bbox 1439 1769 1588 1858; x_wconf 89' lang='lat' dir='ltr'><strong>peccata</strong></span> <span class='ocrx_word' id='word_1_94' title='bbox 1615 1753 1822 1861; x_wconf 86' lang='lat' dir='ltr'><strong>injungere,</strong></span> 
     </span>
     <span class='ocr_line' id='line_1_11' title="bbox 397 1881 869 1960; baseline -0.002 -2"><span class='ocrx_word' id='word_1_95' title='bbox 397 1883 468 1958; x_wconf 90' lang='lat' dir='ltr'><strong>nisi</strong></span> <span class='ocrx_word' id='word_1_96' title='bbox 487 1881 626 1959; x_wconf 86' lang='lat' dir='ltr'><strong>suerint</strong></span> <span class='ocrx_word' id='word_1_97' title='bbox 646 1881 869 1960; x_wconf 86' lang='lat' dir='ltr'><strong>sacerdotes.</strong></span> 
     </span>
    </p>

    <p class='ocr_par' dir='ltr' id='par_1_4' title="bbox 396 2010 1825 2507">
     <span class='ocr_line' id='line_1_12' title="bbox 454 2010 1825 2122; baseline -0.001 -30"><span class='ocrx_word' id='word_1_98' title='bbox 454 2010 662 2102; x_wconf 87' lang='lat' dir='ltr'><strong>Confitetur</strong></span> <span class='ocrx_word' id='word_1_99' title='bbox 676 2041 830 2122; x_wconf 87' lang='lat' dir='ltr'><strong>quoque</strong></span> <span class='ocrx_word' id='word_1_100' title='bbox 846 2014 967 2118; x_wconf 90' lang='lat' dir='ltr'><strong>quod,</strong></span> <span class='ocrx_word' id='word_1_101' title='bbox 990 2013 1028 2088; x_wconf 92' lang='lat' dir='ltr'><strong>in</strong></span> <span class='ocrx_word' id='word_1_102' title='bbox 1042 2014 1262 2119; x_wconf 86' lang='lat' dir='ltr'><strong>recepcione</strong></span> <span class='ocrx_word' id='word_1_103' title='bbox 1275 2014 1432 2092; x_wconf 83' lang='lat' dir='ltr'><strong>fratrum</strong></span> <span class='ocrx_word' id='word_1_104' title='bbox 1448 2013 1538 2092; x_wconf 88' lang='lat' dir='ltr'><strong>dicti</strong></span> <span class='ocrx_word' id='word_1_105' title='bbox 1554 2015 1712 2105; x_wconf 84' lang='lat' dir='ltr'><strong>ordinis,</strong></span> <span class='ocrx_word' id='word_1_106' title='bbox 1734 2018 1825 2092; x_wconf 87' lang='lat' dir='ltr'><strong>reci-</strong></span> 
     </span>
     <span class='ocr_line' id='line_1_13' title="bbox 396 2143 1823 2252; baseline 0.003 -34"><span class='ocrx_word' id='word_1_107' title='bbox 396 2143 504 2247; x_wconf 92' lang='lat' dir='ltr'><strong>piens</strong></span> <span class='ocrx_word' id='word_1_108' title='bbox 521 2160 558 2219; x_wconf 87' lang='lat' dir='ltr'><strong>et</strong></span> <span class='ocrx_word' id='word_1_109' title='bbox 576 2160 750 2250; x_wconf 88' lang='lat' dir='ltr'><strong>receptus</strong></span> <span class='ocrx_word' id='word_1_110' title='bbox 769 2171 808 2221; x_wconf 88' lang='lat' dir='ltr'><strong>se</strong></span> <span class='ocrx_word' id='word_1_111' title='bbox 829 2159 963 2220; x_wconf 90' lang='lat' dir='ltr'><strong>mutuo</strong></span> <span class='ocrx_word' id='word_1_112' title='bbox 983 2143 1198 2220; x_wconf 85' lang='lat' dir='ltr'><strong>osculantur</strong></span> <span class='ocrx_word' id='word_1_113' title='bbox 1217 2143 1256 2220; x_wconf 94' lang='lat' dir='ltr'><strong>in</strong></span> <span class='ocrx_word' id='word_1_114' title='bbox 1279 2171 1343 2221; x_wconf 91' lang='lat' dir='ltr'><strong>ore</strong></span> <span class='ocrx_word' id='word_1_115' title='bbox 1362 2161 1526 2234; x_wconf 79' lang='lat' dir='ltr'><strong>tantum3</strong></span> <span class='ocrx_word' id='word_1_116' title='bbox 1549 2163 1722 2252; x_wconf 86' lang='lat' dir='ltr'><strong>receptus</strong></span> <span class='ocrx_word' id='word_1_117' title='bbox 1738 2175 1823 2222; x_wconf 89' lang='lat' dir='ltr'><strong>vero</strong></span> 
     </span>
     <span class='ocr_line' id='line_1_14' title="bbox 398 2271 1823 2378; baseline 0.003 -30"><span class='ocrx_word' id='word_1_118' title='bbox 398 2271 542 2378; x_wconf 86' lang='lat' dir='ltr'><strong>aliquos</strong></span> <span class='ocrx_word' id='word_1_119' title='bbox 558 2271 687 2350; x_wconf 80' lang='lat' dir='ltr'><strong>fratres</strong></span> <span class='ocrx_word' id='word_1_120' title='bbox 707 2271 754 2350; x_wconf 93' lang='lat' dir='ltr'><strong>de</strong></span> <span class='ocrx_word' id='word_1_121' title='bbox 769 2271 974 2349; x_wconf 87' lang='lat' dir='ltr'><strong>astantibus</strong></span> <span class='ocrx_word' id='word_1_122' title='bbox 994 2271 1184 2350; x_wconf 89' lang='lat' dir='ltr'><strong>osculatur</strong></span> <span class='ocrx_word' id='word_1_123' title='bbox 1206 2272 1378 2350; x_wconf 89' lang='lat' dir='ltr'><strong>similiter</strong></span> <span class='ocrx_word' id='word_1_124' title='bbox 1399 2275 1494 2350; x_wconf 87' lang='lat' dir='ltr'><strong>etin</strong></span> <span class='ocrx_word' id='word_1_125' title='bbox 1515 2303 1579 2352; x_wconf 90' lang='lat' dir='ltr'><strong>ore</strong></span> <span class='ocrx_word' id='word_1_126' title='bbox 1599 2291 1763 2365; x_wconf 88' lang='lat' dir='ltr'><strong>tautum,</strong></span> <span class='ocrx_word' id='word_1_127' title='bbox 1788 2277 1823 2352; x_wconf 90' lang='lat' dir='ltr'><strong>in</strong></span> 
     </span>
     <span class='ocr_line' id='line_1_15' title="bbox 397 2399 1303 2507; baseline 0.004 -31"><span class='ocrx_word' id='word_1_128' title='bbox 397 2401 544 2507; x_wconf 90' lang='lat' dir='ltr'><strong>signum</strong></span> <span class='ocrx_word' id='word_1_129' title='bbox 565 2401 702 2478; x_wconf 87' lang='lat' dir='ltr'><strong>amoris</strong></span> <span class='ocrx_word' id='word_1_130' title='bbox 722 2418 760 2478; x_wconf 90' lang='lat' dir='ltr'><strong>et</strong></span> <span class='ocrx_word' id='word_1_131' title='bbox 779 2399 869 2478; x_wconf 89' lang='lat' dir='ltr'><strong>fidei</strong></span> <span class='ocrx_word' id='word_1_132' title='bbox 890 2430 933 2478; x_wconf 92' lang='lat' dir='ltr'><strong>ac</strong></span> <span class='ocrx_word' id='word_1_133' title='bbox 952 2403 1113 2479; x_wconf 79' lang='lat' dir='ltr'><strong>caritatis</strong></span> <span class='ocrx_word' id='word_1_134' title='bbox 1132 2402 1303 2480; x_wconf 87' lang='lat' dir='ltr'><strong>lrateme.</strong></span> 
     </span>
    </p>

    <p class='ocr_par' dir='ltr' id='par_1_5' title="bbox 392 2530 1825 3026">
     <span class='ocr_line' id='line_1_16' title="bbox 453 2530 1825 2641; baseline 0.005 -35"><span class='ocrx_word' id='word_1_135' title='bbox 453 2531 545 2608; x_wconf 88' lang='lat' dir='ltr'><strong>ltem</strong></span> <span class='ocrx_word' id='word_1_136' title='bbox 561 2530 753 2610; x_wconf 83' lang='lat' dir='ltr'><strong>confessus</strong></span> <span class='ocrx_word' id='word_1_137' title='bbox 769 2540 825 2609; x_wconf 89' lang='lat' dir='ltr'><strong>est</strong></span> <span class='ocrx_word' id='word_1_138' title='bbox 838 2531 962 2638; x_wconf 91' lang='lat' dir='ltr'><strong>quod,</strong></span> <span class='ocrx_word' id='word_1_139' title='bbox 979 2532 1080 2608; x_wconf 89' lang='lat' dir='ltr'><strong>inter</strong></span> <span class='ocrx_word' id='word_1_140' title='bbox 1099 2531 1259 2640; x_wconf 87' lang='lat' dir='ltr'><strong>aliaque</strong></span> <span class='ocrx_word' id='word_1_141' title='bbox 1279 2533 1349 2638; x_wconf 90' lang='lat' dir='ltr'><strong>ipsi</strong></span> <span class='ocrx_word' id='word_1_142' title='bbox 1368 2531 1500 2636; x_wconf 59' lang='lat' dir='ltr'><strong>[ratres</strong></span> <span class='ocrx_word' id='word_1_143' title='bbox 1515 2535 1655 2640; x_wconf 86' lang='lat' dir='ltr'><strong>recepti</strong></span> <span class='ocrx_word' id='word_1_144' title='bbox 1670 2537 1825 2641; x_wconf 88' lang='lat' dir='ltr'><strong>promit-</strong></span> 
     </span>
     <span class='ocr_line' id='line_1_17' title="bbox 396 2661 1824 2771; baseline 0.005 -36"><span class='ocrx_word' id='word_1_145' title='bbox 396 2679 479 2736; x_wconf 90' lang='lat' dir='ltr'><strong>tunt</strong></span> <span class='ocrx_word' id='word_1_146' title='bbox 499 2661 537 2737; x_wconf 95' lang='lat' dir='ltr'><strong>in</strong></span> <span class='ocrx_word' id='word_1_147' title='bbox 555 2690 620 2737; x_wconf 88' lang='lat' dir='ltr'><strong>sua</strong></span> <span class='ocrx_word' id='word_1_148' title='bbox 632 2662 869 2768; x_wconf 88' lang='lat' dir='ltr'><strong>recepcione‚</strong></span> <span class='ocrx_word' id='word_1_149' title='bbox 892 2661 1116 2767; x_wconf 87' lang='lat' dir='ltr'><strong>promittunt</strong></span> <span class='ocrx_word' id='word_1_150' title='bbox 1129 2689 1205 2739; x_wconf 91' lang='lat' dir='ltr'><strong>non</strong></span> <span class='ocrx_word' id='word_1_151' title='bbox 1219 2663 1318 2738; x_wconf 87' lang='lat' dir='ltr'><strong>exire</strong></span> <span class='ocrx_word' id='word_1_152' title='bbox 1337 2663 1462 2768; x_wconf 88' lang='lat' dir='ltr'><strong>ipsum</strong></span> <span class='ocrx_word' id='word_1_153' title='bbox 1478 2663 1650 2742; x_wconf 87' lang='lat' dir='ltr'><strong>ordinem</strong></span> <span class='ocrx_word' id='word_1_154' title='bbox 1671 2693 1740 2771; x_wconf 90' lang='lat' dir='ltr'><strong>pro</strong></span> <span class='ocrx_word' id='word_1_155' title='bbox 1754 2695 1824 2742; x_wconf 89' lang='lat' dir='ltr'><strong>ma-</strong></span> 
     </span>
     <span class='ocr_line' id='line_1_18' title="bbox 392 2789 1823 2900; baseline 0.004 -33"><span class='ocrx_word' id='word_1_156' title='bbox 392 2791 466 2898; x_wconf 90' lang='lat' dir='ltr'><strong>jori</strong></span> <span class='ocrx_word' id='word_1_157' title='bbox 485 2789 559 2870; x_wconf 88' lang='lat' dir='ltr'><strong>alio</strong></span> <span class='ocrx_word' id='word_1_158' title='bbox 577 2791 710 2868; x_wconf 88' lang='lat' dir='ltr'><strong>ordine</strong></span> <span class='ocrx_word' id='word_1_159' title='bbox 725 2790 783 2868; x_wconf 89' lang='lat' dir='ltr'><strong>vel</strong></span> <span class='ocrx_word' id='word_1_160' title='bbox 797 2791 950 2880; x_wconf 89' lang='lat' dir='ltr'><strong>minori,</strong></span> <span class='ocrx_word' id='word_1_161' title='bbox 966 2790 1038 2868; x_wconf 91' lang='lat' dir='ltr'><strong>nisi</strong></span> <span class='ocrx_word' id='word_1_162' title='bbox 1055 2791 1129 2870; x_wconf 91' lang='lat' dir='ltr'><strong>hoc</strong></span> <span class='ocrx_word' id='word_1_163' title='bbox 1148 2789 1283 2868; x_wconf 84' lang='lat' dir='ltr'><strong>faciant</strong></span> <span class='ocrx_word' id='word_1_164' title='bbox 1302 2792 1349 2868; x_wconf 88' lang='lat' dir='ltr'><strong>de</strong></span> <span class='ocrx_word' id='word_1_165' title='bbox 1369 2791 1523 2870; x_wconf 88' lang='lat' dir='ltr'><strong>licencia</strong></span> <span class='ocrx_word' id='word_1_166' title='bbox 1543 2793 1599 2870; x_wconf 92' lang='lat' dir='ltr'><strong>sui</strong></span> <span class='ocrx_word' id='word_1_167' title='bbox 1621 2795 1823 2900; x_wconf 86' lang='lat' dir='ltr'><strong>superioris</strong></span> 
     </span>
     <span class='ocr_line' id='line_1_19' title="bbox 397 2913 1533 3026; baseline 0.002 -31"><span class='ocrx_word' id='word_1_168' title='bbox 397 2920 463 3025; x_wconf 91' lang='lat' dir='ltr'><strong>qui</strong></span> <span class='ocrx_word' id='word_1_169' title='bbox 485 2921 532 2996; x_wconf 91' lang='lat' dir='ltr'><strong>ad</strong></span> <span class='ocrx_word' id='word_1_170' title='bbox 553 2919 627 2997; x_wconf 92' lang='lat' dir='ltr'><strong>hoc</strong></span> <span class='ocrx_word' id='word_1_171' title='bbox 647 2919 784 2996; x_wconf 89' lang='lat' dir='ltr'><strong>habeat</strong></span> <span class='ocrx_word' id='word_1_172' title='bbox 803 2937 1036 3026; x_wconf 88' lang='lat' dir='ltr'><strong>potestatem.</strong></span> <span class='ocrx_word' id='word_1_173' title='bbox 1526 2913 1533 2922; x_wconf 71' lang='grc'><strong><em>’</em></strong></span> 
     </span>
    </p>

    <p class='ocr_par' dir='ltr' id='par_1_6' title="bbox 370 3050 1822 3684">
     <span class='ocr_line' id='line_1_20' title="bbox 455 3050 1819 3164; baseline 0.002 -35"><span class='ocrx_word' id='word_1_174' title='bbox 455 3050 656 3129; x_wconf 86' lang='lat' dir='ltr'><strong>Confessus</strong></span> <span class='ocrx_word' id='word_1_175' title='bbox 679 3067 734 3128; x_wconf 86' lang='lat' dir='ltr'><strong>est</strong></span> <span class='ocrx_word' id='word_1_176' title='bbox 754 3051 868 3128; x_wconf 87' lang='lat' dir='ltr'><strong>eciam</strong></span> <span class='ocrx_word' id='word_1_177' title='bbox 890 3076 1023 3129; x_wconf 92' lang='lat' dir='ltr'><strong>senon</strong></span> <span class='ocrx_word' id='word_1_178' title='bbox 1041 3052 1175 3129; x_wconf 89' lang='lat' dir='ltr'><strong>vidisse</strong></span> <span class='ocrx_word' id='word_1_179' title='bbox 1195 3053 1340 3159; x_wconf 89' lang='lat' dir='ltr'><strong>aliquos</strong></span> <span class='ocrx_word' id='word_1_180' title='bbox 1357 3052 1489 3133; x_wconf 79' lang='lat' dir='ltr'><strong>tratres</strong></span> <span class='ocrx_word' id='word_1_181' title='bbox 1506 3054 1593 3132; x_wconf 91' lang='lat' dir='ltr'><strong>alibi</strong></span> <span class='ocrx_word' id='word_1_182' title='bbox 1614 3057 1733 3164; x_wconf 88' lang='lat' dir='ltr'><strong>recipi</strong></span> <span class='ocrx_word' id='word_1_183' title='bbox 1752 3059 1819 3134; x_wconf 88' lang='lat' dir='ltr'><strong>nisi</strong></span> 
     </span>
     <span class='ocr_line' id='line_1_21' title="bbox 398 3181 1820 3292; baseline 0.004 -36"><span class='ocrx_word' id='word_1_184' title='bbox 398 3181 436 3258; x_wconf 91' lang='lat' dir='ltr'><strong>in</strong></span> <span class='ocrx_word' id='word_1_185' title='bbox 454 3181 551 3260; x_wconf 87' lang='lat' dir='ltr'><strong>dicta</strong></span> <span class='ocrx_word' id='word_1_186' title='bbox 570 3181 685 3259; x_wconf 94' lang='lat' dir='ltr'><strong>domo</strong></span> <span class='ocrx_word' id='word_1_187' title='bbox 704 3182 823 3260; x_wconf 88' lang='lat' dir='ltr'><strong>Mansi</strong></span> <span class='ocrx_word' id='word_1_188' title='bbox 844 3181 930 3270; x_wconf 91' lang='lat' dir='ltr'><strong>Dei,</strong></span> <span class='ocrx_word' id='word_1_189' title='bbox 953 3183 1019 3259; x_wconf 89' lang='lat' dir='ltr'><strong>ubi</strong></span> <span class='ocrx_word' id='word_1_190' title='bbox 1039 3182 1131 3260; x_wconf 87' lang='lat' dir='ltr'><strong>vidit</strong></span> <span class='ocrx_word' id='word_1_191' title='bbox 1151 3201 1295 3289; x_wconf 86' lang='lat' dir='ltr'><strong>septem</strong></span> <span class='ocrx_word' id='word_1_192' title='bbox 1314 3183 1373 3261; x_wconf 89' lang='lat' dir='ltr'><strong>vel</strong></span> <span class='ocrx_word' id='word_1_193' title='bbox 1392 3203 1476 3263; x_wconf 90' lang='lat' dir='ltr'><strong>octo</strong></span> <span class='ocrx_word' id='word_1_194' title='bbox 1495 3183 1625 3263; x_wconf 83' lang='lat' dir='ltr'><strong>fratres</strong></span> <span class='ocrx_word' id='word_1_195' title='bbox 1644 3187 1759 3292; x_wconf 91' lang='lat' dir='ltr'><strong>recipi</strong></span> <span class='ocrx_word' id='word_1_196' title='bbox 1778 3189 1820 3263; x_wconf 86' lang='lat' dir='ltr'><strong>ad</strong></span> 
     </span>
     <span class='ocr_line' id='line_1_22' title="bbox 398 3312 1822 3424; baseline 0.004 -36"><span class='ocrx_word' id='word_1_197' title='bbox 398 3312 568 3389; x_wconf 92' lang='lat' dir='ltr'><strong>ordinem</strong></span> <span class='ocrx_word' id='word_1_198' title='bbox 584 3312 854 3419; x_wconf 66' lang='lat' dir='ltr'><strong>supradictum</strong></span> <span class='ocrx_word' id='word_1_199' title='bbox 876 3313 942 3390; x_wconf 91' lang='lat' dir='ltr'><strong>ubi</strong></span> <span class='ocrx_word' id='word_1_200' title='bbox 958 3315 1036 3420; x_wconf 90' lang='lat' dir='ltr'><strong>ipse</strong></span> <span class='ocrx_word' id='word_1_201' title='bbox 1053 3331 1090 3391; x_wconf 91' lang='lat' dir='ltr'><strong>et</strong></span> <span class='ocrx_word' id='word_1_202' title='bbox 1106 3315 1189 3392; x_wconf 92' lang='lat' dir='ltr'><strong>illos</strong></span> <span class='ocrx_word' id='word_1_203' title='bbox 1203 3341 1297 3424; x_wconf 92' lang='lat' dir='ltr'><strong>quos</strong></span> <span class='ocrx_word' id='word_1_204' title='bbox 1317 3315 1431 3422; x_wconf 89' lang='lat' dir='ltr'><strong>recipi</strong></span> <span class='ocrx_word' id='word_1_205' title='bbox 1446 3315 1539 3393; x_wconf 89' lang='lat' dir='ltr'><strong>vidit</strong></span> <span class='ocrx_word' id='word_1_206' title='bbox 1551 3314 1705 3394; x_wconf 87' lang='lat' dir='ltr'><strong>luerunt</strong></span> <span class='ocrx_word' id='word_1_207' title='bbox 1722 3345 1822 3394; x_wconf 89' lang='lat' dir='ltr'><strong>rece-</strong></span> 
     </span>
     <span class='ocr_line' id='line_1_23' title="bbox 370 3437 1818 3554; baseline 0.001 -33"><span class='ocrx_word' id='word_1_208' title='bbox 370 3437 373 3444; x_wconf 56' lang='grc'>’</span> <span class='ocrx_word' id='word_1_209' title='bbox 396 3443 451 3550; x_wconf 91' lang='lat' dir='ltr'><strong>pti</strong></span> <span class='ocrx_word' id='word_1_210' title='bbox 467 3443 505 3519; x_wconf 91' lang='lat' dir='ltr'><strong>in</strong></span> <span class='ocrx_word' id='word_1_211' title='bbox 526 3444 667 3550; x_wconf 88' lang='lat' dir='ltr'><strong>capella</strong></span> <span class='ocrx_word' id='word_1_212' title='bbox 687 3444 858 3551; x_wconf 89' lang='lat' dir='ltr'><strong>ejusdem</strong></span> <span class='ocrx_word' id='word_1_213' title='bbox 880 3445 1033 3534; x_wconf 91' lang='lat' dir='ltr'><strong>domus,</strong></span> <span class='ocrx_word' id='word_1_214' title='bbox 1051 3444 1182 3525; x_wconf 89' lang='lat' dir='ltr'><strong>clausis</strong></span> <span class='ocrx_word' id='word_1_215' title='bbox 1199 3445 1325 3554; x_wconf 89' lang='lat' dir='ltr'><strong>januis</strong></span> <span class='ocrx_word' id='word_1_216' title='bbox 1340 3465 1378 3524; x_wconf 88' lang='lat' dir='ltr'><strong>et</strong></span> <span class='ocrx_word' id='word_1_217' title='bbox 1392 3445 1569 3525; x_wconf 83' lang='lat' dir='ltr'><strong>omnibus</strong></span> <span class='ocrx_word' id='word_1_218' title='bbox 1585 3446 1665 3524; x_wconf 84' lang='lat' dir='ltr'><strong>aliis</strong></span> <span class='ocrx_word' id='word_1_219' title='bbox 1679 3449 1818 3554; x_wconf 85' lang='lat' dir='ltr'><strong>ejectis,</strong></span> 
     </span>
     <span class='ocr_line' id='line_1_24' title="bbox 398 3572 1792 3684; baseline 0.003 -34"><span class='ocrx_word' id='word_1_220' title='bbox 398 3575 559 3680; x_wconf 91' lang='lat' dir='ltr'><strong>exceptis</strong></span> <span class='ocrx_word' id='word_1_221' title='bbox 579 3572 754 3652; x_wconf 86' lang='lat' dir='ltr'><strong>fratribus</strong></span> <span class='ocrx_word' id='word_1_222' title='bbox 775 3573 872 3651; x_wconf 90' lang='lat' dir='ltr'><strong>dicte</strong></span> <span class='ocrx_word' id='word_1_223' title='bbox 895 3576 1030 3653; x_wconf 91' lang='lat' dir='ltr'><strong>domus</strong></span> <span class='ocrx_word' id='word_1_224' title='bbox 1045 3577 1110 3683; x_wconf 84' lang='lat' dir='ltr'><strong>qui</strong></span> <span class='ocrx_word' id='word_1_225' title='bbox 1131 3593 1222 3652; x_wconf 92' lang='lat' dir='ltr'><strong>tunc</strong></span> <span class='ocrx_word' id='word_1_226' title='bbox 1237 3575 1392 3654; x_wconf 86' lang='lat' dir='ltr'><strong>aderant</strong></span> <span class='ocrx_word' id='word_1_227' title='bbox 1405 3577 1443 3653; x_wconf 88' lang='lat' dir='ltr'><strong>in</strong></span> <span class='ocrx_word' id='word_1_228' title='bbox 1460 3576 1595 3684; x_wconf 88' lang='lat' dir='ltr'><strong>capella</strong></span> <span class='ocrx_word' id='word_1_229' title='bbox 1616 3577 1792 3683; x_wconf 88' lang='lat' dir='ltr'><strong>predicta.</strong></span> 
     </span>
    </p>

    <p class='ocr_par' dir='ltr' id='par_1_7' title="bbox 340 3703 1823 4461">
     <span class='ocr_line' id='line_1_25' title="bbox 453 3703 1823 3816; baseline 0.004 -36"><span class='ocrx_word' id='word_1_230' title='bbox 453 3703 513 3781; x_wconf 89' lang='lat' dir='ltr'><strong>Ad</strong></span> <span class='ocrx_word' id='word_1_231' title='bbox 527 3704 729 3781; x_wconf 83' lang='lat' dir='ltr'><strong>xl-lxxxu</strong></span> <span class='ocrx_word' id='word_1_232' title='bbox 749 3706 924 3784; x_wconf 86' lang='lat' dir='ltr'><strong>articulos</strong></span> <span class='ocrx_word' id='word_1_233' title='bbox 943 3705 1137 3796; x_wconf 88' lang='lat' dir='ltr'><strong>inclusive,</strong></span> <span class='ocrx_word' id='word_1_234' title='bbox 1161 3705 1359 3816; x_wconf 85' lang='lat' dir='ltr'><strong>diligenter</strong></span> <span class='ocrx_word' id='word_1_235' title='bbox 1369 3725 1405 3785; x_wconf 88' lang='lat' dir='ltr'><strong>et</strong></span> <span class='ocrx_word' id='word_1_236' title='bbox 1418 3707 1606 3816; x_wconf 84' lang='lat' dir='ltr'><strong>sigillatim</strong></span> <span class='ocrx_word' id='word_1_237' title='bbox 1621 3707 1823 3816; x_wconf 86' lang='lat' dir='ltr'><strong>interroga-</strong></span> 
     </span>
     <span class='ocr_line' id='line_1_26' title="bbox 397 3835 1820 3946; baseline 0.002 -35"><span class='ocrx_word' id='word_1_238' title='bbox 397 3852 472 3924; x_wconf 90' lang='lat' dir='ltr'><strong>tus,</strong></span> <span class='ocrx_word' id='word_1_239' title='bbox 493 3835 725 3940; x_wconf 89' lang='lat' dir='ltr'><strong>respondens</strong></span> <span class='ocrx_word' id='word_1_240' title='bbox 739 3837 889 3944; x_wconf 76' lang='lat' dir='ltr'><strong>&#39;negavit</strong></span> <span class='ocrx_word' id='word_1_241' title='bbox 908 3837 1009 3943; x_wconf 90' lang='lat' dir='ltr'><strong>ipsos</strong></span> <span class='ocrx_word' id='word_1_242' title='bbox 1029 3837 1204 3916; x_wconf 90' lang='lat' dir='ltr'><strong>articulos</strong></span> <span class='ocrx_word' id='word_1_243' title='bbox 1225 3855 1262 3915; x_wconf 89' lang='lat' dir='ltr'><strong>et</strong></span> <span class='ocrx_word' id='word_1_244' title='bbox 1280 3839 1407 3915; x_wconf 90' lang='lat' dir='ltr'><strong>omnia</strong></span> <span class='ocrx_word' id='word_1_245' title='bbox 1428 3853 1466 3916; x_wconf 88' lang='lat' dir='ltr'><strong>et</strong></span> <span class='ocrx_word' id='word_1_246' title='bbox 1490 3837 1634 3946; x_wconf 90' lang='lat' dir='ltr'><strong>singula</strong></span> <span class='ocrx_word' id='word_1_247' title='bbox 1653 3853 1820 3917; x_wconf 85' lang='lat' dir='ltr'><strong>contenta</strong></span> 
     </span>
     <span class='ocr_line' id='line_1_27' title="bbox 397 3965 1823 4072; baseline -0.002 -32"><span class='ocrx_word' id='word_1_248' title='bbox 397 3967 435 4041; x_wconf 91' lang='lat' dir='ltr'><strong>in</strong></span> <span class='ocrx_word' id='word_1_249' title='bbox 454 3965 522 4054; x_wconf 80' lang='lat' dir='ltr'><strong>eiS,</strong></span> <span class='ocrx_word' id='word_1_250' title='bbox 547 3984 700 4072; x_wconf 83' lang='lat' dir='ltr'><strong>excepto</strong></span> <span class='ocrx_word' id='word_1_251' title='bbox 717 3967 823 4072; x_wconf 93' lang='lat' dir='ltr'><strong>quod</strong></span> <span class='ocrx_word' id='word_1_252' title='bbox 842 3967 1032 4042; x_wconf 81' lang='lat' dir='ltr'><strong>consessus</strong></span> <span class='ocrx_word' id='word_1_253' title='bbox 1049 3985 1105 4040; x_wconf 89' lang='lat' dir='ltr'><strong>est</strong></span> <span class='ocrx_word' id='word_1_254' title='bbox 1125 3969 1229 4070; x_wconf 77' lang='lat' dir='ltr'><strong>quod</strong></span> <span class='ocrx_word' id='word_1_255' title='bbox 1243 3967 1373 4040; x_wconf 84' lang='lat' dir='ltr'><strong>fratres</strong></span> <span class='ocrx_word' id='word_1_256' title='bbox 1390 3969 1508 4070; x_wconf 79' lang='lat' dir='ltr'><strong>ipsius</strong></span> <span class='ocrx_word' id='word_1_257' title='bbox 1521 3969 1662 4040; x_wconf 87' lang='lat' dir='ltr'><strong>ordinis</strong></span> <span class='ocrx_word' id='word_1_258' title='bbox 1675 3987 1823 4068; x_wconf 74' lang='lat' dir='ltr'><strong>portant</strong></span> 
     </span>
     <span class='ocr_line' id='line_1_28' title="bbox 397 4093 1822 4202; baseline 0.001 -33"><span class='ocrx_word' id='word_1_259' title='bbox 397 4095 557 4200; x_wconf 88' lang='lat' dir='ltr'><strong>quilibet</strong></span> <span class='ocrx_word' id='word_1_260' title='bbox 577 4095 768 4202; x_wconf 84' lang='lat' dir='ltr'><strong>cingulum</strong></span> <span class='ocrx_word' id='word_1_261' title='bbox 789 4095 864 4172; x_wconf 87' lang='lat' dir='ltr'><strong>sive</strong></span> <span class='ocrx_word' id='word_1_262' title='bbox 885 4095 1079 4171; x_wconf 85' lang='lat' dir='ltr'><strong>cordulam</strong></span> <span class='ocrx_word' id='word_1_263' title='bbox 1098 4123 1211 4202; x_wconf 92' lang='lat' dir='ltr'><strong>super</strong></span> <span class='ocrx_word' id='word_1_264' title='bbox 1230 4093 1419 4171; x_wconf 87' lang='lat' dir='ltr'><strong>camisiam</strong></span> <span class='ocrx_word' id='word_1_265' title='bbox 1440 4093 1632 4183; x_wconf 89' lang='lat' dir='ltr'><strong>continue;</strong></span> <span class='ocrx_word' id='word_1_266' title='bbox 1654 4094 1722 4170; x_wconf 83' lang='lat' dir='ltr'><strong>sed</strong></span> <span class='ocrx_word' id='word_1_267' title='bbox 1739 4123 1822 4170; x_wconf 85' lang='lat' dir='ltr'><strong>cau-</strong></span> 
     </span>
     <span class='ocr_line' id='line_1_29' title="bbox 397 4223 1822 4330; baseline -0.001 -30"><span class='ocrx_word' id='word_1_268' title='bbox 397 4251 476 4300; x_wconf 91' lang='lat' dir='ltr'><strong>sam</strong></span> <span class='ocrx_word' id='word_1_269' title='bbox 500 4253 614 4330; x_wconf 89' lang='lat' dir='ltr'><strong>quare</strong></span> <span class='ocrx_word' id='word_1_270' title='bbox 638 4223 731 4300; x_wconf 84' lang='lat' dir='ltr'><strong>dixit</strong></span> <span class='ocrx_word' id='word_1_271' title='bbox 754 4253 793 4302; x_wconf 87' lang='lat' dir='ltr'><strong>se</strong></span> <span class='ocrx_word' id='word_1_272' title='bbox 822 4224 983 4315; x_wconf 77' lang='lat' dir='ltr'><strong>nesci‘re3</strong></span> <span class='ocrx_word' id='word_1_273' title='bbox 1007 4240 1136 4302; x_wconf 88' lang='lat' dir='ltr'><strong>tamen</strong></span> <span class='ocrx_word' id='word_1_274' title='bbox 1157 4224 1276 4302; x_wconf 89' lang='lat' dir='ltr'><strong>credit</strong></span> <span class='ocrx_word' id='word_1_275' title='bbox 1295 4225 1400 4330; x_wconf 93' lang='lat' dir='ltr'><strong>quod</strong></span> <span class='ocrx_word' id='word_1_276' title='bbox 1420 4251 1462 4301; x_wconf 90' lang='lat' dir='ltr'><strong>ea</strong></span> <span class='ocrx_word' id='word_1_277' title='bbox 1488 4223 1637 4302; x_wconf 88' lang='lat' dir='ltr'><strong>racione</strong></span> <span class='ocrx_word' id='word_1_278' title='bbox 1660 4224 1749 4329; x_wconf 83' lang='lat' dir='ltr'><strong>quia</strong></span> <span class='ocrx_word' id='word_1_279' title='bbox 1771 4252 1822 4298; x_wconf 88' lang='lat' dir='ltr'><strong>re-</strong></span> 
     </span>
     <span class='ocr_line' id='line_1_30' title="bbox 340 4353 1818 4461; baseline -0.004 -29"><span class='ocrx_word' id='word_1_280' title='bbox 340 4411 347 4422; x_wconf 71' lang='lat'>·</span> <span class='ocrx_word' id='word_1_281' title='bbox 398 4371 527 4461; x_wconf 86' lang='lat' dir='ltr'><strong>ceptus</strong></span> <span class='ocrx_word' id='word_1_282' title='bbox 540 4354 587 4432; x_wconf 90' lang='lat' dir='ltr'><strong>ad</strong></span> <span class='ocrx_word' id='word_1_283' title='bbox 599 4355 741 4432; x_wconf 89' lang='lat' dir='ltr'><strong>dietum</strong></span> <span class='ocrx_word' id='word_1_284' title='bbox 754 4355 1097 4432; x_wconf 90' lang='lat' dir='ltr'><strong>ordinemhabetur</strong></span> <span class='ocrx_word' id='word_1_285' title='bbox 1113 4373 1153 4432; x_wconf 89' lang='lat' dir='ltr'><strong>ut</strong></span> <span class='ocrx_word' id='word_1_286' title='bbox 1168 4355 1285 4434; x_wconf 93' lang='lat' dir='ltr'><strong>homo</strong></span> <span class='ocrx_word' id='word_1_287' title='bbox 1297 4371 1469 4432; x_wconf 88' lang='lat' dir='ltr'><strong>mortuus</strong></span> <span class='ocrx_word' id='word_1_288' title='bbox 1482 4353 1607 4461; x_wconf 88' lang='lat' dir='ltr'><strong>quoad</strong></span> <span class='ocrx_word' id='word_1_289' title='bbox 1622 4353 1818 4431; x_wconf 87' lang='lat' dir='ltr'><strong>mundum.</strong></span> 
     </span>
    </p>

    <p class='ocr_par' dir='ltr' id='par_1_8' title="bbox 395 4475 1821 4856">
     <span class='ocr_line' id='line_1_31' title="bbox 452 4475 1821 4593; baseline -0.002 -30"><span class='ocrx_word' id='word_1_290' title='bbox 452 4485 555 4563; x_wconf 87' lang='lat' dir='ltr'><strong>Dixit</strong></span> <span class='ocrx_word' id='word_1_291' title='bbox 575 4487 691 4562; x_wconf 90' lang='lat' dir='ltr'><strong>eciam</strong></span> <span class='ocrx_word' id='word_1_292' title='bbox 711 4486 919 4593; x_wconf 92' lang='lat' dir='ltr'><strong>quodcum</strong></span> <span class='ocrx_word' id='word_1_293' title='bbox 940 4485 1037 4562; x_wconf 89' lang='lat' dir='ltr'><strong>dicta</strong></span> <span class='ocrx_word' id='word_1_294' title='bbox 1057 4475 1211 4563; x_wconf 81' lang='lat' dir='ltr'><strong>cordula</strong></span> <span class='ocrx_word' id='word_1_295' title='bbox 1230 4514 1307 4563; x_wconf 92' lang='lat' dir='ltr'><strong>non</strong></span> <span class='ocrx_word' id='word_1_296' title='bbox 1323 4486 1486 4592; x_wconf 90' lang='lat' dir='ltr'><strong>tangitur</strong></span> <span class='ocrx_word' id='word_1_297' title='bbox 1505 4485 1625 4592; x_wconf 88' lang='lat' dir='ltr'><strong>capud</strong></span> <span class='ocrx_word' id='word_1_298' title='bbox 1643 4511 1714 4561; x_wconf 90' lang='lat' dir='ltr'><strong>nec</strong></span> <span class='ocrx_word' id='word_1_299' title='bbox 1732 4483 1821 4592; x_wconf 73' lang='lat' dir='ltr'><strong>yde</strong></span> 
     </span>
     <span class='ocr_line' id='line_1_32' title="bbox 395 4615 1820 4724; baseline -0.002 -30"><span class='ocrx_word' id='word_1_300' title='bbox 395 4617 491 4709; x_wconf 88' lang='lat' dir='ltr'><strong>lum;</strong></span> <span class='ocrx_word' id='word_1_301' title='bbox 518 4618 585 4695; x_wconf 89' lang='lat' dir='ltr'><strong>sed</strong></span> <span class='ocrx_word' id='word_1_302' title='bbox 611 4647 783 4724; x_wconf 88' lang='lat' dir='ltr'><strong>quoque,</strong></span> <span class='ocrx_word' id='word_1_303' title='bbox 806 4647 892 4695; x_wconf 94' lang='lat' dir='ltr'><strong>cum</strong></span> <span class='ocrx_word' id='word_1_304' title='bbox 911 4617 1102 4724; x_wconf 90' lang='lat' dir='ltr'><strong>rumpitur</strong></span> <span class='ocrx_word' id='word_1_305' title='bbox 1118 4633 1297 4695; x_wconf 87' lang='lat' dir='ltr'><strong>vetustate</strong></span> <span class='ocrx_word' id='word_1_306' title='bbox 1315 4617 1373 4694; x_wconf 87' lang='lat' dir='ltr'><strong>vel</strong></span> <span class='ocrx_word' id='word_1_307' title='bbox 1390 4618 1509 4707; x_wconf 88' lang='lat' dir='ltr'><strong>aliter,</strong></span> <span class='ocrx_word' id='word_1_308' title='bbox 1524 4617 1710 4723; x_wconf 88' lang='lat' dir='ltr'><strong>recipiunt</strong></span> <span class='ocrx_word' id='word_1_309' title='bbox 1722 4615 1820 4692; x_wconf 91' lang='lat' dir='ltr'><strong>aliud</strong></span> 
     </span>
     <span class='ocr_line' id='line_1_33' title="bbox 397 4747 1698 4856; baseline -0.001 -31"><span class='ocrx_word' id='word_1_310' title='bbox 397 4749 588 4856; x_wconf 89' lang='lat' dir='ltr'><strong>cingulum</strong></span> <span class='ocrx_word' id='word_1_311' title='bbox 608 4749 666 4826; x_wconf 90' lang='lat' dir='ltr'><strong>vel</strong></span> <span class='ocrx_word' id='word_1_312' title='bbox 688 4749 896 4840; x_wconf 80' lang='lat' dir='ltr'><strong>cordulam,</strong></span> <span class='ocrx_word' id='word_1_313' title='bbox 918 4750 1016 4828; x_wconf 83' lang='lat' dir='ltr'><strong>sicut</strong></span> <span class='ocrx_word' id='word_1_314' title='bbox 1034 4748 1168 4856; x_wconf 89' lang='lat' dir='ltr'><strong>placet,</strong></span> <span class='ocrx_word' id='word_1_315' title='bbox 1188 4747 1236 4826; x_wconf 91' lang='lat' dir='ltr'><strong>de</strong></span> <span class='ocrx_word' id='word_1_316' title='bbox 1252 4749 1318 4826; x_wconf 91' lang='lat' dir='ltr'><strong>filo</strong></span> <span class='ocrx_word' id='word_1_317' title='bbox 1338 4748 1438 4828; x_wconf 90' lang='lat' dir='ltr'><strong>lineo</strong></span> <span class='ocrx_word' id='word_1_318' title='bbox 1458 4748 1516 4826; x_wconf 88' lang='lat' dir='ltr'><strong>vel</strong></span> <span class='ocrx_word' id='word_1_319' title='bbox 1536 4748 1583 4826; x_wconf 90' lang='lat' dir='ltr'><strong>de</strong></span> <span class='ocrx_word' id='word_1_320' title='bbox 1603 4747 1698 4826; x_wconf 90' lang='lat' dir='ltr'><strong>lana.</strong></span> 
     </span>
    </p>

    <p class='ocr_par' dir='ltr' id='par_1_9' title="bbox 452 4878 1818 4989">
     <span class='ocr_line' id='line_1_34' title="bbox 452 4878 1818 4989; baseline -0.002 -33"><span class='ocrx_word' id='word_1_321' title='bbox 452 4881 546 4958; x_wconf 90' lang='lat' dir='ltr'><strong>ltem</strong></span> <span class='ocrx_word' id='word_1_322' title='bbox 560 4879 652 4959; x_wconf 83' lang='lat' dir='ltr'><strong>dixit</strong></span> <span class='ocrx_word' id='word_1_323' title='bbox 665 4881 778 4988; x_wconf 92' lang='lat' dir='ltr'><strong>quod,</strong></span> <span class='ocrx_word' id='word_1_324' title='bbox 791 4899 961 4987; x_wconf 87' lang='lat' dir='ltr'><strong>tempore</strong></span> <span class='ocrx_word' id='word_1_325' title='bbox 973 4911 1040 4959; x_wconf 91' lang='lat' dir='ltr'><strong>sue</strong></span> <span class='ocrx_word' id='word_1_326' title='bbox 1057 4881 1294 4988; x_wconf 88' lang='lat' dir='ltr'><strong>recepcionis,</strong></span> <span class='ocrx_word' id='word_1_327' title='bbox 1312 4881 1517 4989; x_wconf 89' lang='lat' dir='ltr'><strong>precipitur</strong></span> <span class='ocrx_word' id='word_1_328' title='bbox 1530 4879 1583 4959; x_wconf 89' lang='lat' dir='ltr'><strong>eis</strong></span> <span class='ocrx_word' id='word_1_329' title='bbox 1596 4897 1639 4959; x_wconf 89' lang='lat' dir='ltr'><strong>ut</strong></span> <span class='ocrx_word' id='word_1_330' title='bbox 1652 4879 1748 4956; x_wconf 90' lang='lat' dir='ltr'><strong>nulli</strong></span> <span class='ocrx_word' id='word_1_331' title='bbox 1761 4878 1818 4954; x_wconf 92' lang='lat' dir='ltr'><strong>alii</strong></span> 
     </span>
    </p>
   </div>
   <div class='ocr_carea' id='block_1_3' title="bbox 0 0 2106 5876">
    <p class='ocr_par' dir='ltr' id='par_1_10' title="bbox 0 0 2106 5876">
     <span class='ocr_line' id='line_1_35' title="bbox 0 0 2106 5876; baseline 0 2"><span class='ocrx_word' id='word_1_332' title='bbox 0 0 2106 5876; x_wconf 95' lang='lat' dir='ltr'><strong> </strong></span> 
     </span>
    </p>
   </div>
  </div>
 </body>
</html>
