4208 5886
711 526 909 619 rnocts
941 541 1038 616 ons
1068 541 1373 617 renarrans.
1673 542 1749 612 roo

324 687 499 769 volebant
513 687 713 796 assumptis
727 687 972 794 cingebantur
986 713 1099 792 super
1116 687 1285 764 camisias
1304 713 1391 762 curn
1405 681 1545 790 quibus
1556 683 1747 790 jacebant,

323 821 392 899 sed
407 820 456 898 de
474 818 599 927 ydolis
620 835 658 896 et
673 818 859 925 capitibus
875 816 1094 925 ydolorum,
1117 833 1156 893 et
1173 817 1220 894 de
1242 816 1324 892 aliis
1339 813 1524 921 capitibus
1546 815 1749 922 dequibus

324 951 585 1056 deposuerunt
615 948 792 1054 magister
824 945 1037 1024 Anthonius
1066 945 1114 1022 de
1141 944 1323 1024 Vercellis
1352 961 1391 1022 et
1415 943 1529 1022 frater
1560 945 1670 1050 Hugo
1701 943 1748 1021 de

323 1082 461 1172 Fauro,
480 1107 558 1157 non
573 1078 715 1155 audivit
734 1076 833 1154 ultra
850 1104 969 1165 mare,
988 1075 1056 1152 ubi
1071 1075 1145 1152 fuit
1159 1103 1223 1152 sex
1237 1075 1343 1152 annis
1363 1093 1564 1181 antequam
1577 1073 1750 1152 intrasset

324 1209 498 1286 ordinem
512 1205 680 1311 Templi,
703 1233 773 1282 nec
799 1205 891 1282 citra
910 1202 991 1280 lieri
1016 1202 1183 1310 aliquam
1201 1203 1453 1280 mencionem.
1475 1202 1651 1280 Promisit
1672 1229 1749 1278 non

323 1337 486 1416 revelare
498 1352 640 1413 secreta
654 1334 927 1440 capitulorum
943 1334 973 1410 si
984 1333 1199 1422 revelasset,
1220 1333 1342 1410 credit
1359 1333 1464 1439 quod
1482 1333 1638 1439 punitus
1656 1331 1749 1411 luis-

324 1447 570 1572 set'Absque
592 1464 749 1544 licencia
773 1491 850 1540 non
869 1478 1045 1568 poterant
1070 1463 1155 1540 aliis
1181 1491 1295 1569 quam
1322 1462 1581 1541 sacerdotibus
1605 1462 1750 1540 ordinis

323 1595 509 1674 confiteri.
530 1595 679 1670 Fratres
704 1591 864 1670 scientes
886 1619 1032 1670 errores
1056 1589 1284 1668 consessatos
1308 1620 1376 1696 per
1395 1619 1485 1668 eum
1503 1592 1659 1669 fuerunt
1683 1619 1749 1670 ne·

322 1727 526 1833 gligentes‚
548 1722 730 1830 quianon
756 1739 998 1798 correxerunt
1023 1747 1106 1809 eos,
1134 1749 1203 1796 nec
1224 1720 1544 1798 denunciaverunt
1570 1722 1747 1800 Ecclesie.

322 1855 577 1933 Elemosinam
602 1871 640 1931 et
660 1851 952 1959 hospitalitatem
977 1852 1068 1930 vidit
1093 1853 1360 1930 convenienter
1384 1851 1467 1930 lieri
1490 1868 1528 1930 et
1549 1854 1684 1932 servari
1709 1855 1749 1934 in

325 1983 502 2064 domibus
532 1982 676 2060 ordinis
698 1983 739 2060 in
758 1981 899 2090 quibus
920 1983 1060 2060 exstitit
1080 1999 1345 2060 commoratus.
1374 1982 1557 2061 Ordinata
1575 2011 1644 2089 per
1673 1987 1750 2064 Ma-

323 2116 482 2218 gistrum
498 2139 583 2188 cum
601 2127 789 2190 conventu
814 2127 1008 2200 servasset,
1022 2129 1066 2188 ut
1080 2111 1217 2200 credit,
1238 2129 1342 2190 totus
1358 2113 1470 2204 ordo,
1487 2129 1617 2190 contra
1632 2143 1748 2220 quem
1826 2137 1830 2146 '

321 2272 424 2321 nune
443 2259 597 2349 propter
624 2241 791 2348 predicta
817 2240 972 2348 grandia
998 2241 1195 2332 scandala,
1229 2241 1392 2346 suspicio
1415 2258 1455 2318 et
1482 2239 1634 2318 infamia
1659 2263 1748 2322 sunt

323 2390 466 2464 oroma
478 2389 516 2449 et
530 2371 673 2450 audivit
686 2369 761 2448 dici
772 2371 877 2477 quod
887 2370 1065 2479 Magister
1076 2388 1116 2447 et
1128 2371 1191 2446 alii
1205 2369 1363 2448 confessi
1379 2386 1467 2448 sunt
1479 2370 1606 2477 aliqua
1616 2389 1745 2450 contra

323 2501 517 2593 ordinem,
542 2501 590 2578 ad
606 2501 713 2608 cujus
733 2499 1005 2578 deffensionem
1022 2527 1062 2577 se
1082 2526 1160 2577 non
1180 2499 1379 2579 obtulerat.

379 2630 595 2735 Requisitus
630 2630 659 2708 si
692 2630 745 2707 sic
771 2629 999 2736 deposuerat
1027 2655 1154 2736 prece,
1189 2646 1387 2736 precepto,
1417 2630 1572 2723 timore,
1598 2659 1742 2724 amore,

322 2760 430 2848 odio,
448 2760 506 2837 vel
516 2757 716 2864 temporali
733 2758 894 2836 comodo
904 2759 1034 2836 habito
1042 2758 1100 2836 rel
1121 2757 1315 2851 habendo,
1327 2758 1521 2865 respondit
1534 2761 1639 2866 quod
1654 2788 1744 2851 non,

320 2887 388 2967 sed
410 2917 480 2994 pro
506 2886 660 2966 veritate
691 2885 872 2976 dicenda;
900 2887 959 2963 cui
988 2885 1060 2962 fuit
1084 2887 1295 2995 injunctum
1321 2886 1426 2994 quod
1457 2915 1534 2964 non
1565 2889 1747 2970 revelaret

321 3021 417 3097 hanc
439 3045 543 3094 suam
568 3017 866 3122 deposicionem,
888 3043 1087 3123 quousque
1106 3018 1365 3096 attestaciones
1384 3017 1525 3096 fuerint
1542 3018 1742 3125 publicare.

377 3147 468 3224 Acta
477 3144 631 3224 luerim
640 3144 712 3224 hec
725 3145 786 3223 die
800 3146 839 3221 in
848 3145 934 3224 loco
944 3147 1135 3249 predictis,
1149 3147 1386 3250 presentibus
1399 3149 1574 3256 magistro
1588 3149 1742 3243 Amisio,

320 3297 382 3348 me
401 3271 657 3350 Floriamonte
671 3270 894 3363 Dondedei,
913 3289 952 3354 et
970 3272 1052 3355 aliis¹
1067 3275 1222 3356 notariis
1244 3303 1355 3382 supra
1370 3277 1507 3355 ultimo
1528 3279 1740 3360 nominatis.

375 3535 465 3613 Post
484 3536 570 3658 bec,
598 3563 685 3614 cum
711 3529 845 3645 prelati
871 3537 1016 3616 domini
1042 3539 1286 3619 commissarii
1311 3541 1452 3622 vellent
1480 3544 1597 3621 finem
1621 3541 1744 3652 impo-

318 3690 410 3740 nere
439 3665 680 3771 inquisicioni
707 3667 873 3772 presenti
906 3683 944 3745 et
970 3669 1195 3747 concludere
1225 3671 1265 3746 in
1293 3671 1444 3763 eadem,
1477 3691 1513 3750 et
1543 3675 1743 3780 negocium

318 3795 512 3871 remittere
533 3795 690 3874 domino
709 3797 852 3903 Pappa,
870 3798 976 3905 juxta
991 3797 1152 3875 formam
1172 3801 1448 3878 commissionis
1466 3802 1560 3881 lacte
1576 3804 1741 3897 eisdem,

319 3937 374 4011 et,
394 3938 437 3998 ut
451 3921 640 4017 dixerunt,
655 3925 886 4031 scripsissent
900 3928 1108 4005 reverendo
1118 3929 1215 4033 patri
1231 3929 1270 4006 in
1280 3928 1429 4009 Christo
1448 3931 1603 4010 domino
1613 3932 1658 4011 G.
1672 3934 1743 4012 Dei

317 4052 439 4156 gracia
469 4052 662 4159 Bajocensi
693 4055 888 4161 episcopo,
911 4083 1045 4133 eorum
1066 4057 1228 4166 college,
1255 4075 1348 4136 tunc
1378 4061 1417 4136 in
1446 4062 1613 4138 Romana
1641 4065 1742 4140 curia

318 4182 509 4274 existenti,
531 4201 573 4260 ut
597 4183 866 4276 certificaretur
888 4214 974 4262 cum
995 4185 1098 4264 dicto
1123 4187 1281 4266 domino
1306 4191 1421 4295 Papa,
1450 4218 1497 4268 an
1518 4191 1591 4269 hoc
1618 4193 1742 4299 place·

317 4327 374 4386 ret
403 4310 544 4406 eidem,
567 4330 605 4391 et
624 4312 727 4398 idem
750 4314 929 4392 dominus
952 4316 1165 4424 Bajocensis
1187 4319 1436 4425 rescripsisset
1460 4321 1604 4400 eisdem
1636 4327 1742 4431 quod

316 4457 396 4518 acta
415 4469 484 4546 per
506 4442 627 4521 dictos
653 4443 832 4522 dominos
858 4445 1135 4542 commissarios
1165 4476 1278 4554 super
1301 4452 1466 4554 presenti
1491 4452 1741 4558 inquisicione

315 4568 365 4644 ad
389 4571 536 4678 negocii
564 4572 856 4652 instruccionem
883 4575 972 4652 satis
997 4575 1122 4654 eidem
1154 4576 1312 4656 domino
1338 4577 1457 4687 Pape,
1486 4599 1525 4659 et
1553 4583 1741 4690 aliquibus

317 4696 483 4777 dominis
505 4700 758 4780 cardinalibus
782 4704 829 4779 ad
853 4703 927 4780 boc
951 4704 1139 4811 deputatis
1166 4707 1378 4813 specialiter
1403 4737 1472 4817 per
1500 4741 1608 4800 eum,
1637 4715 1741 4792 suffi-

315 4853 399 4906 cere
417 4827 653 4922 videbantur,
682 4831 755 4910 nisi
783 4830 831 4910 de
851 4835 1012 4941 receptis
1041 4833 1268 4916 adtremere
1297 4857 1451 4944 possent
1479 4842 1603 4922 adhuc
1622 4843 1741 4924 infor-
