<?xml version="1.0" encoding="UTF-8"?>
<!DOCTYPE html PUBLIC "-//W3C//DTD XHTML 1.0 Transitional//EN"
    "http://www.w3.org/TR/xhtml1/DTD/xhtml1-transitional.dtd">
<html xmlns="http://www.w3.org/1999/xhtml" xml:lang="en" lang="en">
 <head>
  <title>
</title>
<meta http-equiv="Content-Type" content="text/html;charset=utf-8" />
  <meta name='ocr-system' content='tesseract 3.04.00' />
  <meta name='ocr-capabilities' content='ocr_page ocr_carea ocr_par ocr_line ocrx_word'/>
</head>
<body>
  <div class='ocr_page' id='page_1' title='image "./procsdestemplie03defegoog/procsdestemplie03defegoog_0424.png"; bbox 0 0 4210 5882; ppageno 0'>
   <div class='ocr_carea' id='block_1_1' title="bbox 417 483 1448 580">
    <p class='ocr_par' dir='ltr' id='par_1_1' title="bbox 417 483 1448 580">
     <span class='ocr_line' id='line_1_1' title="bbox 417 483 1448 580; baseline -0.009 -1"><span class='ocrx_word' id='word_1_1' title='bbox 417 504 490 580; x_wconf 77' lang='lat' dir='ltr'>aot</span> <span class='ocrx_word' id='word_1_2' title='bbox 808 483 1004 576; x_wconf 78' lang='lat' dir='ltr'>rrocns</span> <span class='ocrx_word' id='word_1_3' title='bbox 1030 499 1125 572; x_wconf 83' lang='lat' dir='ltr'>ons</span> <span class='ocrx_word' id='word_1_4' title='bbox 1151 499 1448 574; x_wconf 78' lang='lat' dir='ltr'>rnurnmns.</span> 
     </span>
    </p>
   </div>
   <div class='ocr_carea' id='block_1_2' title="bbox 409 617 1842 2415">
    <p class='ocr_par' dir='ltr' id='par_1_2' title="bbox 409 617 1842 2415">
     <span class='ocr_line' id='line_1_2' title="bbox 414 617 1839 750; baseline -0.001 -28"><span class='ocrx_word' id='word_1_5' title='bbox 414 665 505 723; x_wconf 86' lang='lat' dir='ltr'>tunc</span> <span class='ocrx_word' id='word_1_6' title='bbox 524 646 625 722; x_wconf 85' lang='lat' dir='ltr'>idem</span> <span class='ocrx_word' id='word_1_7' title='bbox 646 644 761 721; x_wconf 82' lang='lat' dir='ltr'>frater</span> <span class='ocrx_word' id='word_1_8' title='bbox 779 643 1010 723; x_wconf 89' lang='lat' dir='ltr'>Guillermus</span> <span class='ocrx_word' id='word_1_9' title='bbox 1029 642 1209 748; x_wconf 88' lang='lat' dir='ltr'>aportavit</span> <span class='ocrx_word' id='word_1_10' title='bbox 1228 641 1298 719; x_wconf 88' lang='lat' dir='ltr'>sibi</span> <span class='ocrx_word' id='word_1_11' title='bbox 1318 641 1522 748; x_wconf 88' lang='lat' dir='ltr'>qnamdam</span> <span class='ocrx_word' id='word_1_12' title='bbox 1539 669 1690 718; x_wconf 92' lang='lat' dir='ltr'>crucem</span> <span class='ocrx_word' id='word_1_13' title='bbox 1702 617 1747 718; x_wconf 89' lang='lat' dir='ltr'>in</span> <span class='ocrx_word' id='word_1_14' title='bbox 1768 673 1839 750; x_wconf 86' lang='lat' dir='ltr'>qua</span> 
     </span>
     <span class='ocr_line' id='line_1_3' title="bbox 416 773 1842 884; baseline -0.001 -31"><span class='ocrx_word' id='word_1_15' title='bbox 416 796 493 854; x_wconf 89' lang='lat' dir='ltr'>erat</span> <span class='ocrx_word' id='word_1_16' title='bbox 511 805 645 884; x_wconf 85' lang='lat' dir='ltr'>ymago</span> <span class='ocrx_word' id='word_1_17' title='bbox 665 776 781 853; x_wconf 90' lang='lat' dir='ltr'>lhesu</span> <span class='ocrx_word' id='word_1_18' title='bbox 801 775 959 862; x_wconf 76' lang='lat' dir='ltr'><strong>Christi,</strong></span> <span class='ocrx_word' id='word_1_19' title='bbox 981 793 1018 850; x_wconf 92' lang='lat' dir='ltr'>et</span> <span class='ocrx_word' id='word_1_20' title='bbox 1041 773 1171 880; x_wconf 88' lang='lat' dir='ltr'>petivit</span> <span class='ocrx_word' id='word_1_21' title='bbox 1192 773 1378 880; x_wconf 87' lang='lat' dir='ltr'>recipiens</span> <span class='ocrx_word' id='word_1_22' title='bbox 1398 773 1504 881; x_wconf 88' lang='lat' dir='ltr'>cujus</span> <span class='ocrx_word' id='word_1_23' title='bbox 1527 773 1740 880; x_wconf 83' lang='lat' dir='ltr'><strong>ymaginem</strong></span> <span class='ocrx_word' id='word_1_24' title='bbox 1766 803 1842 852; x_wconf 90' lang='lat' dir='ltr'>cre-</span> 
     </span>
     <span class='ocr_line' id='line_1_4' title="bbox 415 903 1842 1014; baseline -0.001 -30"><span class='ocrx_word' id='word_1_25' title='bbox 415 908 528 984; x_wconf 89' lang='lat' dir='ltr'>debat</span> <span class='ocrx_word' id='word_1_26' title='bbox 548 935 628 984; x_wconf 88' lang='lat' dir='ltr'>esse</span> <span class='ocrx_word' id='word_1_27' title='bbox 651 907 720 994; x_wconf 91' lang='lat' dir='ltr'>ibi,</span> <span class='ocrx_word' id='word_1_28' title='bbox 745 907 879 1013; x_wconf 87' lang='lat' dir='ltr'>etipse</span> <span class='ocrx_word' id='word_1_29' title='bbox 900 904 1093 1011; x_wconf 83' lang='lat' dir='ltr'><strong>respondit</strong></span> <span class='ocrx_word' id='word_1_30' title='bbox 1114 904 1219 1010; x_wconf 92' lang='lat' dir='ltr'>quod</span> <span class='ocrx_word' id='word_1_31' title='bbox 1238 904 1450 1014; x_wconf 83' lang='lat' dir='ltr'><strong>ymaginem</strong></span> <span class='ocrx_word' id='word_1_32' title='bbox 1471 903 1588 980; x_wconf 88' lang='lat' dir='ltr'>Jhesu</span> <span class='ocrx_word' id='word_1_33' title='bbox 1614 904 1774 995; x_wconf 71' lang='lat' dir='ltr'>Christi,</span> <span class='ocrx_word' id='word_1_34' title='bbox 1806 923 1842 983; x_wconf 93' lang='lat' dir='ltr'>et</span> 
     </span>
     <span class='ocr_line' id='line_1_5' title="bbox 413 1034 1842 1143; baseline 0.001 -30"><span class='ocrx_word' id='word_1_35' title='bbox 413 1055 505 1114; x_wconf 91' lang='lat' dir='ltr'>tunc</span> <span class='ocrx_word' id='word_1_36' title='bbox 524 1037 691 1143; x_wconf 86' lang='lat' dir='ltr'>precepit</span> <span class='ocrx_word' id='word_1_37' title='bbox 709 1037 778 1124; x_wconf 89' lang='lat' dir='ltr'>sibi</span> <span class='ocrx_word' id='word_1_38' title='bbox 800 1037 904 1142; x_wconf 95' lang='lat' dir='ltr'>quod</span> <span class='ocrx_word' id='word_1_39' title='bbox 925 1051 1077 1142; x_wconf 82' lang='lat' dir='ltr'>negaret</span> <span class='ocrx_word' id='word_1_40' title='bbox 1096 1034 1205 1111; x_wconf 94' lang='lat' dir='ltr'>illum</span> <span class='ocrx_word' id='word_1_41' title='bbox 1224 1035 1331 1142; x_wconf 89' lang='lat' dir='ltr'>cujus</span> <span class='ocrx_word' id='word_1_42' title='bbox 1351 1035 1469 1141; x_wconf 84' lang='lat' dir='ltr'>figura</span> <span class='ocrx_word' id='word_1_43' title='bbox 1490 1051 1568 1111; x_wconf 89' lang='lat' dir='ltr'>erat</span> <span class='ocrx_word' id='word_1_44' title='bbox 1587 1034 1658 1124; x_wconf 92' lang='lat' dir='ltr'>ihi,</span> <span class='ocrx_word' id='word_1_45' title='bbox 1682 1052 1719 1114; x_wconf 89' lang='lat' dir='ltr'>et</span> <span class='ocrx_word' id='word_1_46' title='bbox 1733 1064 1842 1142; x_wconf 88' lang='lat' dir='ltr'>spue-</span> 
     </span>
     <span class='ocr_line' id='line_1_6' title="bbox 414 1165 1837 1273; baseline 0.001 -30"><span class='ocrx_word' id='word_1_47' title='bbox 414 1185 472 1244; x_wconf 86' lang='lat' dir='ltr'>ret</span> <span class='ocrx_word' id='word_1_48' title='bbox 489 1186 547 1244; x_wconf 87' lang='lat' dir='ltr'>ter</span> <span class='ocrx_word' id='word_1_49' title='bbox 561 1196 674 1272; x_wconf 91' lang='lat' dir='ltr'>supra</span> <span class='ocrx_word' id='word_1_50' title='bbox 689 1195 854 1256; x_wconf 90' lang='lat' dir='ltr'>crucem,</span> <span class='ocrx_word' id='word_1_51' title='bbox 877 1167 964 1273; x_wconf 92' lang='lat' dir='ltr'>quia</span> <span class='ocrx_word' id='word_1_52' title='bbox 979 1167 1052 1243; x_wconf 90' lang='lat' dir='ltr'>hoc</span> <span class='ocrx_word' id='word_1_53' title='bbox 1068 1179 1146 1242; x_wconf 87' lang='lat' dir='ltr'>erat</span> <span class='ocrx_word' id='word_1_54' title='bbox 1159 1165 1295 1244; x_wconf 84' lang='lat' dir='ltr'>modus</span> <span class='ocrx_word' id='word_1_55' title='bbox 1310 1165 1469 1254; x_wconf 84' lang='lat' dir='ltr'>ordinis,</span> <span class='ocrx_word' id='word_1_56' title='bbox 1488 1184 1525 1242; x_wconf 90' lang='lat' dir='ltr'>et</span> <span class='ocrx_word' id='word_1_57' title='bbox 1540 1184 1631 1243; x_wconf 91' lang='lat' dir='ltr'>tunc</span> <span class='ocrx_word' id='word_1_58' title='bbox 1646 1166 1725 1272; x_wconf 86' lang='lat' dir='ltr'>ipse</span> <span class='ocrx_word' id='word_1_59' title='bbox 1736 1165 1837 1256; x_wconf 86' lang='lat' dir='ltr'>lecit,</span> 
     </span>
     <span class='ocr_line' id='line_1_7' title="bbox 415 1296 1841 1403; baseline 0 -29"><span class='ocrx_word' id='word_1_60' title='bbox 415 1326 481 1374; x_wconf 91' lang='lat' dir='ltr'>ore</span> <span class='ocrx_word' id='word_1_61' title='bbox 498 1315 535 1374; x_wconf 91' lang='lat' dir='ltr'>et</span> <span class='ocrx_word' id='word_1_62' title='bbox 550 1325 625 1374; x_wconf 94' lang='lat' dir='ltr'>non</span> <span class='ocrx_word' id='word_1_63' title='bbox 648 1298 774 1375; x_wconf 83' lang='lat' dir='ltr'>corde.</span> <span class='ocrx_word' id='word_1_64' title='bbox 795 1297 900 1375; x_wconf 86' lang='lat' dir='ltr'>Dixit</span> <span class='ocrx_word' id='word_1_65' title='bbox 919 1297 1036 1374; x_wconf 90' lang='lat' dir='ltr'>eciam</span> <span class='ocrx_word' id='word_1_66' title='bbox 1051 1324 1119 1401; x_wconf 88' lang='lat' dir='ltr'>per</span> <span class='ocrx_word' id='word_1_67' title='bbox 1132 1297 1390 1403; x_wconf 88' lang='lat' dir='ltr'>juramentum</span> <span class='ocrx_word' id='word_1_68' title='bbox 1411 1325 1521 1373; x_wconf 91' lang='lat' dir='ltr'>suum</span> <span class='ocrx_word' id='word_1_69' title='bbox 1542 1296 1648 1402; x_wconf 88' lang='lat' dir='ltr'>quod</span> <span class='ocrx_word' id='word_1_70' title='bbox 1660 1297 1841 1402; x_wconf 89' lang='lat' dir='ltr'>recipiens</span> 
     </span>
     <span class='ocr_line' id='line_1_8' title="bbox 414 1427 1840 1534; baseline 0.001 -32"><span class='ocrx_word' id='word_1_71' title='bbox 414 1427 501 1504; x_wconf 87' lang='lat' dir='ltr'>fecit</span> <span class='ocrx_word' id='word_1_72' title='bbox 520 1455 560 1506; x_wconf 91' lang='lat' dir='ltr'>se</span> <span class='ocrx_word' id='word_1_73' title='bbox 578 1427 734 1504; x_wconf 89' lang='lat' dir='ltr'>osculari</span> <span class='ocrx_word' id='word_1_74' title='bbox 756 1429 802 1506; x_wconf 87' lang='lat' dir='ltr'>ab</span> <span class='ocrx_word' id='word_1_75' title='bbox 822 1457 868 1506; x_wconf 89' lang='lat' dir='ltr'>eo</span> <span class='ocrx_word' id='word_1_76' title='bbox 888 1429 927 1503; x_wconf 91' lang='lat' dir='ltr'>in</span> <span class='ocrx_word' id='word_1_77' title='bbox 948 1427 1145 1518; x_wconf 86' lang='lat' dir='ltr'>umbilico;</span> <span class='ocrx_word' id='word_1_78' title='bbox 1167 1445 1205 1504; x_wconf 88' lang='lat' dir='ltr'>et</span> <span class='ocrx_word' id='word_1_79' title='bbox 1223 1444 1353 1532; x_wconf 88' lang='lat' dir='ltr'>postea</span> <span class='ocrx_word' id='word_1_80' title='bbox 1373 1427 1535 1534; x_wconf 87' lang='lat' dir='ltr'>injunxit</span> <span class='ocrx_word' id='word_1_81' title='bbox 1554 1427 1625 1505; x_wconf 90' lang='lat' dir='ltr'>sibi</span> <span class='ocrx_word' id='word_1_82' title='bbox 1645 1428 1751 1534; x_wconf 87' lang='lat' dir='ltr'>quod</span> <span class='ocrx_word' id='word_1_83' title='bbox 1766 1456 1840 1507; x_wconf 93' lang='lat' dir='ltr'>om-</span> 
     </span>
     <span class='ocr_line' id='line_1_9' title="bbox 415 1556 1840 1663; baseline 0.001 -31"><span class='ocrx_word' id='word_1_84' title='bbox 415 1560 503 1635; x_wconf 92' lang='lat' dir='ltr'>nino</span> <span class='ocrx_word' id='word_1_85' title='bbox 517 1558 722 1636; x_wconf 84' lang='lat' dir='ltr'>abstineret</span> <span class='ocrx_word' id='word_1_86' title='bbox 737 1587 757 1633; x_wconf 97' lang='lat' dir='ltr'>a</span> <span class='ocrx_word' id='word_1_87' title='bbox 772 1557 1013 1644; x_wconf 90' lang='lat' dir='ltr'>mulieribus,</span> <span class='ocrx_word' id='word_1_88' title='bbox 1033 1573 1070 1632; x_wconf 89' lang='lat' dir='ltr'>et</span> <span class='ocrx_word' id='word_1_89' title='bbox 1089 1557 1118 1632; x_wconf 93' lang='lat' dir='ltr'>si</span> <span class='ocrx_word' id='word_1_90' title='bbox 1135 1557 1236 1634; x_wconf 91' lang='lat' dir='ltr'>calor</span> <span class='ocrx_word' id='word_1_91' title='bbox 1254 1556 1431 1634; x_wconf 86' lang='lat' dir='ltr'>naturalis</span> <span class='ocrx_word' id='word_1_92' title='bbox 1450 1575 1603 1663; x_wconf 88' lang='lat' dir='ltr'>urgeret</span> <span class='ocrx_word' id='word_1_93' title='bbox 1616 1585 1706 1634; x_wconf 91' lang='lat' dir='ltr'>eum</span> <span class='ocrx_word' id='word_1_94' title='bbox 1722 1559 1771 1634; x_wconf 93' lang='lat' dir='ltr'>ad</span> <span class='ocrx_word' id='word_1_95' title='bbox 1785 1559 1840 1634; x_wconf 93' lang='lat' dir='ltr'>in·</span> 
     </span>
     <span class='ocr_line' id='line_1_10' title="bbox 414 1686 1840 1795; baseline 0.001 -31"><span class='ocrx_word' id='word_1_96' title='bbox 414 1689 703 1777; x_wconf 84' lang='lat' dir='ltr'>continenciam,</span> <span class='ocrx_word' id='word_1_97' title='bbox 724 1689 828 1793; x_wconf 82' lang='lat' dir='ltr'>quod</span> <span class='ocrx_word' id='word_1_98' title='bbox 848 1689 926 1793; x_wconf 90' lang='lat' dir='ltr'>ipse</span> <span class='ocrx_word' id='word_1_99' title='bbox 946 1703 982 1764; x_wconf 89' lang='lat' dir='ltr'>et</span> <span class='ocrx_word' id='word_1_100' title='bbox 1001 1687 1061 1763; x_wconf 92' lang='lat' dir='ltr'>alii</span> <span class='ocrx_word' id='word_1_101' title='bbox 1079 1686 1211 1764; x_wconf 83' lang='lat' dir='ltr'>fratres</span> <span class='ocrx_word' id='word_1_102' title='bbox 1226 1687 1372 1767; x_wconf 89' lang='lat' dir='ltr'>ordinis</span> <span class='ocrx_word' id='word_1_103' title='bbox 1390 1686 1672 1795; x_wconf 83' lang='lat' dir='ltr'>refrigescerent</span> <span class='ocrx_word' id='word_1_104' title='bbox 1687 1717 1726 1766; x_wconf 90' lang='lat' dir='ltr'>se</span> <span class='ocrx_word' id='word_1_105' title='bbox 1742 1717 1840 1766; x_wconf 89' lang='lat' dir='ltr'>unus</span> 
     </span>
     <span class='ocr_line' id='line_1_11' title="bbox 415 1817 1840 1928; baseline 0.001 -34"><span class='ocrx_word' id='word_1_106' title='bbox 415 1847 499 1895; x_wconf 90' lang='lat' dir='ltr'>cum</span> <span class='ocrx_word' id='word_1_107' title='bbox 520 1818 615 1904; x_wconf 93' lang='lat' dir='ltr'>alio,</span> <span class='ocrx_word' id='word_1_108' title='bbox 642 1845 712 1894; x_wconf 90' lang='lat' dir='ltr'>nec</span> <span class='ocrx_word' id='word_1_109' title='bbox 738 1819 832 1896; x_wconf 92' lang='lat' dir='ltr'>ordo</span> <span class='ocrx_word' id='word_1_110' title='bbox 856 1817 1112 1894; x_wconf 85' lang='lat' dir='ltr'>diffamaretur</span> <span class='ocrx_word' id='word_1_111' title='bbox 1137 1845 1207 1923; x_wconf 91' lang='lat' dir='ltr'>pro</span> <span class='ocrx_word' id='word_1_112' title='bbox 1233 1817 1469 1897; x_wconf 88' lang='lat' dir='ltr'>mulieribus.</span> <span class='ocrx_word' id='word_1_113' title='bbox 1499 1822 1751 1928; x_wconf 86' lang='lat' dir='ltr'>Interrogatus</span> <span class='ocrx_word' id='word_1_114' title='bbox 1773 1849 1840 1924; x_wconf 91' lang='lat' dir='ltr'>per</span> 
     </span>
     <span class='ocr_line' id='line_1_12' title="bbox 409 1947 1839 2054; baseline 0.001 -29"><span class='ocrx_word' id='word_1_115' title='bbox 409 1951 812 2054; x_wconf 83' lang='lat' dir='ltr'>juramentumutrum</span> <span class='ocrx_word' id='word_1_116' title='bbox 839 1949 917 2054; x_wconf 86' lang='lat' dir='ltr'>ipse</span> <span class='ocrx_word' id='word_1_117' title='bbox 937 1949 989 2037; x_wconf 91' lang='lat' dir='ltr'>vi,</span> <span class='ocrx_word' id='word_1_118' title='bbox 1011 1947 1070 2026; x_wconf 88' lang='lat' dir='ltr'>vel</span> <span class='ocrx_word' id='word_1_119' title='bbox 1088 1965 1192 2025; x_wconf 85' lang='lat' dir='ltr'>metu</span> <span class='ocrx_word' id='word_1_120' title='bbox 1216 1949 1372 2026; x_wconf 84' lang='lat' dir='ltr'>carceris</span> <span class='ocrx_word' id='word_1_121' title='bbox 1395 1966 1460 2027; x_wconf 85' lang='lat' dir='ltr'>aut</span> <span class='ocrx_word' id='word_1_122' title='bbox 1482 1967 1779 2034; x_wconf 87' lang='lat' dir='ltr'>tormentorum,</span> <span class='ocrx_word' id='word_1_123' title='bbox 1801 1953 1839 2027; x_wconf 95' lang='lat' dir='ltr'>in</span> 
     </span>
     <span class='ocr_line' id='line_1_13' title="bbox 413 2078 1839 2186; baseline 0.002 -32"><span class='ocrx_word' id='word_1_124' title='bbox 413 2079 603 2184; x_wconf 86' lang='lat' dir='ltr'>premissis</span> <span class='ocrx_word' id='word_1_125' title='bbox 619 2078 864 2155; x_wconf 88' lang='lat' dir='ltr'>immiscuerit</span> <span class='ocrx_word' id='word_1_126' title='bbox 882 2095 946 2155; x_wconf 90' lang='lat' dir='ltr'>aut</span> <span class='ocrx_word' id='word_1_127' title='bbox 964 2078 1099 2156; x_wconf 84' lang='lat' dir='ltr'>dixerit</span> <span class='ocrx_word' id='word_1_128' title='bbox 1116 2079 1280 2186; x_wconf 87' lang='lat' dir='ltr'>aliquam</span> <span class='ocrx_word' id='word_1_129' title='bbox 1300 2079 1515 2169; x_wconf 85' lang='lat' dir='ltr'>falsitatem,</span> <span class='ocrx_word' id='word_1_130' title='bbox 1538 2099 1601 2159; x_wconf 91' lang='lat' dir='ltr'>aut</span> <span class='ocrx_word' id='word_1_131' title='bbox 1620 2081 1839 2160; x_wconf 88' lang='lat' dir='ltr'>subticuerit</span> 
     </span>
     <span class='ocr_line' id='line_1_14' title="bbox 413 2208 1837 2318; baseline 0.003 -34"><span class='ocrx_word' id='word_1_132' title='bbox 413 2209 619 2296; x_wconf 88' lang='lat' dir='ltr'>veritatem,</span> <span class='ocrx_word' id='word_1_133' title='bbox 642 2208 734 2285; x_wconf 85' lang='lat' dir='ltr'>dixit</span> <span class='ocrx_word' id='word_1_134' title='bbox 762 2237 830 2315; x_wconf 88' lang='lat' dir='ltr'>per</span> <span class='ocrx_word' id='word_1_135' title='bbox 853 2209 1112 2315; x_wconf 84' lang='lat' dir='ltr'>juramentum</span> <span class='ocrx_word' id='word_1_136' title='bbox 1136 2237 1247 2288; x_wconf 83' lang='lat' dir='ltr'>suum</span> <span class='ocrx_word' id='word_1_137' title='bbox 1267 2209 1371 2314; x_wconf 89' lang='lat' dir='ltr'>qnod</span> <span class='ocrx_word' id='word_1_138' title='bbox 1396 2238 1488 2300; x_wconf 92' lang='lat' dir='ltr'>non,</span> <span class='ocrx_word' id='word_1_139' title='bbox 1517 2229 1554 2290; x_wconf 92' lang='lat' dir='ltr'>et</span> <span class='ocrx_word' id='word_1_140' title='bbox 1579 2212 1685 2318; x_wconf 92' lang='lat' dir='ltr'>quod</span> <span class='ocrx_word' id='word_1_141' title='bbox 1705 2241 1837 2318; x_wconf 90' lang='lat' dir='ltr'>puram</span> 
     </span>
     <span class='ocr_line' id='line_1_15' title="bbox 413 2335 940 2415; baseline 0 -1"><span class='ocrx_word' id='word_1_142' title='bbox 413 2337 604 2414; x_wconf 88' lang='lat' dir='ltr'>veritatem</span> <span class='ocrx_word' id='word_1_143' title='bbox 623 2335 715 2414; x_wconf 82' lang='lat' dir='ltr'>dixit</span> <span class='ocrx_word' id='word_1_144' title='bbox 734 2353 772 2415; x_wconf 91' lang='lat' dir='ltr'>et</span> <span class='ocrx_word' id='word_1_145' title='bbox 786 2366 940 2415; x_wconf 88' lang='lat' dir='ltr'>meram.</span> 
     </span>
    </p>
   </div>
   <div class='ocr_carea' id='block_1_3' title="bbox 411 2599 1839 4931">
    <p class='ocr_par' dir='ltr' id='par_1_3' title="bbox 411 2599 1839 4931">
     <span class='ocr_line' id='line_1_16' title="bbox 470 2599 1839 2709; baseline 0.008 -35"><span class='ocrx_word' id='word_1_146' title='bbox 470 2600 563 2674; x_wconf 88' lang='lat' dir='ltr'>Item</span> <span class='ocrx_word' id='word_1_147' title='bbox 585 2627 699 2688; x_wconf 93' lang='lat' dir='ltr'>anno,</span> <span class='ocrx_word' id='word_1_148' title='bbox 722 2599 923 2690; x_wconf 88' lang='lat' dir='ltr'>indicione,</span> <span class='ocrx_word' id='word_1_149' title='bbox 939 2599 1162 2706; x_wconf 87' lang='lat' dir='ltr'>pontificatu</span> <span class='ocrx_word' id='word_1_150' title='bbox 1178 2619 1216 2679; x_wconf 89' lang='lat' dir='ltr'>et</span> <span class='ocrx_word' id='word_1_151' title='bbox 1237 2603 1298 2680; x_wconf 88' lang='lat' dir='ltr'>die</span> <span class='ocrx_word' id='word_1_152' title='bbox 1314 2629 1373 2680; x_wconf 78' lang='lat' dir='ltr'>tux</span> <span class='ocrx_word' id='word_1_153' title='bbox 1392 2605 1588 2709; x_wconf 88' lang='lat' dir='ltr'>predictis,</span> <span class='ocrx_word' id='word_1_154' title='bbox 1611 2607 1650 2682; x_wconf 95' lang='lat' dir='ltr'>in</span> <span class='ocrx_word' id='word_1_155' title='bbox 1671 2607 1760 2685; x_wconf 92' lang='lat' dir='ltr'>dicti</span> <span class='ocrx_word' id='word_1_156' title='bbox 1775 2608 1839 2685; x_wconf 84' lang='lat' dir='ltr'>fra·</span> 
     </span>
     <span class='ocr_line' id='line_1_17' title="bbox 412 2727 1838 2843; baseline 0.011 -41"><span class='ocrx_word' id='word_1_157' title='bbox 412 2727 480 2803; x_wconf 89' lang='lat' dir='ltr'>tris</span> <span class='ocrx_word' id='word_1_158' title='bbox 498 2729 694 2805; x_wconf 87' lang='lat' dir='ltr'>Laurencii</span> <span class='ocrx_word' id='word_1_159' title='bbox 716 2731 959 2806; x_wconf 90' lang='lat' dir='ltr'>commissarii</span> <span class='ocrx_word' id='word_1_160' title='bbox 982 2731 1203 2837; x_wconf 87' lang='lat' dir='ltr'>supradicti,</span> <span class='ocrx_word' id='word_1_161' title='bbox 1226 2750 1399 2810; x_wconf 88' lang='lat' dir='ltr'>nostrum</span> <span class='ocrx_word' id='word_1_162' title='bbox 1415 2735 1648 2814; x_wconf 89' lang='lat' dir='ltr'>notariorum</span> <span class='ocrx_word' id='word_1_163' title='bbox 1669 2737 1838 2843; x_wconf 85' lang='lat' dir='ltr'>publico-</span> 
     </span>
     <span class='ocr_line' id='line_1_18' title="bbox 413 2859 1835 2971; baseline 0.01 -39"><span class='ocrx_word' id='word_1_164' title='bbox 413 2887 497 2932; x_wconf 86' lang='lat' dir='ltr'>rum</span> <span class='ocrx_word' id='word_1_165' title='bbox 523 2874 560 2934; x_wconf 91' lang='lat' dir='ltr'>et</span> <span class='ocrx_word' id='word_1_166' title='bbox 583 2860 735 2935; x_wconf 89' lang='lat' dir='ltr'>testium</span> <span class='ocrx_word' id='word_1_167' title='bbox 760 2859 1078 2965; x_wconf 83' lang='lat' dir='ltr'>infrascriptorum</span> <span class='ocrx_word' id='word_1_168' title='bbox 1109 2864 1297 2967; x_wconf 88' lang='lat' dir='ltr'>presencia</span> <span class='ocrx_word' id='word_1_169' title='bbox 1328 2865 1574 2971; x_wconf 86' lang='lat' dir='ltr'>personaliter</span> <span class='ocrx_word' id='word_1_170' title='bbox 1598 2868 1835 2957; x_wconf 86' lang='lat' dir='ltr'>constitutus,</span> 
     </span>
     <span class='ocr_line' id='line_1_19' title="bbox 413 2985 1838 3104; baseline 0.011 -43"><span class='ocrx_word' id='word_1_171' title='bbox 413 2985 527 3063; x_wconf 88' lang='lat' dir='ltr'>frater</span> <span class='ocrx_word' id='word_1_172' title='bbox 541 2987 768 3067; x_wconf 89' lang='lat' dir='ltr'>Bertrandus</span> <span class='ocrx_word' id='word_1_173' title='bbox 785 2990 837 3066; x_wconf 77' lang='lat' dir='ltr'>de·</span> <span class='ocrx_word' id='word_1_174' title='bbox 852 2991 1118 3097; x_wconf 86' lang='lat' dir='ltr'>Montigniaco.</span> <span class='ocrx_word' id='word_1_175' title='bbox 1140 2991 1330 3082; x_wconf 80' lang='lat' dir='ltr'>Auberioi,</span> <span class='ocrx_word' id='word_1_176' title='bbox 1353 2996 1460 3074; x_wconf 88' lang='lat' dir='ltr'>etatis</span> <span class='ocrx_word' id='word_1_177' title='bbox 1483 2997 1756 3104; x_wconf 86' lang='lat' dir='ltr'>quinquaginta</span> <span class='ocrx_word' id='word_1_178' title='bbox 1776 3027 1838 3076; x_wconf 92' lang='lat' dir='ltr'>an-</span> 
     </span>
     <span class='ocr_line' id='line_1_20' title="bbox 414 3116 1837 3234; baseline 0.013 -46"><span class='ocrx_word' id='word_1_179' title='bbox 414 3143 551 3192; x_wconf 90' lang='lat' dir='ltr'>norum</span> <span class='ocrx_word' id='word_1_180' title='bbox 564 3116 622 3193; x_wconf 87' lang='lat' dir='ltr'>vol</span> <span class='ocrx_word' id='word_1_181' title='bbox 636 3117 750 3205; x_wconf 88' lang='lat' dir='ltr'>circa,</span> <span class='ocrx_word' id='word_1_182' title='bbox 774 3117 909 3196; x_wconf 91' lang='lat' dir='ltr'>eodem</span> <span class='ocrx_word' id='word_1_183' title='bbox 925 3121 1041 3198; x_wconf 91' lang='lat' dir='ltr'>modo</span> <span class='ocrx_word' id='word_1_184' title='bbox 1054 3121 1217 3228; x_wconf 88' lang='lat' dir='ltr'>juratus,</span> <span class='ocrx_word' id='word_1_185' title='bbox 1237 3140 1275 3200; x_wconf 86' lang='lat' dir='ltr'>et</span> <span class='ocrx_word' id='word_1_186' title='bbox 1286 3124 1489 3231; x_wconf 88' lang='lat' dir='ltr'>requisitus</span> <span class='ocrx_word' id='word_1_187' title='bbox 1503 3155 1572 3233; x_wconf 89' lang='lat' dir='ltr'>per</span> <span class='ocrx_word' id='word_1_188' title='bbox 1579 3127 1837 3234; x_wconf 85' lang='lat' dir='ltr'>juramentum</span> 
     </span>
     <span class='ocr_line' id='line_1_21' title="bbox 414 3245 1837 3366; baseline 0.012 -47"><span class='ocrx_word' id='word_1_189' title='bbox 414 3273 540 3335; x_wconf 86' lang='lat' dir='ltr'>suum,</span> <span class='ocrx_word' id='word_1_190' title='bbox 563 3245 654 3324; x_wconf 85' lang='lat' dir='ltr'>dixit</span> <span class='ocrx_word' id='word_1_191' title='bbox 675 3247 781 3353; x_wconf 93' lang='lat' dir='ltr'>quod</span> <span class='ocrx_word' id='word_1_192' title='bbox 799 3267 971 3355; x_wconf 89' lang='lat' dir='ltr'>receptus</span> <span class='ocrx_word' id='word_1_193' title='bbox 989 3250 1058 3327; x_wconf 88' lang='lat' dir='ltr'>luit</span> <span class='ocrx_word' id='word_1_194' title='bbox 1074 3279 1142 3357; x_wconf 88' lang='lat' dir='ltr'>per</span> <span class='ocrx_word' id='word_1_195' title='bbox 1161 3251 1313 3330; x_wconf 84' lang='lat' dir='ltr'>fratrem</span> <span class='ocrx_word' id='word_1_196' title='bbox 1330 3256 1512 3334; x_wconf 87' lang='lat' dir='ltr'>loannem</span> <span class='ocrx_word' id='word_1_197' title='bbox 1533 3257 1582 3334; x_wconf 88' lang='lat' dir='ltr'>de</span> <span class='ocrx_word' id='word_1_198' title='bbox 1603 3258 1782 3366; x_wconf 87' lang='lat' dir='ltr'>Sarnayo,</span> <span class='ocrx_word' id='word_1_199' title='bbox 1798 3261 1837 3336; x_wconf 95' lang='lat' dir='ltr'>in</span> 
     </span>
     <span class='ocr_line' id='line_1_22' title="bbox 414 3373 1834 3494; baseline 0.012 -44"><span class='ocrx_word' id='word_1_200' title='bbox 414 3373 528 3452; x_wconf 93' lang='lat' dir='ltr'>domo</span> <span class='ocrx_word' id='word_1_201' title='bbox 547 3376 816 3470; x_wconf 79' lang='lat' dir='ltr'>suessionensi,</span> <span class='ocrx_word' id='word_1_202' title='bbox 837 3381 1075 3486; x_wconf 88' lang='lat' dir='ltr'>presentibus</span> <span class='ocrx_word' id='word_1_203' title='bbox 1090 3381 1201 3459; x_wconf 83' lang='lat' dir='ltr'>fratre</span> <span class='ocrx_word' id='word_1_204' title='bbox 1218 3383 1386 3464; x_wconf 91' lang='lat' dir='ltr'>Gerardo</span> <span class='ocrx_word' id='word_1_205' title='bbox 1401 3387 1449 3464; x_wconf 91' lang='lat' dir='ltr'>de</span> <span class='ocrx_word' id='word_1_206' title='bbox 1466 3387 1683 3494; x_wconf 83' lang='lat' dir='ltr'>Argentolio</span> <span class='ocrx_word' id='word_1_207' title='bbox 1697 3390 1834 3480; x_wconf 88' lang='lat' dir='ltr'>milite,</span> 
     </span>
     <span class='ocr_line' id='line_1_23' title="bbox 414 3505 1835 3628; baseline 0.011 -46"><span class='ocrx_word' id='word_1_208' title='bbox 414 3522 451 3582; x_wconf 88' lang='lat' dir='ltr'>et</span> <span class='ocrx_word' id='word_1_209' title='bbox 471 3505 583 3584; x_wconf 83' lang='lat' dir='ltr'>fratre</span> <span class='ocrx_word' id='word_1_210' title='bbox 603 3509 770 3617; x_wconf 87' lang='lat' dir='ltr'>Remigio</span> <span class='ocrx_word' id='word_1_211' title='bbox 788 3511 835 3588; x_wconf 88' lang='lat' dir='ltr'>de</span> <span class='ocrx_word' id='word_1_212' title='bbox 846 3511 1021 3604; x_wconf 88' lang='lat' dir='ltr'>Plosiaco,</span> <span class='ocrx_word' id='word_1_213' title='bbox 1038 3531 1076 3590; x_wconf 88' lang='lat' dir='ltr'>et</span> <span class='ocrx_word' id='word_1_214' title='bbox 1090 3514 1314 3620; x_wconf 89' lang='lat' dir='ltr'>quibusdam</span> <span class='ocrx_word' id='word_1_215' title='bbox 1330 3516 1423 3608; x_wconf 92' lang='lat' dir='ltr'>aliis,</span> <span class='ocrx_word' id='word_1_216' title='bbox 1436 3537 1521 3598; x_wconf 90' lang='lat' dir='ltr'>octo</span> <span class='ocrx_word' id='word_1_217' title='bbox 1531 3520 1617 3596; x_wconf 92' lang='lat' dir='ltr'>anni</span> <span class='ocrx_word' id='word_1_218' title='bbox 1625 3539 1714 3598; x_wconf 89' lang='lat' dir='ltr'>sunt</span> <span class='ocrx_word' id='word_1_219' title='bbox 1726 3523 1835 3628; x_wconf 89' lang='lat' dir='ltr'>elapsi</span> 
     </span>
     <span class='ocr_line' id='line_1_24' title="bbox 412 3637 1838 3757; baseline 0.013 -46"><span class='ocrx_word' id='word_1_220' title='bbox 412 3637 469 3712; x_wconf 91' lang='lat' dir='ltr'>vel</span> <span class='ocrx_word' id='word_1_221' title='bbox 478 3638 585 3716; x_wconf 87' lang='lat' dir='ltr'>circa.</span> <span class='ocrx_word' id='word_1_222' title='bbox 595 3639 698 3717; x_wconf 88' lang='lat' dir='ltr'>Dixit</span> <span class='ocrx_word' id='word_1_223' title='bbox 706 3641 822 3717; x_wconf 90' lang='lat' dir='ltr'>eciam</span> <span class='ocrx_word' id='word_1_224' title='bbox 832 3670 899 3746; x_wconf 90' lang='lat' dir='ltr'>per</span> <span class='ocrx_word' id='word_1_225' title='bbox 906 3643 1165 3750; x_wconf 84' lang='lat' dir='ltr'>juramentum</span> <span class='ocrx_word' id='word_1_226' title='bbox 1180 3674 1291 3724; x_wconf 89' lang='lat' dir='ltr'>suum</span> <span class='ocrx_word' id='word_1_227' title='bbox 1302 3648 1425 3753; x_wconf 89' lang='lat' dir='ltr'>quod,</span> <span class='ocrx_word' id='word_1_228' title='bbox 1442 3667 1525 3755; x_wconf 90' lang='lat' dir='ltr'>post</span> <span class='ocrx_word' id='word_1_229' title='bbox 1540 3651 1676 3729; x_wconf 88' lang='lat' dir='ltr'>multas</span> <span class='ocrx_word' id='word_1_230' title='bbox 1689 3655 1838 3757; x_wconf 79' lang='lat' dir='ltr'>promis</span> 
     </span>
     <span class='ocr_line' id='line_1_25' title="bbox 412 3768 1837 3872; baseline 0.013 -30"><span class='ocrx_word' id='word_1_231' title='bbox 412 3768 536 3846; x_wconf 88' lang='lat' dir='ltr'>siones</span> <span class='ocrx_word' id='word_1_232' title='bbox 550 3769 598 3846; x_wconf 91' lang='lat' dir='ltr'>de</span> <span class='ocrx_word' id='word_1_233' title='bbox 623 3772 768 3849; x_wconf 88' lang='lat' dir='ltr'>statutis</span> <span class='ocrx_word' id='word_1_234' title='bbox 797 3790 835 3849; x_wconf 91' lang='lat' dir='ltr'>et</span> <span class='ocrx_word' id='word_1_235' title='bbox 852 3775 1003 3851; x_wconf 89' lang='lat' dir='ltr'>secretis</span> <span class='ocrx_word' id='word_1_236' title='bbox 1018 3775 1163 3854; x_wconf 92' lang='lat' dir='ltr'>ordinis</span> <span class='ocrx_word' id='word_1_237' title='bbox 1183 3777 1421 3856; x_wconf 88' lang='lat' dir='ltr'>observandis</span> <span class='ocrx_word' id='word_1_238' title='bbox 1436 3781 1482 3858; x_wconf 93' lang='lat' dir='ltr'>ab</span> <span class='ocrx_word' id='word_1_239' title='bbox 1501 3782 1694 3872; x_wconf 78' lang='lat' dir='ltr'>coiectas,</span> <span class='ocrx_word' id='word_1_240' title='bbox 1719 3785 1837 3862; x_wconf 88' lang='lat' dir='ltr'>dictus</span> 
     </span>
     <span class='ocr_line' id='line_1_26' title="bbox 412 3898 1836 4007; baseline 0.011 -34"><span class='ocrx_word' id='word_1_241' title='bbox 412 3898 614 4005; x_wconf 87' lang='lat' dir='ltr'>recipiens,</span> <span class='ocrx_word' id='word_1_242' title='bbox 636 3919 834 4007; x_wconf 89' lang='lat' dir='ltr'>preceptor</span> <span class='ocrx_word' id='word_1_243' title='bbox 857 3920 949 3980; x_wconf 90' lang='lat' dir='ltr'>tunc</span> <span class='ocrx_word' id='word_1_244' title='bbox 977 3903 1074 3981; x_wconf 87' lang='lat' dir='ltr'>dicte</span> <span class='ocrx_word' id='word_1_245' title='bbox 1100 3906 1234 3984; x_wconf 91' lang='lat' dir='ltr'>domus</span> <span class='ocrx_word' id='word_1_246' title='bbox 1262 3907 1554 4002; x_wconf 85' lang='lat' dir='ltr'>Suessionensis,</span> <span class='ocrx_word' id='word_1_247' title='bbox 1583 3914 1747 3992; x_wconf 90' lang='lat' dir='ltr'>ostendit</span> <span class='ocrx_word' id='word_1_248' title='bbox 1768 3915 1836 3992; x_wconf 89' lang='lat' dir='ltr'>sihi</span> 
     </span>
     <span class='ocr_line' id='line_1_27' title="bbox 412 4029 1838 4149; baseline 0.013 -46"><span class='ocrx_word' id='word_1_249' title='bbox 412 4029 612 4132; x_wconf 90' lang='lat' dir='ltr'>quamdam</span> <span class='ocrx_word' id='word_1_250' title='bbox 632 4059 780 4108; x_wconf 85' lang='lat' dir='ltr'>crucem</span> <span class='ocrx_word' id='word_1_251' title='bbox 799 4032 839 4107; x_wconf 94' lang='lat' dir='ltr'>in</span> <span class='ocrx_word' id='word_1_252' title='bbox 857 4061 933 4139; x_wconf 89' lang='lat' dir='ltr'>qua</span> <span class='ocrx_word' id='word_1_253' title='bbox 952 4053 1030 4110; x_wconf 89' lang='lat' dir='ltr'>erat</span> <span class='ocrx_word' id='word_1_254' title='bbox 1047 4065 1180 4145; x_wconf 83' lang='lat' dir='ltr'>ymago</span> <span class='ocrx_word' id='word_1_255' title='bbox 1200 4039 1315 4118; x_wconf 89' lang='lat' dir='ltr'>lhesu</span> <span class='ocrx_word' id='word_1_256' title='bbox 1335 4039 1473 4120; x_wconf 89' lang='lat' dir='ltr'>Christi</span> <span class='ocrx_word' id='word_1_257' title='bbox 1502 4044 1662 4149; x_wconf 89' lang='lat' dir='ltr'>depicta,</span> <span class='ocrx_word' id='word_1_258' title='bbox 1690 4062 1728 4123; x_wconf 89' lang='lat' dir='ltr'>et</span> <span class='ocrx_word' id='word_1_259' title='bbox 1748 4045 1838 4123; x_wconf 90' lang='lat' dir='ltr'>dixit</span> 
     </span>
     <span class='ocr_line' id='line_1_28' title="bbox 412 4155 1836 4281; baseline 0.015 -50"><span class='ocrx_word' id='word_1_260' title='bbox 412 4155 483 4232; x_wconf 86' lang='lat' dir='ltr'>sihi</span> <span class='ocrx_word' id='word_1_261' title='bbox 500 4159 606 4264; x_wconf 92' lang='lat' dir='ltr'>quod</span> <span class='ocrx_word' id='word_1_262' title='bbox 623 4188 700 4239; x_wconf 91' lang='lat' dir='ltr'>non</span> <span class='ocrx_word' id='word_1_263' title='bbox 716 4161 885 4239; x_wconf 89' lang='lat' dir='ltr'>crederet</span> <span class='ocrx_word' id='word_1_264' title='bbox 899 4163 938 4238; x_wconf 91' lang='lat' dir='ltr'>in</span> <span class='ocrx_word' id='word_1_265' title='bbox 954 4191 1056 4254; x_wconf 88' lang='lat' dir='ltr'>eum,</span> <span class='ocrx_word' id='word_1_266' title='bbox 1077 4169 1165 4274; x_wconf 89' lang='lat' dir='ltr'>quia</span> <span class='ocrx_word' id='word_1_267' title='bbox 1180 4169 1295 4246; x_wconf 89' lang='lat' dir='ltr'>nichil</span> <span class='ocrx_word' id='word_1_268' title='bbox 1313 4189 1408 4262; x_wconf 88' lang='lat' dir='ltr'>erat,</span> <span class='ocrx_word' id='word_1_269' title='bbox 1425 4189 1463 4249; x_wconf 88' lang='lat' dir='ltr'>et</span> <span class='ocrx_word' id='word_1_270' title='bbox 1476 4174 1671 4280; x_wconf 86' lang='lat' dir='ltr'>quoderat</span> <span class='ocrx_word' id='word_1_271' title='bbox 1685 4175 1836 4281; x_wconf 90' lang='lat' dir='ltr'>quidam</span> 
     </span>
     <span class='ocr_line' id='line_1_29' title="bbox 413 4285 1837 4413; baseline 0.015 -51"><span class='ocrx_word' id='word_1_272' title='bbox 413 4285 526 4366; x_wconf 85' lang='lat' dir='ltr'>falsus</span> <span class='ocrx_word' id='word_1_273' title='bbox 537 4289 732 4397; x_wconf 89' lang='lat' dir='ltr'>propheta,</span> <span class='ocrx_word' id='word_1_274' title='bbox 749 4310 786 4370; x_wconf 89' lang='lat' dir='ltr'>et</span> <span class='ocrx_word' id='word_1_275' title='bbox 799 4293 913 4372; x_wconf 92' lang='lat' dir='ltr'>nichil</span> <span class='ocrx_word' id='word_1_276' title='bbox 933 4295 1097 4388; x_wconf 87' lang='lat' dir='ltr'>valebat;</span> <span class='ocrx_word' id='word_1_277' title='bbox 1120 4299 1236 4379; x_wconf 91' lang='lat' dir='ltr'>immo</span> <span class='ocrx_word' id='word_1_278' title='bbox 1249 4302 1419 4382; x_wconf 88' lang='lat' dir='ltr'>crederet</span> <span class='ocrx_word' id='word_1_279' title='bbox 1439 4305 1478 4381; x_wconf 96' lang='lat' dir='ltr'>in</span> <span class='ocrx_word' id='word_1_280' title='bbox 1493 4305 1617 4384; x_wconf 92' lang='lat' dir='ltr'>Deum</span> <span class='ocrx_word' id='word_1_281' title='bbox 1633 4306 1714 4385; x_wconf 87' lang='lat' dir='ltr'>Ccli</span> <span class='ocrx_word' id='word_1_282' title='bbox 1731 4335 1837 4413; x_wconf 91' lang='lat' dir='ltr'>supe-</span> 
     </span>
     <span class='ocr_line' id='line_1_30' title="bbox 412 4417 1836 4542; baseline 0.015 -50"><span class='ocrx_word' id='word_1_283' title='bbox 412 4417 567 4508; x_wconf 89' lang='lat' dir='ltr'>riorem,</span> <span class='ocrx_word' id='word_1_284' title='bbox 589 4421 654 4527; x_wconf 87' lang='lat' dir='ltr'>qui</span> <span class='ocrx_word' id='word_1_285' title='bbox 672 4439 820 4528; x_wconf 88' lang='lat' dir='ltr'>poterat</span> <span class='ocrx_word' id='word_1_286' title='bbox 831 4425 985 4517; x_wconf 85' lang='lat' dir='ltr'>salvare;</span> <span class='ocrx_word' id='word_1_287' title='bbox 1008 4447 1045 4504; x_wconf 90' lang='lat' dir='ltr'>et</span> <span class='ocrx_word' id='word_1_288' title='bbox 1063 4433 1230 4537; x_wconf 86' lang='lat' dir='ltr'>precepit</span> <span class='ocrx_word' id='word_1_289' title='bbox 1247 4432 1365 4510; x_wconf 89' lang='lat' dir='ltr'>eciam</span> <span class='ocrx_word' id='word_1_290' title='bbox 1383 4437 1489 4541; x_wconf 89' lang='lat' dir='ltr'>quod</span> <span class='ocrx_word' id='word_1_291' title='bbox 1507 4437 1586 4542; x_wconf 87' lang='lat' dir='ltr'>ipso</span> <span class='ocrx_word' id='word_1_292' title='bbox 1606 4456 1758 4541; x_wconf 88' lang='lat' dir='ltr'>spueret</span> <span class='ocrx_word' id='word_1_293' title='bbox 1776 4465 1836 4514; x_wconf 91' lang='lat' dir='ltr'>su·</span> 
     </span>
     <span class='ocr_line' id='line_1_31' title="bbox 411 4556 1837 4675; baseline 0.014 -52"><span class='ocrx_word' id='word_1_294' title='bbox 411 4577 478 4652; x_wconf 90' lang='lat' dir='ltr'>pra</span> <span class='ocrx_word' id='word_1_295' title='bbox 503 4577 651 4628; x_wconf 86' lang='lat' dir='ltr'>crucem</span> <span class='ocrx_word' id='word_1_296' title='bbox 671 4571 708 4630; x_wconf 90' lang='lat' dir='ltr'>et</span> <span class='ocrx_word' id='word_1_297' title='bbox 725 4556 936 4663; x_wconf 82' lang='lat' dir='ltr'>ymaginem</span> <span class='ocrx_word' id='word_1_298' title='bbox 954 4559 1179 4664; x_wconf 89' lang='lat' dir='ltr'>predictam,</span> <span class='ocrx_word' id='word_1_299' title='bbox 1201 4579 1238 4639; x_wconf 90' lang='lat' dir='ltr'>et</span> <span class='ocrx_word' id='word_1_300' title='bbox 1256 4581 1347 4641; x_wconf 87' lang='lat' dir='ltr'>tunc</span> <span class='ocrx_word' id='word_1_301' title='bbox 1365 4565 1444 4671; x_wconf 89' lang='lat' dir='ltr'>ipse</span> <span class='ocrx_word' id='word_1_302' title='bbox 1465 4568 1529 4673; x_wconf 91' lang='lat' dir='ltr'>qui</span> <span class='ocrx_word' id='word_1_303' title='bbox 1546 4566 1716 4675; x_wconf 89' lang='lat' dir='ltr'>loquitur</span> <span class='ocrx_word' id='word_1_304' title='bbox 1732 4567 1837 4645; x_wconf 88' lang='lat' dir='ltr'>finxit</span> 
     </span>
     <span class='ocr_line' id='line_1_32' title="bbox 413 4683 1834 4804; baseline 0.015 -50"><span class='ocrx_word' id='word_1_305' title='bbox 413 4705 622 4786; x_wconf 76' lang='lat' dir='ltr'>respuere,</span> <span class='ocrx_word' id='word_1_306' title='bbox 648 4683 716 4760; x_wconf 89' lang='lat' dir='ltr'>sed</span> <span class='ocrx_word' id='word_1_307' title='bbox 735 4713 812 4764; x_wconf 93' lang='lat' dir='ltr'>non</span> <span class='ocrx_word' id='word_1_308' title='bbox 832 4689 932 4794; x_wconf 89' lang='lat' dir='ltr'>spuit</span> <span class='ocrx_word' id='word_1_309' title='bbox 951 4717 1062 4796; x_wconf 89' lang='lat' dir='ltr'>supra</span> <span class='ocrx_word' id='word_1_310' title='bbox 1075 4691 1180 4799; x_wconf 92' lang='lat' dir='ltr'>quod</span> <span class='ocrx_word' id='word_1_311' title='bbox 1199 4711 1338 4797; x_wconf 88' lang='lat' dir='ltr'>posset,</span> <span class='ocrx_word' id='word_1_312' title='bbox 1360 4696 1479 4775; x_wconf 92' lang='lat' dir='ltr'>immo</span> <span class='ocrx_word' id='word_1_313' title='bbox 1500 4699 1601 4804; x_wconf 90' lang='lat' dir='ltr'>spuit</span> <span class='ocrx_word' id='word_1_314' title='bbox 1620 4699 1668 4775; x_wconf 92' lang='lat' dir='ltr'>ad</span> <span class='ocrx_word' id='word_1_315' title='bbox 1687 4717 1834 4778; x_wconf 88' lang='lat' dir='ltr'>terram.</span> 
     </span>
     <span class='ocr_line' id='line_1_33' title="bbox 414 4807 1836 4931; baseline 0.014 -45"><span class='ocrx_word' id='word_1_316' title='bbox 414 4807 500 4902; x_wconf 88' lang='lat' dir='ltr'>Quo</span> <span class='ocrx_word' id='word_1_317' title='bbox 512 4808 608 4889; x_wconf 86' lang='lat' dir='ltr'>facto</span> <span class='ocrx_word' id='word_1_318' title='bbox 629 4813 749 4910; x_wconf 83' lang='lat' dir='ltr'>dictus</span> <span class='ocrx_word' id='word_1_319' title='bbox 767 4816 950 4922; x_wconf 88' lang='lat' dir='ltr'>recipiens</span> <span class='ocrx_word' id='word_1_320' title='bbox 973 4821 1082 4898; x_wconf 87' lang='lat' dir='ltr'>traxit</span> <span class='ocrx_word' id='word_1_321' title='bbox 1101 4851 1188 4900; x_wconf 90' lang='lat' dir='ltr'>eum</span> <span class='ocrx_word' id='word_1_322' title='bbox 1207 4824 1254 4900; x_wconf 93' lang='lat' dir='ltr'>ad</span> <span class='ocrx_word' id='word_1_323' title='bbox 1280 4844 1439 4931; x_wconf 91' lang='lat' dir='ltr'>partem,</span> <span class='ocrx_word' id='word_1_324' title='bbox 1467 4845 1505 4906; x_wconf 89' lang='lat' dir='ltr'>et</span> <span class='ocrx_word' id='word_1_325' title='bbox 1522 4828 1651 4908; x_wconf 89' lang='lat' dir='ltr'>levatis</span> <span class='ocrx_word' id='word_1_326' title='bbox 1675 4830 1836 4910; x_wconf 88' lang='lat' dir='ltr'>vestibus</span> 
     </span>
    </p>
   </div>
   <div class='ocr_carea' id='block_1_4' title="bbox 0 0 2110 5877">
    <p class='ocr_par' dir='ltr' id='par_1_4' title="bbox 0 0 2110 5877">
     <span class='ocr_line' id='line_1_34' title="bbox 0 0 2110 5877; baseline 0 0"><span class='ocrx_word' id='word_1_327' title='bbox 0 0 2110 5877; x_wconf 95' lang='lat' dir='ltr'> </span> 
     </span>
    </p>
   </div>
  </div>
 </body>
</html>
