4320 5898
746 485 940 580 pnoons
968 503 1064 578 nus
1091 503 1389 579 rennuens.
1648 482 1651 488 '
1730 505 1780 578 25

351 646 495 727 audivit
507 647 580 726 dici
597 664 683 725 ante
697 650 1078 755 capcionem'eorum.
1095 647 1198 726 Dixit
1214 649 1370 756 iusuper
1382 676 1425 726 se
1439 645 1652 725 confessum
1668 648 1782 728 luisse

351 781 399 860 de
417 781 597 890 predictis
617 781 810 860 erroribus
823 782 862 858 in
877 782 1082 861 crastinum
1098 808 1164 859 sue
1184 781 1431 888 recepcionis‚
1450 779 1551 888 apud
1565 779 1781 872 Belvacum‚

350 913 500 990 cuidam
533 913 712 992 canonico
745 913 959 992 Belvacensi
994 912 1148 1003 claudo,
1190 912 1297 1021 cujus
1330 939 1472 990 nomen
1505 929 1542 989 et
1572 940 1784 1021 cognomen

224 1097 229 1108 -
349 1047 512 1154 ignorat,
530 1045 799 1152 penitenciario
817 1047 964 1124 domini
982 1044 1145 1152 episcopi
1162 1044 1411 1137 Belvacensis,
1426 1044 1491 1151 qui
1504 1042 1662 1122 alisolvit
1677 1073 1783 1126 eum,

349 1176 524 1284 imposita
539 1177 615 1255 sibi*
629 1179 843 1285 penitencia
862 1178 970 1287 quod
983 1177 1175 1286 jejunaret
1188 1178 1226 1254 in
1247 1205 1343 1285 pane
1360 1195 1396 1255 et
1418 1205 1513 1286 aqua
1530 1176 1656 1255 tribus
1674 1177 1787 1255 sextis

347 1307 468 1396 feriis,
492 1324 530 1388 et
552 1309 657 1416 quod
677 1307 821 1420 legeret
840 1309 1059 1418 psalterium
1080 1335 1165 1389 xvrn
1183 1310 1344 1400 vicibus,
1376 1327 1413 1387 et
1433 1308 1539 1417 quod
1559 1337 1637 1386 non
1658 1337 1786 1416 perse-

349 1457 494 1518 veraret
510 1441 666 1520 indicto
680 1470 825 1534 errore3
847 1470 962 1551 quam
983 1441 1235 1548 penitenciam
1251 1442 1329 1548 ipse
1345 1437 1509 1550 peregit,
1530 1469 1784 1548 necunquam

350 1572 518 1652 indicto
548 1603 675 1653 errore
700 1575 966 1682 perseveravit,
994 1591 1037 1651 ut
1065 1573 1169 1650 dixit.
1198 1575 1311 1663 Item,
1340 1573 1433 1652 dixit
1456 1573 1562 1681 quod
1583 1575 1662 1681 ipse
1686 1573 1785 1651 bene

350 1699 529 1781 credebat
556 1704 816 1784 ecclesiasticis
841 1705 1104 1796 sacramentis,
1135 1721 1173 1780 et
1202 1703 1334 1782 credit.
1351 1691 1455 1811 quod
1481 1703 1613 1782 fratres
1642 1705 1786 1783 ordinis

170 1881 188 1914 ι
269 1923 273 1934 ,
350 1834 447 1913 bene
469 1836 684 1926 crederent;
710 1853 748 1914 et
768 1837 847 1944 ipse
868 1833 1083 1914 celebrabat
1097 1835 1136 1910 in
1157 1835 1290 1912 ordine
1308 1836 1519 1913 secundum
1540 1833 1701 1913 sormam
1716 1838 1787 1913 Ec-

351 1967 482 2058 clesie;
505 1983 543 2045 et
564 1967 684 2045 credit
703 1967 809 2075 quod
827 1967 889 2044 alii
908 1965 1108 2073 presbiteri
1131 1966 1276 2045 ordinis
1297 1965 1425 2044 debite
1445 1965 1696 2056 celebrarent3
1716 1996 1787 2045 uec

350 2098 430 2178 fuit,
451 2098 522 2178 sibi
550 2098 758 2176 inhibitum
776 2098 886 2205 quod
911 2097 1130 2176 obmitteret
1150 2096 1262 2174 verba
1282 2097 1445 2180 canonis.
1473 2098 1562 2176 Fuit
1582 2099 1614 2175 ei
1642 2099 1786 2180 dictum

352 2232 459 2338 quod
470 2232 594 2309 statim
608 2259 677 2338 pro
690 2229 861 2338 professo
873 2230 1096 2309 habebatur.
1112 2230 1353 2310 Clandestine
1366 2229 1656 2337 recipiebantur,
1672 2233 1787 2310 nullis

216 2422 221 2431 .
351 2361 590 2470 presentibus
607 2363 678 2442 nisi
693 2360 872 2443 fratribus
889 2362 1045 2440 ordinis.
1065 2347 1231 2441 Cordula
1247 2390 1322 2470 qua
1341 2361 1420 2468 ipse
1441 2361 1663 2469 cingebatur
1675 2393 1786 2470 supra
1824 2366 1826 2375 ⁴

352 2493 543 2572 camisiam
564 2525 649 2573 cum
665 2523 739 2603 qua
754 2493 904 2603 jacebat
922 2522 1000 2571 uon
1019 2495 1194 2604 tetigerat
1213 2493 1331 2601 capita
1345 2492 1565 2602 ydolorum,
1583 2511 1654 2571 nec
1669 2495 1788 2572 credit

352 2626 458 2735 quod
478 2625 635 2704 cordule
656 2625 819 2704 aliorum
839 2642 1056 2735 tangerent,
1076 2654 1146 2704 nec
1168 2625 1274 2734 quod
1292 2623 1404 2733 ydola
1424 2623 1610 2703 haberent
1623 2624 1683 2703 vel
1703 2625 1789 2704 ado-

352 2774 489 2836 rarent.
510 2757 663 2866 Absque
684 2758 841 2836 licencia
863 2785 941 2835 non
961 2775 1136 2865 poterant
1155 2757 1227 2834 uisi
1248 2755 1507 2835 sacerdotibus
1530 2757 1674 2836 ordinis
1698 2789 1788 2838 oon-

354 2888 466 2966 fiteri.
497 2888 770 3000 lujungebatur
797 2889 851 2967 eis
871 2889 977 2995 quod
1004 2916 1081 2966 nou
1110 2887 1319 2966 revelarent
1348 2904 1490 2965 secreta
1522 2887 1784 2996 capitulorum.

354 3019 612 3098 Eleemosinas
637 3037 677 3098 et
701 3020 995 3128 hospitalitatem
1014 3020 1110 3097 vidit
1129 3017 1397 3098 convenienter
1416 3019 1499 3098 fieri
1526 3037 1564 3097 et
1588 3023 1723 3099 servari
1747 3023 1787 3098 in

357 3151 535 3230 domibus
555 3153 701 3230 ordinis
721 3152 760 3229 in
785 3152 925 3260 quibus
951 3151 1139 3230 exstiterat
1170 3166 1436 3230 commoratus.
1466 3152 1505 3232 Si
1541 3169 1647 3230 erant
1670 3154 1787 3262 aliqui

354 3281 395 3359 in
421 3283 555 3360 ordine
577 3283 643 3390 qui
668 3283 806 3360 scirent
830 3311 977 3361 errores
994 3283 1185 3392 predictos
1206 3300 1245 3361 et
1269 3311 1334 3361 eos
1353 3312 1431 3361 non
1457 3302 1700 3366 correxerunt
1718 3315 1787 3362 nec

357 3412 679 3491 denunciaverunt
690 3413 872 3501 Ecclesie,
887 3413 1042 3492 fuerunt
1054 3414 1299 3524 negligentes.
1314 3415 1431 3510 Quod
1444 3443 1601 3526 magnus
1612 3418 1789 3526 Magister

356 3575 442 3624 cum
472 3563 660 3625 conventu
688 3545 878 3624 statuisset
904 3563 1084 3624 servasset
1110 3562 1215 3623 totns
1244 3543 1359 3640 ordo,
1391 3564 1520 3624 contra
1545 3577 1661 3654 quern
1689 3579 1789 3628 nunc

354 3679 509 3787 grandia
528 3679 717 3769 scandala,
747 3676 912 3785 suspicio
937 3692 975 3753 et
998 3675 1151 3753 iufamia
1175 3693 1262 3754 sunt
1290 3694 1432 3765 exorta,
1462 3694 1500 3754 et
1522 3695 1652 3756 contra
1672 3707 1788 3786 quem

356 3811 499 3890 audivit
518 3811 591 3889 dici
612 3839 794 3920 magnum
820 3809 1043 3917 Magistrum
1063 3825 1101 3885 et
1120 3808 1213 3886 alios
1233 3807 1379 3916 aliquos
1400 3837 1545 3888 errores
1564 3807 1679 3888 fuisse
1700 3839 1789 3889 con-

355 3943 489 4032 sess0s3
518 3941 566 4020 ad
592 3943 699 4051 cujus
720 3941 865 4020 ordinis
887 3941 1162 4019 deffensionem
1190 3969 1230 4020 se
1256 3940 1447 4020 obtulerat
1473 3970 1560 4020 cum
1585 3942 1686 4032 aliis,
1710 3972 1787 4023 non

356 4074 461 4184 quod
480 4074 593 4153 vellet
611 4075 738 4154 venire
759 4089 890 4154 contra
909 4071 1193 4179 deposicionem
1213 4101 1331 4151 suam.

412 4205 631 4313 Requisitus
664 4205 695 4282 si
727 4206 780 4282 sic
812 4205 1039 4313 deposuerat
1068 4233 1195 4312 prece,
1224 4220 1422 4312 precepto,
1453 4205 1607 4300 timore,
1639 4237 1786 4300 amore,

358 4339 463 4428 odio,
494 4337 554 4414 vel
580 4336 781 4444 temporali
806 4335 968 4415 comodo
994 4335 1125 4416 habito
1149 4337 1209 4415 vel
1225 4337 1427 4428 habendo,
1456 4341 1653 4447 respoudit
1684 4339 1790 4449 quod

350 4493 451 4560 non,
478 4469 547 4548 sed
570 4498 640 4576 pro
659 4471 814 4548 veritate
842 4470 1019 4562 diceuda3
1041 4471 1101 4548 cui
1128 4469 1201 4548 luit
1224 4469 1436 4579 injunctum
1456 4473 1560 4580 quod
1581 4502 1659 4552 nou
1682 4501 1788 4552 reve-

358 4602 452 4680 laret
476 4601 573 4680 hauc
598 4631 705 4681 suam
732 4601 1013 4709 deposicionem
1042 4629 1242 4717 quousque
1270 4602 1530 4681 attestaciones
1556 4603 1698 4683 luerint
1718 4633 1788 4713 pu-

271 4769 273 4774 ·
357 4733 503 4814 blicate.

446 5005 554 5072 esocis
575 5028 628 5072 ors
648 5027 820 5071 renarrans.
835 5042 874 5054 -
890 5028 922 5068 n.
