4202 5876
387 559 461 632 sir
773 537 968 632 exochs
993 557 1089 630 ons
1115 557 1414 632 rauruxas.

385 700 453 774 tim
473 700 737 805 interrogatus,
758 699 991 804 respondens
1011 698 1103 776 dixit
1122 698 1225 804 quod
1238 698 1397 804 predicti
1411 698 1476 804 qui
1498 697 1536 774 in
1557 697 1722 776 articulis
1739 697 1808 776 fra·

384 847 459 906 tras
474 845 691 908 asseruntur
710 827 824 906 fuisse
845 829 932 908 dicti
959 829 1102 908 ordinis
1113 829 1276 935 Templi,
1291 830 1559 938 cujuscumque
1581 829 1809 906 conditionis

383 958 438 1034 illi
457 957 595 1036 fuerint
611 959 677 1065 qui
699 957 856 1036 confessi
876 976 963 1037 sunt
983 986 1143 1047 errores,
1165 957 1320 1036 crimina
1342 975 1380 1036 ct
1399 959 1492 1035 vicia
1511 959 1551 1035 in
1564 959 1729 1036 articulis
1744 989 1812 1036 no·

383 1091 537 1178 minata,
561 1089 652 1165 dicit
671 1088 757 1166 illos
775 1116 851 1165 non
872 1087 985 1166 fnisse
1011 1087 1141 1166 fratres
1160 1088 1325 1194 Templi,
1354 1088 1422 1166 sed
1444 1087 1616 1166 diabolos
1648 1089 1686 1166 in
1713 1087 1811 1194 pelle

385 1221 580 1297 hominnm
609 1221 831 1308 incarnatos3
853 1246 898 1298 eo
923 1213 1028 1324 quod
1054 1217 1249 1296 falsitatem
1274 1219 1312 1294 in
1338 1217 1515 1296 omnihus
1537 1234 1575 1295 et
1598 1246 1668 1323 per
1686 1218 1811 1297 omnia

384 1349 554 1427 dixerunt
573 1365 610 1426 et
629 1347 785 1426 confessi
806 1366 905 1436 sunt,
928 1349 1079 1426 varitate
1098 1376 1251 1455 prorsus
1272 1348 1435 1440 exclusa,
1456 1348 1650 1455 sicutipse
1670 1349 1736 1454 qui
1754 1346 1811 1426 lo-

249 1555 255 1564 ,
383 1481 512 1584 quitur
530 1477 689 1558 firmiter
708 1495 831 1583 sperat
851 1495 888 1554 et
903 1478 1037 1567 credit,
1055 1479 1152 1594 salva
1168 1507 1317 1585 semper
1329 1480 1518 1556 sanctitate
1535 1495 1574 1556 et
1593 1479 1810 1556 excellentia

386 1610 605 1686 sanctissimi
627 1610 771 1687 domini
793 1610 910 1688 nostri
931 1638 1027 1716 pape
1048 1628 1085 1688 et
1104 1612 1184 1717 ejus
1204 1611 1296 1688 sacri
1319 1611 1547 1700 consistorii,
1568 1637 1733 1716 quorum
1750 1611 1812 1686 ho

382 1741 464 1815 nori
479 1739 693 1817 nullatenus
702 1740 863 1816 intendit
873 1740 1086 1828 detrahere,
1101 1740 1190 1816 licet
1204 1740 1297 1817 dixit
1310 1741 1431 1819 dictos
1445 1739 1575 1819 fratres
1590 1739 1811 1818 confitentes

382 1871 580 1948 falsitatem
612 1851 746 1947 dixisse
779 1871 817 1944 in
836 1871 913 1946 suis
940 1868 1239 1948 confessionibus
1258 1887 1295 1948 ct
1319 1871 1512 1947 veritatem
1531 1899 1599 1978 per
1615 1872 1740 1948 omnia
1760 1888 1812 1948 ta·

385 2002 520 2090 wisse,
542 2018 585 2077 ut
604 1999 734 2076 credit.

440 2130 497 2206 Ad
518 2130 636 2208 lxxxvr
652 2129 851 2207 articulum
866 2129 1062 2236 diligenter
1074 2132 1336 2238 interrogatus,
1355 2131 1587 2237 respondens
1601 2132 1694 2208 dixit
1708 2132 1811 2238 quod

384 2261 497 2336 frater
520 2260 760 2367 Raymundus
785 2260 833 2336 de
857 2261 955 2338 Baeo
978 2277 1068 2336 tunc
1096 2277 1294 2367 preceptor
1321 2261 1420 2338 dicta
1449 2261 1584 2339 domus
1602 2262 1721 2339 Mansi
1741 2263 1809 2338 Dei

384 2390 525 2496 recepit
545 2390 668 2496 ipsum
688 2388 837 2468 fratrem
861 2392 926 2495 qui
948 2390 1116 2496 loquitur
1136 2391 1174 2466 in
1193 2389 1343 2468 fratrem
1365 2392 1454 2468 dicti
1476 2391 1634 2478 ordinis,
1658 2392 1720 2469 die
1736 2393 1810 2468 Do-

384 2522 519 2598 minica
538 2521 656 2626 prima
680 2538 765 2626 post
792 2519 927 2598 festum
953 2522 1070 2598 sancti
1095 2521 1244 2600 Andree
1267 2523 1435 2628 proxime
1455 2522 1625 2629 preteriti
1659 2521 1811 2600 fuerunt

383 2677 451 2728 xxx
470 2653 558 2728 anni
580 2652 694 2757 elapsi
712 2651 769 2729 vel
787 2653 899 2739 circa,
918 2653 955 2727 in
975 2651 1116 2758 capella
1132 2652 1231 2729 dicte
1252 2652 1389 2732 domus
1406 2653 1524 2730 Mansi
1543 2654 1633 2740 Dei,
1659 2679 1810 2758 presen-

382 2781 484 2858 tibus
494 2799 532 2858 et
540 2780 681 2859 ibidem
698 2781 904 2859 astantibus
915 2781 1054 2858 laccho
1070 2783 1116 2858 de
1131 2781 1283 2870 Oleriis,
1300 2784 1411 2858 Petro
1427 2782 1476 2858 de
1491 2781 1807 2886 Camporotundo,

385 2929 422 2988 et
444 2912 607 2988 Jordano
629 2911 676 2987 de
695 2910 927 3000 Pulcrovisu‚
951 2929 988 2988 et
1002 2911 1174 3017 pluribus
1190 2912 1272 2988 aliis
1291 2912 1468 2990 fratribus
1486 2913 1577 2988 dicti
1597 2912 1752 2989 ordinis.

439 3043 495 3118 Dc
516 3041 631 3118 modo
648 3058 773 3117 autem
796 3070 863 3118 sue
885 3043 1114 3148 recepcionis
1139 3061 1176 3118 et
1196 3043 1500 3150 contingentibus
1520 3042 1696 3131 eandem,
1719 3043 1812 3118 dixit

385 3153 487 3249 idem
505 3174 546 3248 in
568 3173 703 3249 effectu
728 3172 824 3248 sicut
840 3171 953 3249 frater
972 3173 1258 3249 bartholomeus
1288 3174 1334 3250 ds
1363 3175 1502 3259 Turre,
1523 3173 1668 3276 primus
1688 3173 1807 3258 testis,

385 3301 476 3377 dixit
495 3320 531 3378 et
551 3302 723 3407 deposuit
742 3303 780 3376 in
800 3301 872 3377 hoc
893 3303 1026 3378 eodem
1048 3302 1216 3379 articulo.

441 3432 500 3510 Ad
519 3432 651 3510 lxxxvu
678 3450 715 3509 et
735 3431 881 3510 lxxxvru
904 3451 940 3508 et
960 3432 1137 3510 ultimum
1155 3433 1330 3510 articulos
1348 3431 1547 3537 diligenter
1567 3448 1605 3509 et
1623 3431 1809 3536 sigillatim

385 3564 649 3671 interrogatus,
672 3561 902 3668 respondens
922 3561 1014 3638 dixit
1034 3591 1073 3638 se
1093 3562 1208 3638 nichil
1228 3563 1321 3638 scire
1341 3561 1387 3638 de
1409 3562 1594 3638 contentis
1614 3562 1737 3637 ineis.

444 3693 564 3798 Super
576 3692 751 3770 aliisvero
762 3693 1254 3798 tamcircumstanciisquam
1264 3693 1530 3770 coherentibus
1545 3692 1633 3797 ipsis
1648 3690 1811 3767 articulis

385 3822 584 3929 diligenter
598 3821 860 3929 interrogatus,
880 3821 972 3898 dixit
984 3851 1022 3898 se
1043 3823 1185 3900 nescire
1205 3821 1313 3926 plura
1333 3850 1402 3898 nec
1415 3823 1568 3900 credere
1584 3821 1690 3898 aliter
1709 3821 1808 3926 quod

385 3953 556 4060 superius
571 3970 627 4031 est
647 3951 850 4030 confessus.

441 4215 600 4321 Explicit
618 4215 810 4321 inquisitio
829 4239 897 4319 per
913 4241 982 4291 nos
1002 4213 1201 4290 Elncnsem
1222 4214 1440 4320 episcopum
1461 4229 1566 4320 cepta
1588 4231 1714 4288 contra
1734 4239 1809 4318 pre·

386 4346 505 4422 dictos
525 4345 654 4422 fratres
675 4343 813 4420 milicie
833 4343 998 4449 Templi,
1016 4371 1060 4420 ex
1076 4344 1342 4420 commissione
1358 4342 1466 4419 nobis
1481 4341 1576 4420 facta
1592 4367 1659 4448 per
1672 4343 1809 4420 Sedem

386 4475 644 4582 apostolicam,
668 4503 780 4580 super
800 4473 961 4552 articulis
980 4503 999 4550 a
1020 4473 1119 4551 dicta
1140 4473 1237 4551 Sede
1257 4474 1368 4551 nobis
1380 4453 1603 4550 transmissis
1620 4489 1657 4549 et
1673 4499 1809 4548 arese-

385 4605 503 4684 rendo
516 4607 556 4682 in
570 4605 720 4683 Christo
741 4623 843 4712 patre
859 4621 896 4681 et
911 4604 1064 4682 domino
1080 4604 1213 4710 Egidio
1228 4620 1352 4680 sancte
1366 4603 1644 4682 Narbonnensis
1658 4601 1811 4678 ecclesie

386 4737 682 4842 archiepiscopo,
698 4737 762 4842 qui
779 4736 998 4812 auctoritate
1021 4751 1251 4811 sacrosancte
1272 4733 1380 4812 Sedis
1401 4734 1570 4838 predicte
1592 4731 1811 4810 litteratorie

386 4867 670 4973 inquisitionem
682 4865 778 4942 hanc
794 4893 860 4971 per
872 4893 941 4943 nos
955 4866 1121 4970 precepit
1136 4863 1235 4954 ficri,
1252 4881 1366 4970 prout
1377 4864 1424 4940 de
1436 4863 1509 4940 hiis
1525 4891 1568 4938 ex
1585 4861 1811 4968 preambulis
