4210 5882
405 555 479 632 ean
794 531 994 627 rnocts
1023 550 1118 622 ons
1144 545 1444 620 resumens,

402 695 579 776 fratribus
598 693 664 802 qui
686 694 725 770 in
745 693 823 801 ipsa
844 693 960 772 domo
986 709 1077 768 tunc
1104 707 1224 778 erant,
1250 689 1333 797 ipso
1358 687 1473 766 fratre
1492 687 1760 766 bartholomeo
1775 691 1840 798 qui

404 829 583 936 loquitur,
607 826 687 934 jam
711 842 801 902 tunc
826 825 1037 932 presbitero
1068 821 1247 898 existente
1276 837 1314 898 et
1339 837 1560 897 remanente
1589 835 1690 897 extra
1718 820 1843 929 capel-

404 962 479 1039 lam
493 951 715 1066 predictam.
730 959 778 1036 Et
796 973 880 1065 post
893 953 1087 1064 paululum
1101 968 1285 1031 venerunt
1299 951 1346 1030 ad
1363 953 1485 1060 ipsum
1500 951 1565 1058 qui
1580 951 1751 1059 loquitur
1764 953 1842 1031 duo

403 1094 535 1172 fratres
553 1117 661 1169 senes
677 1089 767 1168 dicti
782 1089 943 1178 ordinis,
964 1087 1012 1165 de
1031 1085 1250 1164 nominibus
1270 1113 1432 1192 quorum
1449 1084 1541 1163 dixit
1560 1113 1600 1161 se
1621 1083 1841 1192 adplenum

406 1253 483 1302 non
501 1221 707 1310 recordari,
726 1239 763 1299 et
782 1217 1068 1297 introduxerunt
1088 1217 1211 1324 ipsum
1234 1216 1300 1323 qui
1317 1215 1489 1323 loquitur
1507 1216 1545 1292 in
1561 1216 1763 1323 quamdam
1786 1247 1843 1293 ca-

405 1383 546 1432 meram
566 1382 640 1461 qne
661 1368 720 1429 est
733 1351 839 1459 juxta
860 1349 1070 1440 ecclesiam,
1101 1349 1140 1426 in
1161 1377 1234 1456 qua
1247 1349 1347 1456 jacet
1368 1348 1483 1425 frater
1507 1347 1723 1455 capellanus
1745 1349 1841 1426 dicte

408 1487 558 1576 domus;
579 1483 646 1561 ubi
671 1483 844 1561 dixerunt
864 1483 935 1590 ipsi
957 1481 1023 1590 qui
1042 1481 1210 1590 loquitur
1234 1480 1372 1558 multas
1392 1481 1611 1588 asperitates
1631 1481 1793 1570 ordinis,
1807 1500 1842 1558 et

406 1646 452 1694 an
473 1617 552 1723 ipse
570 1615 770 1723 qui-recipi
785 1613 947 1692 debebat
969 1612 1126 1692 baberet
1146 1611 1315 1690 membra
1335 1641 1399 1690 sua
1418 1642 1522 1705 sana,
1545 1631 1583 1690 et
1597 1627 1726 1690 utrum
1748 1632 1842 1690 esset

407 1746 766 1836 excommunicatus,
799 1762 835 1823 et
861 1763 988 1823 utrum
1018 1762 1113 1823 esset
1144 1743 1327 1852 obligatus
1354 1744 1623 1837 creditoribus,
1649 1761 1688 1821 et
1715 1773 1760 1822 an
1782 1775 1842 1822 vo

405 1897 487 1955 tum
509 1853 694 1956 emisisset
717 1877 879 1955 intrandi
899 1877 1015 1955 alium
1038 1876 1210 1954 ordinem
1232 1904 1300 1954 seu
1320 1875 1560 1984 religionem,
1582 1893 1621 1954 et
1638 1876 1754 1954 multa
1773 1875 1841 1953 alia

408 2037 481 2116 que
502 2009 742 2086 continentur
762 2009 801 2085 in
822 2008 989 2115 quodam
1003 2008 1101 2086 libro
1124 2008 1190 2115 qui
1212 2007 1422 2116 appellatur
1437 2007 1535 2087 liber
1548 2009 1784 2087 Statutorum
1805 2027 1842 2085 et

388 2139 536 2247 regula
555 2138 699 2216 ordinis
723 2139 1037 2246 Templariorum.
1065 2141 1113 2216 Et
1138 2168 1225 2216 cum
1250 2139 1329 2246 ipse
1361 2140 1427 2246 qui
1452 2139 1621 2246 loquitur
1644 2139 1693 2216 ad
1717 2141 1841 2217 omnia

407 2269 680 2378 respondisset,
710 2289 748 2349 et
767 2271 982 2365 docuissent
1004 2299 1092 2349 eum
1111 2269 1204 2378 quid
1224 2271 1381 2348 haberet
1396 2270 1521 2350 dicere
1539 2273 1769 2380 preceptori,
1789 2273 1843 2348 in-

408 2402 656 2482 troduxerunt
678 2429 766 2479 eum
787 2402 825 2478 in
846 2400 1038 2478 ecclesiam
1059 2399 1126 2514 ubi
1149 2418 1227 2477 erat
1247 2401 1369 2478 dictus
1388 2418 1588 2508 preceptor
1615 2431 1702 2480 cum
1726 2401 1843 2480 fratri-

408 2535 480 2612 bus
500 2534 565 2612 ubi
585 2533 765 2612 tenebant
784 2531 987 2638 capitulum
1012 2561 1082 2638 pro
1101 2531 1296 2637 predictis,
1318 2532 1453 2612 clausis
1467 2533 1594 2642 januis
1611 2534 1766 2612 ecclesie
1784 2565 1843 2613 su-

409 2665 592 2772 pradicte,
611 2682 648 2742 et
667 2663 773 2742 flexis
791 2663 950 2772 genibus
967 2680 1005 2740 et
1020 2663 1220 2770 complosis
1240 2665 1416 2744 manibus
1435 2694 1560 2745 coram
1577 2693 1640 2754 eo,
1659 2667 1752 2745 dixit
1766 2667 1842 2776 ipse

410 2797 476 2903 qui
494 2794 734 2902 recipiendus
754 2812 833 2873 erat
851 2827 859 2872 ε
876 2795 1082 2886 «Domine,
1103 2796 1186 2874 Deo
1204 2813 1242 2873 et
1256 2796 1367 2873 beate
1378 2797 1494 2875 Marie
1506 2798 1669 2905 Virgini,
1693 2814 1730 2876 et
1741 2799 1842 2877 vobis

413 2944 449 3003 et
471 2925 646 3034 omnibus
658 2985 779 3003 .....
808 2925 978 3033 supplico
1003 2953 1064 3002 me
1089 2925 1205 3034 recipi
1223 2927 1261 3004 in
1281 2927 1353 3006 boe
1372 2927 1506 3007 ordine
1526 2928 1566 3006 in
1584 2930 1728 3036 socium
1751 2933 1842 3008 etin

412 3059 565 3134 fratrem
588 3057 738 3165 proprie
757 3055 805 3133 ad
829 3057 1067 3135 serviendum
1085 3059 1185 3151 Deo,
1206 3086 1274 3165 pro
1295 3059 1419 3137 anima
1439 3087 1523 3137 mea
1545 3060 1728 3169 ratperta
1749 3062 1843 3171 re]li-

412 3217 534 3296 quum
548 3189 621 3265 vite
639 3204 788 3296 tempus
810 3217 893 3266 mee
911 3189 995 3267 volo
1011 3189 1220 3296 expendere
1238 3190 1285 3268 ad
1305 3192 1456 3270 laudem
1471 3192 1557 3284 Dei,
1577 3211 1616 3272 et
1632 3193 1702 3273 sibi
1724 3195 1763 3271 in
1775 3195 1844 3272 hoc

413 3318 546 3398 ordine
566 3335 751 3426 perpetuo
773 3318 961 3398 famulari.
1006 3323 1053 3399 Et
1063 3381 1185 3399 .....
1210 3321 1334 3400 dictus
1348 3325 1667 3433 preceptnrjussit
1680 3327 1843 3404 eundem

413 3453 562 3530 fratrem
581 3451 646 3559 qui
669 3452 839 3558 loquitur
857 3452 954 3529 exire
976 3451 1190 3544 ecclesiam,
1214 3470 1354 3560 etpost
1373 3455 1567 3533 modicum
1593 3474 1742 3564 tempus
1761 3459 1847 3536 lecit

413 3583 534 3690 [ipsum
545 3581 674 3690 vo]ceri
689 3599 728 3661 et
739 3583 787 3661 ad
798 3611 836 3660 se
853 3584 991 3662 venire.
1008 3583 1126 3664 Multa
1150 3585 1267 3664 eciam
1280 3585 1348 3664 alia
1360 3587 1399 3664 in
1421 3587 1517 3665 dicta
1535 3589 1614 3697 ejus
1628 3592 1845 3697 recepcione
1946 3681 1954 3692 .

414 3715 567 3792 luerunt
586 3715 701 3804 dicta,
729 3714 871 3821 prolata
896 3731 932 3792 et
952 3715 1124 3794 ordinata
1138 3744 1207 3823 per
1225 3716 1368 3796 dictum
1387 3736 1664 3826 preceptorem,
1687 3738 1725 3798 et
1743 3722 1846 3800 adea

415 3875 591 3953 responsa
617 3847 700 3924 data
719 3876 788 3953 per
813 3846 935 3954 ipsum
959 3845 1111 3927 fratrem
1130 3848 1439 3929 Bartholomeum
1462 3873 1673 3959 receptum,
1695 3855 1790 3932 sicut
1811 3857 1847 3931 in

416 3979 581 4086 quodam
593 3977 692 4056 libro
704 3979 920 4058 continente
932 3979 1099 4087 regulam
1110 3980 1200 4058 dicti
1210 3982 1352 4060 ordinis
1364 3983 1475 4062 latius
1486 3986 1711 4064 continetur.
1725 3987 1847 4080 Quem

417 4111 569 4217 inquam
579 4110 719 4188 librum
730 4111 833 4189 idem
841 4110 1464 4221 fraterBartbolomeuscapellanus
1474 4115 1619 4195 fecitde
1630 4118 1847 4196 dictadomo

417 4243 538 4318 Mansi
559 4241 629 4320 Dei
654 4269 721 4348 per
742 4240 932 4350 quendam
946 4243 1125 4350 juvenem
1148 4248 1330 4351 aportari,
1354 4264 1391 4324 et
1409 4250 1614 4356 presentari
1637 4250 1762 4328 eidem
1783 4251 1848 4328 do-

418 4372 522 4448 mino
536 4373 710 4479 episcopo
725 4373 876 4453 Elnensi
893 4392 930 4453 et
940 4376 1128 4454 canonicis
1145 4371 1316 4456 Elnensis
1331 4378 1485 4458 ecclesie
1500 4379 1694 4487 predictis,
1708 4383 1848 4459 necnon

418 4503 507 4580 viris
526 4505 709 4614 religiosis
727 4506 1030 4588 Predieatoribus
1048 4526 1086 4586 et
1102 4509 1316 4589 Minoribus
1331 4513 1510 4617 predictis
1523 4541 1651 4590 seeum
1667 4513 1850 4622 inquiren-

419 4636 521 4713 tibus
541 4654 579 4714 et
596 4637 818 4729 astantibus,
840 4669 1006 4748 quorum
1026 4641 1178 4720 uomina
1201 4643 1240 4719 in
1262 4645 1417 4723 exordio
1438 4644 1551 4753 hujus
1572 4663 1750 4754 enqueste
1771 4662 1850 4724 sunt

418 4768 592 4874 superius
602 4769 810 4849 interserta.
825 4770 938 4850 Liber
949 4789 1077 4852 autem
1091 4773 1261 4882 predicte
1277 4776 1408 4884 regule
1420 4775 1473 4854 sic
1488 4777 1618 4886 incipit
1629 4779 1668 4855 in
1680 4805 1850 4857 romano:

477 4899 577 4993 Quen
597 4901 709 4978 oleum
727 4929 845 5005 pmom
866 4931 986 5007 reqoer
1005 4907 1040 4985 Io
1060 4935 1225 5014 eompoya
1246 4909 1288 4987 de
1308 4909 1343 4986 lo
1363 4911 1498 5016 Moyse.
