4208 5886
681 520 880 614 Procas
912 538 1010 612 ors
1041 537 1347 612 restauras.
1653 538 1721 610 rar
1828 502 1833 514 '

301 703 519 794 preceptore
538 684 586 762 de
601 682 778 790 Rupella,
798 699 895 760 teste
915 709 1026 787 supra
1045 678 1270 768 examinato,
1296 676 1565 756 Bmtbolomeo
1586 677 1726 784 Saligat

300 835 339 895 et
354 819 464 895 Petro
490 814 683 925 Maynardi
708 812 973 903 servientibus,
1000 810 1217 901 deffunctis,
1240 809 1281 886 in
1302 810 1407 886 bunc
1433 810 1614 887 modum:
1637 838 1723 886 narn

300 977 387 1024 cum
399 947 603 1024 instructus
613 944 787 1052 periisset
798 944 1123 1047 instanterpanem
1134 957 1318 1046 etaquam
1331 939 1494 1026 ordinis,
1509 956 1546 1016 et
1555 957 1727 1045 receptor

300 1080 335 1154 ei
361 1078 620 1168 concessisset,
647 1075 839 1154 faciteam
862 1099 996 1152 vovere
1017 1089 1056 1150 et
1072 1071 1199 1179 jurare
1220 1099 1334 1178 super
1353 1071 1562 1178 quemdam
1582 1069 1723 1148 librum

300 1210 523 1300 castitatem,
548 1206 826 1298 obedienciam,
854 1223 893 1282 et
916 1204 1038 1280 vivere
1067 1202 1149 1280 sine
1176 1201 1353 1308 propri03
1386 1218 1425 1278 et
1451 1201 1628 1308 imposito
1651 1200 1724 1279 sibi

299 1339 499 1430 mantello,
533 1339 613 1446 ipse
641 1354 680 1416 et
698 1353 859 1414 astantes
888 1333 1042 1413 bierunt
1075 1361 1164 1410 eum
1193 1331 1351 1409 osculati
1375 1331 1519 1422 inore,
1552 1349 1592 1408 et
1613 1331 1726 1409 frater

299 1469 458 1546 Michael
483 1468 670 1576 presbiter
696 1466 911 1576 qnondam,
943 1465 1010 1571 qui
1038 1464 1155 1541 eciam
1183 1462 1331 1553 aderat,
1365 1461 1514 1540 dicebat
1541 1463 1723 1569 quasdem

299 1601 503 1680 oraciones.
520 1599 670 1678 Deinde
689 1599 768 1705 ipse
780 1613 954 1703 receptor
968 1593 1080 1672 traxit
1096 1594 1222 1700 ipsum
1235 1610 1370 1670 testem
1390 1593 1438 1670 ad
1451 1621 1569 1670 cornu
1584 1592 1722 1681 altaris,

299 1747 335 1808 et
359 1731 452 1808 dixit
479 1731 514 1808 ei
539 1729 724 1808 submissa
751 1756 857 1818 voce,
884 1726 936 1804 ita
961 1725 1069 1832 quod
1094 1752 1172 1802 non
1203 1723 1324 1801 credit
1353 1723 1457 1830 quod
1476 1722 1539 1798 alii
1563 1740 1722 1800 astantes

177 1865 183 1878 '
299 1863 527 1950 audiverint,
544 1861 648 1968 quod
667 1858 866 1966 oportebat
881 1858 1008 1964 ipsum
1027 1854 1214 1961 abnegare
1232 1854 1390 1932 lhesum
1406 1870 1445 1930 et
1459 1881 1592 1960 spuere
1608 1882 1721 1960 super

298 2021 451 2072 crucem
471 1992 677 2100 quamdam
693 1990 870 2098 ligneam,
887 1987 926 2064 in
944 2016 1018 2093 qua
1037 2013 1115 2062 non
1137 2002 1217 2061 erat
1231 2012 1365 2093 ymago
1384 1984 1579 2074 Crucifixi,
1601 1984 1723 2061 inhibi

299 2123 540 2214 existentem,
572 2137 610 2198 et
629 2119 709 2226 ipse
734 2118 839 2196 testis
863 2116 989 2196 noluit
1015 2114 1199 2222 abnegare
1223 2143 1295 2192 nec
1319 2143 1471 2221 spuere,
1497 2115 1593 2192 sicut
1613 2115 1721 2202 dixit,

299 2281 368 2330 nec
389 2253 436 2330 de
454 2252 581 2360 aliquo
597 2249 671 2327 alio
691 2249 824 2326 illicito
838 2247 910 2325 fuit
925 2247 958 2323 ei
981 2245 1074 2324 facta
1093 2244 1259 2334 mencio,
1277 2261 1315 2320 et
1326 2245 1447 2321 credit
1464 2233 1570 2352 quod
1590 2245 1723 2323 eadem

301 2384 470 2462 dicerent
496 2381 578 2460 aliis
603 2381 642 2460 in
664 2378 951 2485 recepcionibus
975 2404 1107 2454 eorum
1134 2374 1191 2452 vel
1221 2391 1326 2481 post,
1353 2392 1391 2452 et
1418 2374 1523 2481 quod
1552 2375 1623 2480 ipsi
1646 2403 1723 2452 non

299 2511 529 2622 abnegarent
540 2539 611 2589 nec
627 2526 823 2616 spuerent3
843 2509 993 2588 nullum
1005 2525 1134 2585 tamen
1150 2504 1267 2582 alium
1285 2505 1380 2584 vidit
1391 2504 1507 2613 recipi
1521 2504 1560 2582 in
1573 2504 1720 2584 ordine.

299 2644 409 2734 Item,
431 2641 525 2718 dixit
538 2669 579 2718 se
598 2640 696 2717 bene
717 2639 871 2716 credere
892 2636 1149 2716 ecciesiasticis
1168 2636 1423 2724 sacramentis,
1443 2636 1600 2714 credens
1619 2637 1724 2742 quod

300 2772 361 2850 alii
373 2771 505 2850 fratres
520 2771 665 2848 ordinis
680 2771 819 2847 eodem
838 2771 955 2848 modo
970 2749 1184 2856 crederent,
1200 2784 1239 2842 et
1249 2767 1356 2873 quod
1367 2794 1500 2844 eorum
1513 2768 1724 2844 sacerdotes

262 2997 267 3004 ι
299 2903 426 2981 debite
452 2902 696 2980 celebrarent.
730 2900 865 2979 Statim
894 2927 963 3007 pro
992 2897 1170 3005 professis
1199 2896 1447 2975 habebantur.
1482 2897 1724 2976 Clandestine

299 3033 587 3140 recipiebantur,
620 3030 736 3110 nrdlis
768 3029 1008 3136 presentibus
1038 3027 1110 3106 nisi
1143 3026 1321 3104 fratribus
1351 3009 1505 3106 ordinis.
1545 3028 1724 3106 Cordulis

299 3162 401 3240 unde
428 3162 605 3241 volebant
632 3161 832 3268 assumptis
858 3158 1105 3268 cingebantur
1131 3185 1245 3266 super
1273 3158 1442 3237 camisias
1471 3187 1557 3235 cum
1582 3157 1724 3265 quibus

293 3293 479 3400 jacebant.
499 3291 770 3399 lnjungebatur
786 3290 840 3368 eis
852 3317 900 3366 ne
913 3289 1124 3369 revelarent
1137 3305 1283 3365 secreta·
1295 3287 1559 3394 capitulom
1582 3291 1724 3383 Quam-

298 3424 367 3500 diu
384 3421 523 3500 habere
543 3439 718 3528 poterant
739 3421 951 3498 sacerdotes
971 3419 1132 3508 ordinis,
1162 3446 1239 3494 non
1264 3419 1454 3498 debebant
1472 3418 1555 3496 aliis
1579 3421 1720 3525 absque

297 3552 452 3631 licencia
467 3549 649 3628 confiteri.
672 3551 711 3628 Si
731 3551 797 3656 qui
814 3565 920 3627 erant
937 3549 1069 3626 fratres
1088 3547 1249 3626 scientes
1268 3577 1414 3626 errores
1435 3578 1513 3628 esse
1534 3549 1573 3625 in
1588 3549 1720 3625 ordine

297 3684 454 3762 fuerunt
468 3680 720 3790 negligentes,
736 3681 825 3788 quia
850 3707 927 3756 non
952 3695 1194 3757 correxerunt
1222 3706 1288 3756 eos
1313 3707 1383 3756 nec
1402 3679 1724 3756 denunciaverunt

297 3813 473 3892 Ecclesia.
503 3813 546 3888 ln
578 3811 756 3888 domibus
788 3810 933 3888 ordinis
963 3808 1166 3916 inquibus
1196 3808 1318 3888 extitit
1335 3826 1607 3897 commoratus,
1630 3809 1723 3884 vidit

299 3944 521 4022 elemosinas
541 3959 579 4018 et
595 3940 891 4048 hospitalitatem
917 3940 1183 4028 convenienter
1201 3939 1282 4016 lieri
1305 3957 1344 4018 et
1366 3940 1513 4018 servari.
1540 3939 1723 4017 Ordinata

298 4105 368 4182 per
386 4074 606 4183 Magistrum
631 4101 719 4150 cum
755 4089 943 4150 conventu
968 4087 1148 4148 servasset
1165 4086 1268 4148 totus
1303 4071 1418 4160 ordo,
1450 4089 1577 4148 contm
1605 4099 1721 4177 quem

298 4233 401 4282 nunc
420 4203 575 4312 grandia
600 4201 792 4290 scandala,
821 4201 987 4308 suspicio
1009 4199 1210 4277 etinfamia
1237 4217 1327 4278 sunt
1355 4218 1499 4290 exorta,
1532 4218 1570 4278 et
1591 4215 1723 4278 contra

299 4364 413 4442 quem
431 4335 554 4444 dietus
566 4333 742 4444 Magister
760 4350 797 4410 et
812 4332 874 4410 alii
887 4332 1013 4439 aliqua
1029 4329 1208 4408 dicuntur
1224 4329 1338 4410 luisse
1354 4329 1533 4420 consessit
1554 4333 1601 4408 ad
1616 4332 1723 4438 eujus

299 4468 443 4546 ordinis
462 4465 739 4546 deffensionem
760 4493 799 4542 se
819 4463 1019 4542 obtulerat.

355 4599 570 4705 Requisitus
602 4596 716 4674 sisic
745 4597 970 4703 deposuerat
998 4618 1126 4700 prece,
1158 4610 1352 4699 precepto,
1387 4593 1539 4685 timore,
1575 4621 1719 4684 amore,

299 4729 406 4820 odio,
445 4730 503 4808 vel
526 4728 725 4834 temporali
758 4728 920 4806 comodo
947 4725 1078 4804 habito
1106 4725 1164 4802 vel
1184 4724 1377 4814 babendo,
1399 4726 1594 4832 respoudit
1617 4724 1722 4831 quod

299 4885 393 4952 non,
429 4860 497 4937 sed
533 4886 604 4964 pro
639 4859 791 4936 veritate
832 4857 1015 4944 dicenda;
1050 4856 1110 4932 cui
1147 4854 1221 4932 tuit
1235 4855 1470 4962 ..injunctum
1506 4855 1609 4961 quod
1643 4881 1720 4930 non

1523 4992 1570 5056 alt.
