4486 5890
598 481 667 552 roo
980 455 1175 551 rnocns
1201 461 1296 548 nus
1323 473 1626 548 rnurmnns.

452 683 456 691 .
591 617 738 726 negavit
755 618 880 694 Deum
901 644 965 695 ore
978 645 1055 694 non
1072 617 1198 696 corde.
1217 617 1364 694 Deinde
1382 616 1550 723 precepit
1568 615 1602 692 ei
1620 615 1726 721 quod
1740 633 1892 721 spueret
1905 645 2017 722 super

592 776 741 824 crucem
753 744 921 822 mantelli
935 747 1179 852 ipsiustestis,
1194 763 1232 823 et
1247 745 1369 823 dictus
1382 746 1597 851 testisspuit
1610 772 1686 822 non
1701 773 1814 853 supra
1833 745 1901 822 sed
1912 745 2016 852 juxta

591 878 727 954 dictam
751 906 900 954 crucem
927 880 975 954 ad
1000 895 1151 955 terram.
1181 877 1395 983 Requisitus
1419 877 1450 953 si
1476 876 1548 952 alia
1570 875 1701 954 illicita
1729 893 1821 953 tunc
1843 876 1900 952 vel
1929 875 2016 953 alias

564 1025 565 1030 ’
591 1006 745 1084 fuerunt
768 1006 838 1083 sibi
864 1007 1032 1113 injuncta
1054 1007 1113 1084 vel
1139 1006 1247 1094 lacta,
1275 1005 1471 1112 respondit
1498 1006 1603 1111 quod
1628 1033 1717 1082 non.
1746 1005 1963 1114 Requisitus
1986 1007 2014 1082 si

589 1138 658 1213 scit
675 1139 733 1215 vel
751 1139 870 1214 credit
896 1139 1002 1244 quod
1032 1138 1197 1244 predicta
1221 1135 1350 1213 illicita
1374 1137 1414 1212 in
1441 1135 1551 1213 dictis
1575 1135 1741 1214 articulis
1761 1153 1935 1213 contenta
1959 1137 2016 1214 vel

590 1267 715 1374 aliqua
737 1296 780 1344 ex
805 1269 858 1345 eis
879 1267 1150 1345 intervenerint
1175 1267 1212 1342 in
1242 1266 1527 1373 recepcionibus
1549 1266 1710 1344 aliorum
1740 1265 1799 1343 vel
1826 1283 1931 1374 post,
1959 1295 2017 1344 re-

592 1399 745 1502 spondit
763 1427 802 1475 se
823 1399 987 1487 nescire;
1008 1397 1129 1475 credit
1140 1414 1268 1475 tamen
1288 1395 1392 1503 quod
1408 1397 1614 1475 consessata
1628 1426 1697 1503 per
1708 1427 1799 1476 eum
1817 1399 2016 1475 interveni-

589 1546 675 1605 rent
698 1528 736 1603 in
760 1526 1047 1632 recepcionibus
1074 1527 1235 1605 aliorum
1261 1526 1319 1624 yel
1352 1543 1446 1632 post.
1472 1527 1687 1634 Requisitus
1716 1527 1746 1605 si
1779 1527 1874 1606 vidit
1903 1530 2016 1635 recipi

593 1657 709 1734 alium
730 1657 790 1734 vel
810 1657 903 1734 alios
921 1659 961 1733 in
979 1657 1131 1746 ordine,
1153 1657 1351 1763 respondit
1369 1684 1408 1732 se
1428 1656 1564 1734 vidisse
1589 1684 1708 1734 unum
1732 1657 1860 1736 solum
1878 1659 2014 1764 recipi,

593 1787 767 1864 videlicet
777 1786 929 1864 fratrem
941 1786 1154 1865 Gerardum
1167 1787 1360 1894 quondam
1373 1787 1569 1862 deBonart
1579 1787 1821 1876 servientem,
1835 1787 2018 1866 Eduensis

595 1916 769 2005 diocesis,
788 1917 828 1991 in
844 1915 984 2022 capella
1003 1916 1171 2022 predicte
1191 1915 1331 1992 domus
1351 1914 1399 1991 de
1419 1912 1590 2022 belleyo,
1611 1917 1708 1992 circa
1726 1915 1865 1994 festum
1883 1918 2016 1996 Nativi-

593 2046 679 2122 tatis
710 2046 864 2122 Domini
890 2047 1062 2151 proximo
1093 2047 1317 2152 preteritum
1345 2044 1503 2124 fuerunt
1531 2045 1663 2124 decem
1696 2046 1781 2124 anni
1812 2047 1871 2124 vel
1903 2049 2015 2137 circa;

595 2202 709 2281 quem
721 2173 861 2279 recepit
874 2175 987 2252 frater
996 2173 1226 2254 Guillelmus
1240 2174 1386 2254 Geandi
1400 2175 1525 2268 miles,
1538 2194 1739 2283 preceptor
1747 2176 1847 2256 dicte
1864 2179 2015 2268 domus,

592 2303 830 2410 presentibus
842 2303 1018 2382 fratribus
1033 2303 1225 2411 Stephano
1235 2306 1401 2393 Marreu,
1420 2305 1579 2412 Hugone
1590 2308 1638 2383 de
1653 2308 1808 2395 Bonart,
1825 2311 2016 2414 quondam

595 2434 706 2512 fratre
728 2435 817 2511 dicti
837 2434 994 2540 recepti,
1012 2431 1173 2513 Martino
1191 2434 1346 2513 Curbita
1359 2451 1396 2512 et
1411 2434 1618 2515 Guillelmo
1632 2436 1679 2513 de
1698 2435 1733 2514 la
1752 2439 2014 2545 Toyssoniera,

596 2592 693 2670 quos
709 2562 828 2641 credit
846 2564 967 2640 vivere
979 2597 990 2654 ς
1004 2564 1044 2641 in
1062 2565 1170 2672 cujus
1183 2565 1341 2644 Gerardi
1362 2567 1581 2672 recepcione
1602 2594 1680 2643 non
1698 2567 1792 2644 vidit
1810 2566 1956 2676 aliquid
1973 2569 2017 2646 il-

596 2693 742 2769 licitum
762 2692 845 2770 lieri
864 2692 922 2770 vel
946 2693 1103 2801 injungi.
1129 2694 1260 2774 Credit
1286 2711 1412 2772 tamen
1430 2695 1536 2803 quod
1553 2711 1685 2802 postea
1704 2726 1772 2802 per
1792 2698 1936 2776 dictum
1961 2728 2018 2777 re-

599 2839 790 2929 ceptorem
823 2823 881 2901 vel
915 2822 1031 2901 alium
1057 2824 1188 2902 illicita
1222 2824 1426 2904 consessata
1459 2854 1527 2932 per
1556 2855 1644 2904 eum
1679 2824 1821 2905 luerint
1851 2829 2016 2937 injuncta

599 2952 699 3030 dicto
719 2953 888 3032 Gerardo
910 2970 948 3031 et
966 2953 1060 3033 lacta
1078 2984 1147 3062 per
1167 2984 1267 3034 eum.
1289 2957 1399 3047 Item,
1423 2955 1515 3034 dixit
1534 2985 1573 3035 se
1594 2957 1748 3034 credere
1764 2957 2017 3036 ecclesiasticis

597 3084 854 3172 sacramentis,
876 3101 913 3164 et
933 3087 1038 3191 quod
1057 3085 1119 3163 alii
1139 3084 1270 3165 fratres
1290 3087 1433 3164 ordinis
1453 3086 1589 3164 eodem
1609 3087 1725 3164 modo
1745 3087 1960 3178 crederent,
1983 3106 2018 3165 et

596 3214 703 3318 quod
731 3243 864 3292 eorum
889 3216 1101 3294 sacerdotes
1125 3216 1254 3295 debite
1273 3216 1518 3298 celebrarent.
1541 3218 1723 3295 Jurabant
1746 3219 1921 3296 ordinem
1943 3248 2016 3296 non

598 3343 709 3421 exire.
734 3345 868 3450 Statim
892 3374 960 3453 pro
980 3345 1158 3453 p‘rolessis
1175 3347 1423 3426 habebantur.
1453 3347 1696 3428 Clandestine
1719 3349 2014 3456 recipiebantur,

597 3501 640 3549 ex
663 3502 742 3579 quo
766 3475 887 3552 credit
914 3476 1019 3581 quod
1046 3493 1144 3554 esset
1160 3477 1326 3582 suspicio
1345 3495 1472 3555 contra
1498 3506 1574 3556 eos.
1597 3478 1772 3557 Cordulis
1792 3478 1898 3556 unde
1915 3479 2016 3557 vole-

595 3602 686 3680 bant
705 3605 904 3712 assumptis
923 3605 1170 3713 cingebantur
1187 3634 1300 3713 super
1320 3608 1490 3686 camisias
1507 3637 1594 3684 cum
1610 3608 1751 3715 quibus
1763 3608 1959 3715 jacebant,
1980 3611 2016 3685 in

595 3733 744 3841 signum
762 3735 948 3813 castitatis.
969 3735 1102 3814 Cre'dit
1119 3737 1220 3844 quod
1243 3738 1401 3844 graviter
1419 3738 1541 3845 puniti
1562 3737 1720 3816 luissent
1738 3756 1954 3818 recusantes
1968 3738 1987 3816 l
2001 3785 2018 3798 ·

595 3890 679 3940 cere
695 3862 826 3941 illicita
846 3863 1050 3943 consessata
1069 3893 1137 3971 per
1157 3866 1327 3955 eum,vel
1344 3885 1484 3976 secreta
1505 3866 1755 3974 capitulorum
1775 3887 1841 3948 aut
1859 3869 2017 3947 modurn

595 3992 827 4098 recepciouis
846 4021 913 4070 sue
933 3993 1149 4072 revelantes.
1173 3994 1324 4102 Absque
1345 3995 1500 4076 licencia
1520 4025 1598 4076 non
1617 4015 1792 4104 poterant
1810 3999 1882 4078 uisi
1899 4028 2016 4078 sacer-

597 4119 750 4198 dotibus
770 4121 914 4200 ordinis
933 4120 1115 4200 confiteri.
1137 4125 1284 4202 Fratres
1303 4127 1461 4204 scientes
1474 4155 1618 4206 errores
1634 4155 1713 4205 esse
1729 4128 1768 4204 in
1784 4128 1918 4207 ordine
1937 4127 2017 4206 lue-

597 4269 686 4329 runt
706 4252 938 4360 negligentes
956 4253 1135 4360 quianon
1152 4275 1396 4336 correxerunt
1414 4285 1484 4335 nec
1502 4258 1823 4340 denunciaverunt
1841 4260 2016 4338 Ecclesie.

594 4380 827 4460 Elemosinas
847 4401 886 4460 et
909 4382 1202 4489 hospitalitatem
1228 4385 1268 4461 in
1288 4386 1466 4465 domibus
1494 4387 1639 4465 ordinis
1657 4389 1696 4466 in
1720 4389 1861 4497 quibus
1882 4391 2018 4468 exstitit

596 4532 851 4590 commoratus
871 4513 1136 4592 convenienter
1156 4515 1249 4592 vidit
1268 4515 1368 4608 fieri,
1393 4536 1432 4596 et
1449 4517 1590 4596 audivit
1616 4517 1688 4595 dici
1716 4520 1822 4627 quod
1846 4521 2019 4629 capitulio

594 4641 797 4748 aliquando
814 4660 899 4752 post
918 4643 1083 4722 mediam
1102 4663 1254 4723 noctem
1273 4665 1311 4725 et
1329 4647 1532 4755 aliquando
1554 4649 1602 4726 de
1623 4648 1705 4758 die,
1719 4651 1846 4759 januis
1867 4651 2016 4739 clausis,

589 4770 710 4868 ,nullis
727 4773 966 4879 presentibus
986 4774 1056 4852 nisi
1076 4773 1254 4854 fratribus
1279 4779 1439 4871 ordinis,
1458 4779 1705 4874 tenebantur3
1725 4781 1764 4857 in
1784 4809 1861 4888 quo
1883 4781 2015 4860 ordine
