4486 5890
639 495 706 562 ιη
1026 469 1218 561 proces
1244 487 1339 558 ons
1365 486 1645 562 rnurmms.

631 629 823 736 protestati
851 629 955 734 quod
983 655 1061 706 non
1088 627 1291 704 intendunt
1316 628 1493 704 recedere
1519 657 1539 707 a
1565 628 1870 736 deposicionibus
1889 633 1968 710 suis
1986 661 2050 740 per

632 789 695 838 eos
713 761 815 836 lactis
835 786 961 837 coram
981 756 1137 835 domino
1153 759 1327 863 episcopo
1348 758 1656 838 Claramontensi.

687 1019 890 1114 Quofact0,
903 1019 1024 1097 dictus
1041 1017 1154 1098 frater
1166 1019 1397 1096 Bertrandus
1411 1017 1458 1095 de
1466 1019 1688 1109 villaribus,
1706 1020 1753 1099 de
1767 1021 1906 1100 diocesi
1923 1026 2047 1102 Lemo

628 1151 766 1228 vicensi
792 1149 996 1238 oriundus,
1019 1164 1214 1255 preceptor
1234 1149 1281 1226 dc
1306 1151 1411 1254 Rupe
1437 1149 1562 1228 Sancti
1584 1149 1711 1240 Pauli,
1733 1151 2045 1260 quadragenarius

626 1280 684 1355 vel
704 1280 817 1366 circa,
840 1277 1033 1354 absolutus
1053 1294 1090 1354 et
1108 1276 1370 1355 reconciliatus
1388 1306 1456 1384 per
1480 1279 1677 1356 dominum
1700 1279 2042 1360 Claramontensem

627 1411 860 1514 episcopum,
883 1411 947 1515 qui
970 1409 1210 1514 inquisiverat
1229 1437 1316 1486 cum
1342 1435 1404 1496 eo,
1431 1408 1653 1486 mantellum
1675 1410 1820 1488 ordinis
1840 1411 2040 1500 defferens,

624 1540 730 1616 lectis
755 1553 792 1615 et
819 1537 1020 1645 diligenter
1041 1537 1216 1641 expositis
1241 1535 1311 1614 sibi
1337 1537 1514 1614 omnibus
1536 1555 1574 1614 et
1599 1538 1756 1644 singulis
1780 1540 1964 1631 articulis,
1989 1569 2043 1618 re·

625 1669 776 1775 spondit
790 1695 829 1744 se
854 1667 1019 1752 nescire,
1039 1694 1110 1743 nec
1135 1667 1306 1755 credere,
1329 1694 1398 1744 nec
1417 1666 1600 1744 audivisse
1621 1667 1669 1744 dc
1690 1669 1875 1748 contentis
1894 1671 1934 1746 in
1954 1672 2040 1776 ipsis

624 1798 788 1874 articulis
812 1797 882 1874 nisi
911 1796 1016 1902 quod
1040 1797 1221 1902 sequitur.
1250 1795 1353 1874 Dixit
1376 1797 1478 1874 enim
1506 1825 1546 1875 se
1573 1795 1686 1875 fuisse
1714 1815 1904 1904 receptum
1926 1801 1966 1876 in
1985 1828 2039 1876 ca·

623 1925 722 2032 pella
749 1927 887 2004 domus
905 1925 1052 2030 Templi
1078 1923 1125 2001 de
1151 1925 1336 2002 Paulhaco
1361 1927 1636 2004 Lemovicensis
1664 1926 1839 2016 diocesis,
1869 1927 1964 2006 circa
1989 1928 2040 2004 in-

623 2076 721 2136 stans
750 2057 887 2136 festum
917 2056 1113 2134 nativitatis
1133 2055 1232 2132 beati
1253 2055 1433 2134 lobannis
1455 2056 1617 2161 Baptiste
1638 2074 1749 2134 erunt
1768 2083 1854 2136 xvru
1878 2059 1964 2134 anni
1986 2058 2038 2134 vel

622 2189 735 2276 circa,
761 2215 829 2291 per
856 2185 1009 2262 fratrem
1036 2185 1248 2264 Gerardum
1273 2185 1321 2262 de
1348 2187 1506 2264 Sanacto
1533 2183 1694 2264 militem
1718 2187 1930 2292 quondam,
1952 2205 2038 2266 tunc

620 2334 877 2423 preceptorem
898 2314 1089 2402 Alvernie,
1109 2313 1349 2419 presentibus
1367 2314 1545 2394 iratribus
1566 2315 1736 2392 iohanne
1756 2314 1804 2392 de
1825 2315 1961 2393 Sancto
1976 2316 2038 2393 Hi-

619 2446 711 2522 lario
745 2463 837 2522 tunc
867 2459 1085 2550 preceptore
1116 2443 1214 2522 dicte
1247 2443 1401 2532 domus,
1433 2443 1602 2523 Gerardo
1631 2443 1683 2530 de„
1703 2444 1809 2520 Briva
1839 2461 1930 2522 tunc
1958 2473 2037 2552 pre-

619 2592 768 2679 ceptore
793 2573 841 2650 de
857 2571 1066 2660 Montibus,
1084 2570 1252 2649 Gerardo
1274 2572 1321 2649 de
1336 2573 1472 2650 Sancto
1489 2573 1701 2662 Martineto‚
1720 2574 1831 2651 Petro
1846 2575 2035 2681 Reynaudi

617 2720 709 2779 tunc
720 2719 939 2808 preceptore
951 2703 1086 2779 domus
1104 2701 1152 2777 de
1167 2701 1325 2778 Buxeria
1341 2701 1754 2808 RespitLemovicensis
1770 2703 1947 2792 diocesis,
1966 2704 2036 2782 del·

616 2832 768 2921 sunctis,
787 2833 825 2908 in
841 2832 943 2909 hunc
957 2831 1117 2908 modum
1133 2863 1141 2907 ε
1159 2859 1246 2908 nam
1262 2847 1346 2907 ante
1362 2831 1488 2910 omnia
1503 2830 1674 2908 fecerunt
1688 2861 1777 2909 eum
1789 2832 1919 2940 jurare
1932 2836 2034 2940 quod

616 2990 693 3040 non
714 2963 895 3040 revelaret
913 2977 1052 3038 secreta
1075 2960 1344 3066 capitulorum,
1368 2976 1406 3036 ct
1431 2961 1673 3064 postmodum
1697 2989 1829 3040 vovere
1855 2980 1893 3040 et
1910 2965 2033 3071 jurare

615 3093 837 3178 castitatem,
857 3089 1136 3177 obedienciam,
1157 3107 1195 3166 et
1210 3091 1331 3166 vivere
1346 3089 1427 3166 sine
1449 3089 1613 3195 proprio.
1627 3089 1775 3168 Deinde
1796 3089 1906 3168 allata
1921 3095 2033 3171 nescit

614 3249 823 3326 perquem
851 3219 1011 3326 quadam
1040 3245 1149 3294 cruce
1178 3217 1387 3306 metallina,
1416 3218 1455 3295 in
1480 3247 1554 3325 qua
1580 3236 1660 3296 erat
1680 3247 1813 3328 ymago
1840 3220 2030 3312 Crucifixi,

613 3377 727 3454 quam
745 3348 898 3427 tenebat
911 3347 1014 3424 idem
1030 3363 1202 3454 receptor
1215 3347 1255 3422 in
1270 3375 1385 3424 manu
1400 3374 1485 3435 sua,
1506 3347 1674 3454 precepit
1689 3347 1813 3428 cidem
1829 3350 1916 3428 testi
1932 3351 2031 3458 quod

613 3479 812 3586 abnegaret
839 3478 994 3556 lhesum
1021 3477 1215 3554 Christum
1239 3495 1277 3555 et
1301 3477 1404 3584 quod
1430 3494 1583 3584 spueret
1602 3505 1715 3584 super
1734 3478 1872 3556 dictam
1896 3483 2030 3588 ymagi-

611 3636 719 3696 nem,
742 3625 780 3684 et
803 3607 881 3713 ipse
896 3606 1001 3683 testis
1017 3605 1262 3712 stupefactus,
1283 3606 1370 3712 quia
1386 3606 1536 3712 juvenis
1551 3622 1646 3694 erat,
1666 3605 1863 3713 abnegavit
1879 3610 2026 3688 lhesum

610 3739 803 3818 Christum
824 3766 888 3816 ore
910 3765 987 3816 non
1008 3735 1141 3826 corde,
1164 3755 1201 3812 et
1221 3737 1323 3842 spuit
1337 3738 1443 3844 juxta
1464 3735 1600 3813 dictam
1616 3764 1783 3826 crucem,
1806 3766 1883 3816 non
1901 3769 2024 3846 supra,

609 3887 652 3945 ut
671 3869 774 3946 dixit.
795 3870 909 3956 Item,
929 3869 1022 3944 dixit
1042 3868 1166 3944 eidem
1187 3867 1272 3944 testi
1293 3868 1396 3974 quod
1416 3867 1612 3944 carnaliter
1633 3885 1780 3973 poterat
1799 3870 2024 3948 commisceri

607 3997 784 4075 fratribus
804 3995 947 4074 ordinis
968 4013 1005 4072 ct
1024 3995 1095 4102 ipsi
1115 4025 1202 4072 cum
1223 4023 1287 4083 e0,
1312 4013 1349 4072 et
1368 3996 1474 4076 dedit
1499 3995 1533 4072 ei
1557 3995 1750 4077 licenciam
1775 4000 1880 4104 quod
1904 4001 1943 4077 in
1972 4031 2025 4077 or·

608 4126 697 4204 dine
727 4143 850 4232 posset
875 4127 1085 4234 promoveri
1114 4126 1161 4204 ad
1186 4125 1463 4216 sacerdocium,
1486 4143 1524 4204 et
1543 4127 1711 4234 precepit
1732 4128 1855 4234 quod,
1878 4132 2024 4236 quando

608 4257 758 4334 missam
779 4257 1004 4348 celebraret,
1027 4256 1244 4334 obmitteret
1263 4256 1327 4332 illa
1345 4256 1458 4334 verba
1477 4259 1656 4334 canonis:
1676 4261 1754 4338 Hoc
1775 4277 1826 4338 est
1844 4269 1934 4338 enim
1955 4291 2024 4340 cor

602 4417 668 4492 pus
688 4415 810 4464 meum.
839 4387 988 4465 Deinde
1017 4385 1088 4462 suit
1114 4385 1300 4464 osculatus
1326 4385 1430 4462 idenr
1457 4403 1629 4493 receptor
1655 4387 1867 4494 predictum
1894 4408 2024 4470 testem

605 4517 644 4593 in
661 4517 841 4596 umbilico
859 4517 899 4594 in
914 4544 1022 4594 carne
1038 4517 1158 4604 nuda,
1177 4533 1214 4592 et
1229 4514 1324 4592 dixit
1340 4516 1373 4593 ei
1391 4517 1430 4592 in
1445 4518 1637 4624 presencia
1651 4518 1908 4624 predictorum
1923 4519 2025 4628 quod

603 4648 813 4753 supradicta
840 4648 971 4728 omnia
996 4645 1124 4723 illicita
1152 4663 1255 4722 crant
1282 4647 1321 4724 in
1345 4647 1480 4725 ordine
1502 4647 1584 4724 lieri
1615 4665 1811 4738 consucta,
1841 4666 1879 4727 et
1906 4649 2026 4756 impo-

601 4778 677 4853 suit
693 4778 727 4853 ei
743 4777 985 4870 mantellum3
1005 4793 1042 4853 et
1058 4777 1176 4853 credit
1191 4777 1293 4883 quod
1311 4776 1478 4884 predicta
1495 4777 1624 4854 illicita
1641 4778 1913 4857 intervenirent
1927 4809 2026 4857 com·
