4486 5890
590 553 659 627 152
926 621 930 632 ,
978 531 1174 625 rnocns
1199 549 1294 622 uns
1319 547 1620 623 rnurnrnns.

584 710 666 770 tum
685 687 808 766 fratris
834 687 1033 768 Guillelmi
1058 691 1107 768 de
1127 689 1233 768 Bello
1252 692 1342 768 loco
1362 689 1528 800 Magistri
1551 687 1712 778 ordinis,
1740 705 1868 766 contra
1892 717 2006 796 quem

584 850 685 898 nunc
705 819 858 928 grandia
886 820 1077 914 scandala,
1099 821 1262 926 suspicio
1292 836 1330 898 et
1355 819 1508 898 infamia
1538 835 1626 896 sunt
1659 835 1801 908 exortam
1829 817 1936 928 cujus
1955 845 2009 896 or-

585 953 684 1029 dinis
703 951 879 1029 lratribus
900 952 1020 1029 credit
1034 952 1140 1060 quod
1164 967 1289 1030 essent
1307 969 1396 1030 nota
1415 952 1621 1030 confessata
1638 979 1707 1058 per
1726 979 1832 1040 eum,
1851 968 1889 1030 ct
1905 950 2008 1057 quod

584 1082 718 1159 eadem
733 1109 890 1189 magnus
907 1082 1085 1190 Magister
1105 1099 1143 1160 et
1162 1082 1225 1159 alii
1246 1082 1321 1160 sint
1336 1081 1507 1160 confessi.

640 1212 856 1319 Requisitus
889 1213 919 1290 si
949 1213 1000 1290 sic
1027 1213 1251 1318 deposuerat
1284 1241 1410 1319 prece,
1443 1229 1641 1320 precepto,
1671 1211 1828 1298 timore,
1860 1239 2006 1299 amore,

584 1341 691 1431 odio,
727 1341 786 1418 vel
816 1341 1013 1448 temporali
1041 1342 1203 1421 comodo
1231 1342 1360 1420 habito
1386 1342 1445 1420 vel
1468 1341 1664 1434 habendo,
1687 1341 1885 1447 respondit
1904 1341 2007 1448 quod

584 1501 677 1565 non,
699 1473 766 1550 sed
787 1501 855 1578 pro
874 1473 1028 1550 veritate
1049 1471 1226 1565 dicenda3
1247 1473 1307 1549 cui
1329 1471 1401 1550 fuit
1430 1473 1644 1581 injunctum
1671 1471 1777 1579 quod
1804 1499 1882 1550 non
1908 1498 2009 1549 reve·

583 1603 677 1680 laret
697 1605 791 1686 hanc
817 1632 923 1680 suam
944 1603 1243 1708 deposicionem,
1265 1631 1466 1710 quousque
1497 1602 1758 1682 attestcciones
1778 1601 1922 1680 luerint
1940 1631 2008 1708 pu·

583 1731 739 1825 blicate3
762 1751 799 1809 et
815 1760 894 1811 non
912 1732 1103 1811 obtulerat
1122 1761 1161 1809 se
1182 1732 1229 1808 ad
1250 1731 1524 1810 dellensionem
1544 1733 1633 1809 dicti
1654 1731 1808 1809 ordinis.

641 1996 814 2102 Postque
829 1993 959 2100 prefati
975 1993 1120 2072 domini
1137 1995 1380 2074 commissarii
1396 1994 1568 2073 lecerunt
1579 1995 1703 2074 redire
1718 1995 1765 2071 ad
1778 1995 2006 2102 presenciam

584 2125 808 2202 eorumdem
829 2123 981 2202 fratrem
1002 2125 1178 2233 Egidium
1201 2125 1249 2202 de
1265 2126 1425 2233 Rotangi
1448 2125 1720 2236 presbiterum,
1746 2142 1881 2203 testem
1897 2151 2008 2230 supra

584 2255 853 2346 examinatum,
876 2270 918 2332 ut
937 2254 1076 2332 scirent
1096 2284 1182 2332 cum
1204 2282 1249 2332 eo
1266 2255 1296 2332 si
1314 2255 1514 2333 reduxerat
1534 2255 1822 2331 admemoriam
1848 2283 1954 2331 suam
1969 2281 2007 2332 se

581 2384 710 2490 plures
732 2386 914 2492 recepisse
943 2385 1001 2463 vel
1020 2385 1187 2492 plurium
1210 2385 1495 2492 reeepcionibus
1522 2385 1732 2463 interfuisse
1755 2415 1869 2492 quarn
1898 2413 2008 2492 supra

583 2515 778 2622 deposuit3
809 2532 847 2592 et
869 2515 942 2592 hoc
963 2513 1135 2593 fecerunt
1162 2515 1264 2593 idem
1290 2516 1435 2593 domini
1461 2517 1705 2594 commissarii
1732 2517 1819 2622 quia
1838 2515 2006 2623 requisiti

583 2644 748 2734 fuerant,
767 2675 835 2752 per
851 2645 1091 2752 inquisitores
1113 2663 1242 2724 contra
1259 2647 1434 2724 ordinem
1451 2663 1489 2723 et
1502 2646 1635 2724 fratres
1653 2645 1804 2754 Templi
1822 2647 1862 2724 in
1876 2644 2007 2755 Anglia

583 2775 800 2883 deputatos,
825 2778 929 2884 quod
951 2776 1186 2882 inquirerent
1203 2805 1288 2854 cum
1308 2805 1353 2854 eo
1376 2776 1423 2854 de
1444 2777 1663 2882 reeepcione
1684 2776 1807 2854 fratris
1826 2777 2008 2855 lobannis

583 2906 631 2983 de
656 2906 760 2995 Scot,
788 2907 876 2984 dicti
900 2906 946 2984 de
970 2906 1103 2984 Sotton
1127 2906 1292 3013 Anglici,
1323 2907 1388 3014 qui
1412 2905 1607 2984 dicebatur
1634 2904 1747 2985 luisse
1768 2923 1939 3013 receptus
1968 2905 2006 2982 iu

516 3019 526 3030 ’
581 3037 739 3114 Pontivo
768 3036 869 3143 apud
904 3035 1094 3114 Grandem
1127 3035 1283 3128 Silvam,
1314 3064 1428 3143 quam
1456 3037 1573 3114 iidem
1600 3037 1841 3143 inquisitores
1878 3050 2008 3113 vocant

582 3166 763 3245 Grossum
779 3194 887 3274 opus.
902 3168 973 3243 Per
982 3194 1097 3272 quem
1113 3165 1269 3273 quidem
1282 3165 1458 3275 Egidium
1474 3164 1547 3243 luit
1561 3194 1804 3272 responsum,
1822 3166 1862 3242 in
1872 3166 2007 3242 virtute

577 3297 783 3404 juramenti
803 3296 947 3403 prestiti
972 3324 1041 3401 per
1064 3296 1258 3386 eumdem,
1273 3323 1324 3372 'se
1346 3295 1508 3372 adfuisse
1529 3295 1741 3401 reeepcioni
1768 3295 1859 3372 dicti
1886 3293 2008 3372 fratris

581 3428 779 3516 Johannis,
796 3445 885 3505 sunt
904 3427 1050 3504 circiter
1067 3452 1111 3506 xv
1132 3427 1237 3518 anni,
1257 3444 1295 3505 et
1308 3427 1382 3504 fuit
1404 3443 1577 3534 receptus
1602 3456 1669 3534 per
1690 3426 1842 3504 fratrem
1868 3428 2006 3506 lohan-

582 3587 670 3636 nem
696 3558 744 3636 de
765 3559 864 3636 Nova
884 3557 983 3636 Villa
1001 3557 1225 3635 servientem
1239 3556 1451 3664 quondam,
1474 3573 1566 3634 tunc
1585 3573 1842 3664 preceptorem
1857 3554 2005 3633 ballivie

541 3723 544 3730 ·
582 3688 631 3766 de
652 3689 825 3780 Pontivo,
846 3687 942 3764 circe
966 3688 1098 3764 horam
1119 3686 1284 3793 prandii,
1303 3685 1344 3762 in
1360 3685 1500 3793 capella
1520 3687 1619 3764 dicte
1636 3687 1773 3766 domus
1794 3687 1841 3764 de
1864 3687 2005 3765 Grandi

581 3817 697 3909 Silva,
722 3818 960 3924 presentibus
987 3814 1164 3894 iratribus
1192 3819 1303 3895 Petro
1338 3814 1387 3894 do
1418 3817 1629 3895 Limecuria
1658 3816 1850 3924 quondam
1880 3807 2008 3923 prece-¹

581 3948 809 4054 ptore‘dicte
835 3948 991 4038 domus,
1013 3967 1057 4026 ut
1077 3947 1111 4023 ei
1135 3947 1296 4038 videtur,
1325 3964 1362 4026 et
1380 3946 1583 4058 Radulpho
1610 3947 1774 4056 Anglici,
1797 3949 1862 4054 qui
1887 3947 2006 4026 iuerat

581 4077 788 4154 mercerius
803 4093 888 4154 ante
904 4077 1114 4183 ingressum
1133 4077 1293 4168 ordinis,
1315 4093 1534 4184 preceptore
1549 4095 1641 4156 tunc
1654 4077 1792 4158 domus
1807 4078 2007 4186 Oysimont

457 4217 461 4232 '
581 4207 844 4286 Ambianenais
865 4204 1040 4296 diocesis,
1060 4224 1097 4286 et
1109 4208 1277 4315 quodam
1296 4207 1370 4286 alio
1385 4205 1497 4286 fratre
1513 4207 1674 4315 agricola
1687 4209 1785 4286 dicte
1806 4209 1943 4288 domus
1958 4210 2006 4288 de

582 4337 725 4416 Grandi
750 4337 865 4428 Silva,
894 4338 941 4415 de
963 4337 1069 4445 cujus
1093 4339 1248 4416 nomine
1272 4355 1309 4416 et
1326 4339 1552 4447 cognomine
1579 4367 1656 4416 non
1681 4339 1912 4430 recordatur,
1942 4340 2008 4418 sed

580 4467 783 4575 vulgariter
801 4468 1002 4547 vocabatur
1027 4471 1159 4547 Petrus
1180 4468 1457 4578 Poyle-Castel,
1481 4467 1703 4562 deffunctis3
1732 4470 1771 4545 in
1796 4469 1904 4578 cujus
1923 4471 2007 4577 qui-

582 4595 670 4676 dem
690 4599 870 4676 Johannis
889 4599 1109 4706 reeepcione
1131 4599 1190 4676 vel
1204 4617 1290 4707 post
1311 4628 1389 4677 non
1413 4599 1522 4687 vidit,
1544 4626 1615 4676 nec
1630 4597 1750 4690 scivit,
1772 4627 1842 4676 nee
1867 4599 2008 4678 audivit

580 4729 655 4807 dici
676 4728 820 4836 aliquid
843 4729 1017 4808 illicitum
1043 4727 1101 4806 vel
1119 4730 1364 4808 inhonestum
1388 4729 1646 4822 intervenisse3
1666 4745 1704 4808 et
1724 4729 1796 4808 luit
1815 4747 2007 4839 receptus,

580 4876 623 4936 ut
636 4859 788 4938 videtur
808 4860 933 4937 eidem
955 4861 1056 4952 testi,
1075 4860 1111 4936 in
1130 4861 1232 4938 hunc
1253 4861 1410 4939 modurn
1428 4893 1436 4938 ε
1457 4889 1543 4937 nam
1568 4891 1652 4941 curn
1676 4860 1849 4967 peciisset
1869 4887 2005 4967 panem
