4486 5890
761 490 1405 584 caoctsoasrnurmuas.
1696 499 1699 510 '
1751 511 1798 582 os
1844 449 1850 464 ⁶

372 654 455 732 lum
482 651 658 728 illicitum
680 649 739 726 vel
763 651 1009 730 inhonestum
1036 669 1127 729 tune
1147 648 1206 726 vel
1228 665 1313 756 post
1332 646 1532 725 intervenit
1552 645 1590 723 in
1612 648 1801 756 recepcio-

373 784 486 862 nibus
507 781 739 889 supradictis.
759 783 806 859 Et
825 813 893 890 per
913 782 1092 862 eumdem
1115 782 1275 859 modum
1296 780 1391 857 vidit
1409 778 1524 884 recipi
1544 775 1675 856 fratres
1695 780 1803 859 Guil-

372 915 530 992 lelmum
549 913 595 990 de
604 911 748 990 Madito
761 913 922 990 militem
939 912 1150 1020 quondam,
1165 911 1396 990 Ademarum
1406 906 1550 986 Balotel
1564 909 1800 1000 servientem,

374 1045 599 1135 deffunotos,
616 1043 730 1120 simul
749 1043 788 1120 in
808 1043 971 1151 quadam
993 1071 1139 1121 camera
1156 1042 1294 1119 domus
1309 1038 1458 1146 Templi
1487 1039 1533 1116 de
1562 1038 1726 1148 Vilagast
1742 1041 1803 1117 Pi-

373 1176 552 1254 ctavensis
576 1167 754 1264 diocesis,
784 1175 823 1250 in
848 1173 1000 1253 instanti
1029 1189 1145 1250 estate
1176 1188 1289 1250 erunt
1314 1199 1393 1248 xuu
1415 1168 1500 1245 anni
1522 1167 1581 1246 vel
1601 1168 1714 1261 circa,
1736 1198 1805 1277 per

372 1309 523 1385 fratrem
547 1304 780 1385 Gaulredum
803 1305 851 1382 de
870 1304 1020 1383 Vilzero
1045 1303 1206 1381 militem
1227 1303 1439 1410 quondam,
1465 1317 1556 1376 tunc
1575 1299 1803 1378 visitatorem

371 1439 461 1516 citra
491 1463 614 1524 mare,
659 1435 897 1543 presentibus
921 1432 1132 1514 Guillelmo
1159 1432 1207 1510 de
1234 1430 1344 1510 blare
1382 1447 1474 1508 tunc
1502 1445 1721 1535 preceptore
1755 1431 1802 1506 de

371 1567 597 1656 Chausilho‚
629 1566 695 1672 qui
727 1565 918 1643 detinetur
944 1564 1048 1672 apud
1072 1564 1290 1672 Caynonem
1317 1560 1541 1639 Pictavensis
1565 1559 1739 1650 diocesis,
1768 1579 1805 1638 et

371 1697 537 1778 Geraldo
553 1696 746 1802 quondam
768 1697 803 1773 la
822 1696 990 1787 Vernha‚
1008 1712 1046 1772 et
1064 1693 1273 1774 Guillelmo
1289 1690 1540 1778 Cbandelier,
1556 1690 1749 1796 predictis,
1768 1707 1804 1766 et

372 1828 601 1936 quibusdam
624 1828 706 1906 aliis
724 1827 772 1905 de
792 1855 958 1933 quorum
976 1824 1198 1904 nominibus
1218 1852 1295 1902 non
1316 1822 1548 1902 recordatur.
1566 1820 1671 1900 Vidit
1686 1821 1804 1898 eciam

372 1959 487 2066 recipi
509 1957 661 2034 fratrem
678 1957 890 2036 lohannem
921 1955 1030 2034 Folhi
1059 1955 1306 2042 servientem,
1332 1952 1379 2030 de
1393 1951 1513 2030 Podio
1532 1949 1673 2027 Revelli
1693 1951 1806 2027 Picta·

371 2090 494 2168 vensis
522 2087 700 2176 diocesis,
735 2088 801 2193 qui
836 2087 1029 2164 detinetur
1043 2085 1224 2174 Turonis,
1248 2083 1438 2162 dominica
1456 2082 1495 2157 iu
1514 2083 1640 2158 Remis
1662 2079 1806 2186 palmo-

372 2249 458 2298 rum
478 2220 648 2326 proxima
667 2234 780 2295 erunt
796 2235 941 2323 septem
963 2217 1050 2292 anni
1071 2213 1131 2292 vel
1151 2215 1258 2303 circa,
1282 2214 1321 2287 in
1337 2211 1479 2317 capella
1500 2212 1637 2288 domus
1654 2210 1804 2315 Templi

374 2352 421 2428 de
440 2348 560 2428 Podio
578 2347 737 2437 flocelli,
759 2374 827 2452 per
848 2345 992 2422 dictum
1014 2343 1168 2421 fratrem
1185 2340 1422 2421 Guillemum
1444 2341 1491 2417 de
1508 2338 1634 2426 blare,
1654 2367 1806 2445 presen-

371 2479 475 2558 tibus
494 2475 673 2556 fratribus
691 2474 961 2554 Bartholomeo
978 2473 1025 2550 de
1042 2471 1162 2550 Podio
1183 2467 1340 2558 Revelli,
1354 2485 1450 2546 teste
1470 2497 1582 2575 supra
1596 2470 1721 2574 jurato
1738 2472 1804 2547 sed

373 2609 546 2688 nondum
570 2605 798 2691 examinato,
821 2620 860 2680 et
883 2602 1053 2682 Johanne
1075 2600 1240 2678 Criando
1267 2600 1314 2676 de
1337 2617 1436 2676 terra
1454 2598 1670 2674 Vindocinii
1690 2627 1806 2704 quon-

374 2740 479 2827 dam,
509 2738 617 2843 cujus
643 2761 854 2842 cognomen
877 2734 1041 2842 ignorat3
1072 2731 1241 2837 plurium
1267 2725 1551 2833 recepcionibus
1575 2755 1653 2805 non
1673 2729 1806 2806 recolit

374 2899 412 2947 se
439 2869 567 2946 fuisse.
592 2864 808 2972 Requisitus
834 2863 864 2940 si
891 2891 929 2940 se
955 2859 1147 2938 obtulerat
1169 2858 1393 2936 deffensioni
1420 2857 1583 2946 ordinis,
1609 2862 1806 2964 respondit

373 3000 479 3107 quod
500 3024 599 3086 non,
628 2996 694 3072 sed
716 2994 816 3072 bene
844 3007 997 3070 venerat
1016 3006 1170 3098 propter
1189 2989 1356 3097 predicta
1376 2983 1558 3065 unacum
1584 2988 1664 3066 aliis
1685 3017 1805 3098 usque

374 3129 546 3206 Parisios.

429 3258 646 3366 Requisitus
656 3258 686 3334 si
704 3258 755 3334 sic
769 3255 994 3364 deposuerat
1009 3283 1136 3362 prece,
1155 3273 1351 3363 precept0‚
1368 3255 1522 3343 timore,
1537 3281 1680 3343 amore,
1696 3251 1802 3344 odio,

373 3389 432 3466 vel
447 3387 647 3494 temporali
669 3386 832 3465 comodo
852 3385 984 3464 habito
1004 3384 1063 3463 vel
1082 3384 1271 3474 habendo,
1295 3384 1491 3491 respondit
1504 3385 1607 3490 quod
1627 3410 1720 3474 non,
1738 3384 1806 3460 sed

374 3548 443 3626 pro
471 3519 624 3596 veritate
650 3518 829 3608 dicenda;
857 3516 916 3592 cui
945 3515 1018 3592 fuit
1042 3517 1256 3622 injunctum
1281 3514 1386 3623 quod
1411 3542 1489 3593 non
1509 3514 1691 3592 revelaret
1709 3515 1807 3591 hauc

374 3679 480 3729 suam
503 3651 802 3757 deposicionem‚
821 3673 1021 3754 quousque
1041 3647 1300 3725 attestaciones
1319 3643 1461 3722 luerint
1479 3642 1681 3749 publicata.

431 3917 560 3992 Frater
573 3911 811 3990 Hunbaudus
827 3913 875 3990 de
887 3911 923 3989 la
937 3911 1122 4018 Boyssada
1143 3910 1325 3997 serviens,
1341 3909 1615 3985 Lemovicensis
1633 3907 1804 3998 diocesis,

376 4046 564 4124 adductus
579 4070 648 4151 pro
664 4059 760 4120 teste
774 4043 823 4120 ad
839 4041 1070 4151 presenciam
1089 4040 1313 4118 eorumdem
1331 4037 1577 4116 dominorum
1595 4039 1809 4116 commissa-

375 4177 535 4263 riorum,
553 4175 660 4252 tactis
678 4173 919 4250 sacrosanctis
933 4170 1160 4278 Evangeliis‚
1178 4169 1318 4277 juravit
1335 4168 1459 4245 dicere
1476 4168 1670 4246 veritatem
1681 4169 1720 4244 in
1735 4170 1806 4247 isto

376 4306 550 4412 negocio,
578 4303 790 4381 secundum
816 4303 975 4381 formam
999 4301 1161 4379 aliorum
1183 4300 1336 4377 testium
1358 4298 1529 4404 superius
1555 4299 1805 4404 mgistratum,

377 4436 582 4542 expositam
612 4451 649 4510 et
676 4434 937 4541 vulgarizatam
965 4433 1113 4524 eidem;
1141 4448 1179 4509 ct
1204 4458 1280 4509 non
1303 4429 1544 4508 detinebatur
1568 4445 1712 4535 captus,
1738 4459 1808 4510 nec

376 4565 519 4643 ferebat
536 4563 760 4641 mantellum
781 4564 925 4642 ordinis
945 4591 1067 4671 neque
1089 4561 1263 4646 barbam,
1286 4560 1374 4668 quia
1390 4576 1476 4666 post
1492 4561 1572 4668 ejus
1590 4561 1808 4667 capcionem

382 4697 593 4777 voluntarie
614 4697 738 4804 ipsum
767 4697 959 4777 dimiserat
982 4713 1019 4774 et
1042 4695 1122 4774 radi
1147 4694 1286 4774 lecerat
1308 4692 1380 4770 sibi
1399 4693 1574 4783 barbam3
1599 4719 1668 4773 xxv
1693 4720 1807 4770 anno-

377 4857 460 4906 rum
483 4828 542 4906 vel
566 4829 679 4918 circa,
709 4857 794 4905 cum
821 4856 898 4934 quo
925 4827 1147 4934 inquisitum
1171 4825 1292 4904 luerat
1315 4853 1383 4930 per
1402 4823 1535 4902 fratres
1555 4824 1808 4930 predicatores
