4486 5890
777 504 970 600 raocrts
996 525 1093 598 ons
1119 525 1418 600 rnuruuns.
1738 529 1802 600 151

383 664 631 772 quandoque,
655 683 692 742 et
711 668 980 773 providebatur
997 669 1096 746 bene
1116 670 1221 776 quod
1241 697 1317 747 non
1341 669 1564 747 audirentur
1583 669 1746 746 exterius
1768 699 1809 746 ea

382 825 457 902 qne
479 797 637 874 interius
657 797 875 905 agebantur.
898 799 1171 880 Ordinaciones
1191 801 1284 878 facte
1300 829 1368 906 per
1383 799 1602 910 Magistrum
1617 830 1703 876 cum
1720 829 1809 880 con-

288 951 297 962 ·
328 987 337 1004 .
383 944 496 1005 ventu
515 955 585 1005 sno
604 947 744 1006 servate
765 929 924 1024 luissent
943 932 982 1008 in
1003 932 1302 1023 ordinamentra
1314 960 1432 1040 quem
1448 930 1602 1038 grandia
1617 933 1804 1018 scandala,

382 1060 545 1166 suspicio
562 1077 599 1136 et
615 1059 767 1138 infamia
786 1080 875 1140 sunt
895 1079 1038 1153 exorta;
1061 1080 1100 1141 et
1120 1062 1249 1142 illicita
1268 1061 1473 1141 consessnta
1492 1063 1561 1168 per
1580 1090 1669 1139 eum
1690 1063 1810 1139 credit

383 1216 463 1266 esse
485 1207 573 1267 nota
592 1189 770 1269 fratribus
789 1192 950 1280 ordinis,
981 1209 1108 1270 contra
1135 1220 1251 1300 quem
1276 1192 1419 1270 audivit
1439 1191 1512 1268 dici
1532 1221 1711 1300 magnum
1734 1193 1809 1271 Ma-

383 1320 539 1426 gistrum
562 1337 600 1398 et
618 1320 710 1398 alios
729 1321 876 1429 aliquos
896 1351 1061 1410 errores,
1083 1323 1203 1400 nescit
1222 1351 1336 1430 quos,
1357 1322 1472 1401 fuisse
1492 1317 1692 1402 confessos.

439 1450 655 1556 Reqnisitus
669 1452 699 1528 si
715 1451 768 1528 sic
781 1452 1008 1558 deposuerat
1023 1479 1150 1559 prece,
1165 1468 1355 1560 precepto,
1371 1437 1528 1543 timore,
1544 1479 1688 1543 amore,
1704 1453 1806 1541 odio,

382 1581 439 1657 vel
460 1582 657 1689 temporali
679 1584 842 1662 comodo
858 1583 988 1662 habito
1003 1583 1061 1661 vel
1077 1584 1265 1672 habendo,
1287 1584 1484 1689 respondit
1497 1583 1600 1691 quod
1621 1611 1719 1672 non,
1741 1585 1806 1662 sed

383 1739 451 1816 pro
473 1712 626 1792 veritate
648 1711 826 1804 dicenda;
846 1714 909 1802 cni
931 1712 1004 1791 fuit
1029 1715 1241 1822 injunctum
1269 1714 1375 1819 quod
1402 1742 1479 1793 non
1505 1713 1686 1792 revelaret
1712 1714 1808 1792 hanc
1937 1807 1940 1816 Ι

384 1869 490 1916 snam
507 1842 805 1948 deposicionem‚
822 1873 1024 1952 quousque
1039 1844 1449 1924 attestacioneslnerint
1462 1844 1670 1951 publicate3
1683 1859 1720 1922 et
1730 1873 1808 1924 nou

383 1968 572 2048 obtulerat
594 1999 633 2048 se
655 1972 703 2050 ad
725 1973 997 2054 deffensionem
1020 1975 1176 2053 ordinis.

440 2237 486 2312 Et
505 2236 648 2314 ibidem
669 2235 800 2315 fratres
825 2238 1020 2315 Renardus
1047 2239 1095 2316 dc
1127 2239 1218 2316 Bort
1251 2236 1360 2314 miles
1392 2237 1685 2328 Lemovicensis,
1719 2239 1809 2314 Ber-

384 2367 524 2446 nardus
551 2368 726 2446 Ademnri
755 2368 881 2460 miles,
909 2368 1113 2447 Durandus
1139 2369 1350 2460 Passerion,
1380 2371 1511 2446 Petrus
1537 2365 1738 2459 Almavini,
1771 2385 1809 2444 et

384 2501 628 2605 Raymundus
646 2500 806 2578 Amalini
826 2501 1100 2593 Ruthenensis‚
1134 2500 1257 2608 Guigo
1278 2501 1326 2578 de
1346 2502 1453 2606 Rupe
1474 2499 1640 2577 Talhada
1669 2499 1809 2606 presbi-

384 2647 442 2706 ter
461 2631 687 2719 Aniciensis,
717 2633 851 2710 Petrus
871 2630 1063 2710 Gontandi
1092 2631 1339 2718 Lodovsnsis‚
1369 2631 1600 2708 Bertrandus
1619 2630 1711 2706 Boni
1735 2631 1809 2706 Ho-

383 2761 499 2839 minis
517 2763 774 2850 Caturcensis‚
796 2780 834 2841 et
853 2763 1060 2843 Gnibertus
1079 2762 1229 2869 Rogsrii
1248 2761 1566 2858 Claramontensis
1582 2759 1805 2848 diocesium,
1870 2811 1875 2820 ·

383 2891 535 2970 adducti
551 2923 618 3000 pro
637 2895 794 2974 testibus
815 2895 863 2971 nd
878 2895 1109 3000 presenciam
1131 2892 1354 2970 eorumdem
1376 2892 1620 2970 dominorum
1637 2893 1810 2969 commis-

383 3024 586 3115 snriorum,
615 3026 887 3128 protestncione
915 3026 1095 3131 premissa
1121 3024 1225 3130 quod
1252 3052 1330 3102 non
1354 3022 1558 3099 intendunt
1584 3021 1760 3098 recedere
1788 3053 1809 3098 a

383 3152 690 3258 deposicionibus
710 3156 787 3232 suis
806 3184 874 3260 per
894 3183 958 3232 eos
977 3155 1067 3232 alias
1087 3154 1193 3232 factis
1213 3183 1337 3232 coram
1360 3153 1574 3242 ordinariis,
1597 3169 1634 3229 et
1653 3153 1759 3259 quod
1778 3155 1807 3230 si

382 3284 467 3390 plus
486 3285 544 3362 vel
565 3285 690 3361 minus
711 3285 880 3364 dicerent
900 3315 1025 3363 coram
1040 3286 1130 3391 ipsis
1145 3285 1311 3363 dominis
1326 3283 1609 3374 commisseriis,
1631 3283 1735 3390 quod
1756 3285 1809 3362 eis

383 3443 459 3494 non
478 3417 709 3523 prejudicat,
726 3418 963 3524 juraverunt,
990 3416 1097 3494 tactis
1116 3417 1356 3495 sacrosanctis
1376 3413 1601 3522 Evangeliis,
1624 3413 1749 3491 dicere
1769 3416 1808 3490 in

382 3548 453 3623 isto
474 3549 631 3654 negocio
650 3565 766 3625 totam
788 3549 938 3655 plenam
959 3566 997 3625 et
1017 3575 1159 3624 meram
1180 3548 1392 3636 veritatem,
1417 3545 1629 3624 secundum
1649 3544 1809 3621 sormam

378 3679 583 3784 juramenti
604 3679 763 3756 aliorum
780 3679 934 3756 testium
951 3678 1122 3783 superius
1136 3676 1386 3785 mgistratum,
1404 3675 1604 3780 expositam
1629 3691 1666 3750 et
1684 3675 1808 3779 vulga-

382 3807 532 3884 rizatam
553 3808 710 3886 eisdem.
1688 3881 1691 3890 .

439 3937 527 4016 Acta
548 3938 701 4016 fuerunt
721 3940 790 4016 hec
810 3940 919 4017 dictis
940 3940 1001 4015 die
1023 3954 1061 4014 et
1080 3937 1184 4024 loco,
1201 3934 1441 4042 presentibus
1457 3936 1633 4042 magistro
1652 3934 1807 4024 Amisio,

384 4095 444 4145 me
464 4069 720 4170 Florinmonte
740 4070 961 4160 Dondedei,
984 4087 1021 4146 et
1041 4068 1123 4145 aliis
1139 4066 1294 4145 notariis
1310 4095 1421 4172 supra
1436 4065 1573 4142 ultimo
1594 4065 1806 4142 nominatis.

439 4334 527 4408 Post
547 4332 633 4421 hcc,
656 4331 718 4408 die
738 4331 894 4408 Veneris
914 4331 1106 4436 sequenti,
1137 4357 1210 4435 que
1239 4328 1310 4405 fuit
1336 4354 1361 4403 u
1389 4326 1470 4404 dies
1496 4327 1636 4402 mensis
1662 4327 1807 4432 aprilis,

384 4460 454 4538 luit
469 4462 655 4540 adductus
670 4462 718 4538 ad
733 4461 963 4567 presenciam
981 4460 1169 4540 dictorum
1185 4458 1428 4536 dominorum
1447 4457 1806 4544 commissariorum,

383 4592 420 4669 in
448 4592 563 4670 domo
591 4592 757 4700 predicta
783 4593 927 4670 domini
956 4593 1055 4669 Petri
1089 4592 1138 4668 de
1164 4590 1367 4679 sabaudia,
1396 4588 1511 4666 frater
1533 4589 1729 4666 chardus
1762 4589 1808 4665 de

383 4725 474 4801 Bort
494 4724 621 4816 miles,
649 4739 847 4832 preceptor
866 4725 1004 4802 domus
1024 4723 1174 4829 Templi
1196 4722 1243 4798 de
1263 4723 1382 4799 Podio
1402 4721 1514 4800 Nncis
1535 4719 1809 4797 Lemovicensis

385 4855 561 4945 diocesis,
582 4853 688 4932 testis
707 4882 819 4959 supra
834 4854 1000 4962 juratus,
1022 4868 1065 4929 ut
1084 4852 1292 4958 deponeret
1312 4851 1455 4928 dictum
1476 4877 1608 4941 snum,
1630 4850 1809 4957 qninqua-
