4330 5884
398 553 472 626 322
784 527 981 616 PROCDS
1007 538 1103 612 DES
1131 539 1432 614 TEMPLIERS.

399 708 437 767 et
451 687 566 766 modo
581 713 649 764 sue
666 683 911 788 recepcionis‚
928 682 1020 758 dixit
1030 709 1097 786 per
1107 681 1366 786 juramentum
1380 707 1489 757 suum
1508 680 1613 787 quod
1631 680 1703 760 luit
1720 711 1827 761 rece-

398 836 483 924 ptus
502 815 603 922 apud
619 813 872 920 Latigniacum
893 812 1059 898 Siccum,
1082 810 1208 918 viginti
1228 810 1305 888 duo
1325 810 1411 888 anui
1431 809 1488 888 vel
1515 811 1610 890 circa
1631 831 1734 901 sunt,
1759 843 1827 920 per

400 950 550 1026 fratrem
566 945 758 1024 Nicolaum
770 942 1020 1050 Flamingum,
1042 941 1279 1045 presentibus
1293 939 1405 1018 fratre
1422 940 1574 1019 Nicolao
1591 942 1638 1020 de
1653 943 1825 1032 Puiseus,

400 1079 511 1154 fratre
529 1077 571 1152 N.
599 1077 646 1152 de
666 1072 907 1181 Laignevilla,
936 1090 974 1150 et
993 1071 1220 1177 quibusdam
1247 1070 1328 1150 aliis
1350 1070 1399 1148 de
1423 1098 1586 1178 quorum
1612 1073 1828 1152 nominibus

401 1235 478 1285 nou
491 1205 635 1284 recolit.
646 1205 748 1282 Dixit
761 1205 877 1280 eciam
888 1203 1221 1309 perjuramentum
1236 1231 1346 1280 suum
1356 1201 1477 1308 quod,
1493 1220 1579 1308 post
1590 1203 1726 1282 multas
1740 1231 1827 1310 pro-

403 1339 598 1416 missiones
618 1336 665 1413 de
681 1335 825 1414 statutis
845 1334 934 1412 dicti
955 1333 1097 1412 ordinis
1117 1333 1243 1424 lactas,
1272 1351 1309 1412 et
1329 1334 1453 1441 posito
1477 1335 1656 1414 mantello
1681 1337 1730 1412 ad
1754 1337 1829 1413 col-

402 1469 494 1557 lum,
522 1469 733 1574 injunctum
753 1465 824 1542 fuit
847 1465 917 1543 sibi
942 1493 1010 1571 per
1036 1464 1280 1570 recipientem
1305 1463 1515 1570 predictum
1541 1466 1645 1572 quod
1672 1467 1828 1544 omuino

402 1629 440 1678 se
461 1599 662 1676 abstineret
681 1627 701 1673 a
722 1596 963 1686 mulieribus,
986 1597 1072 1672 etsi
1102 1595 1202 1674 calor
1224 1596 1399 1674 naturalis
1419 1616 1586 1676 moveret
1606 1625 1708 1687 eum,
1725 1597 1829 1704 quod

404 1730 661 1810 commisceret
683 1755 722 1804 se
743 1755 828 1804 cum
848 1725 1078 1805 hominibus.
1100 1726 1202 1804 Dixit
1222 1727 1338 1805 eciam
1357 1755 1426 1832 per
1442 1729 1697 1835 juramentum
1719 1756 1828 1806 suum

403 1860 509 1966 quod
529 1859 650 1934 dictus
668 1857 850 1964 recipiens
873 1857 1041 1964 precepit
1064 1856 1134 1935 sibi
1159 1858 1263 1962 quod
1283 1858 1483 1964 abnegaret
1499 1859 1642 1948 Deum,
1672 1873 1709 1936 et
1722 1858 1829 1966 quod

404 2006 554 2095 spueret
566 2015 676 2093 supra
692 2015 856 2074 crucem,
872 2004 910 2064 et
922 1987 999 2093 ipse
1010 1987 1165 2064 Jbesum
1181 1988 1374 2068 Christum
1387 1989 1531 2094 negavit
1541 1989 1656 2066 semel
1667 2006 1827 2078 tantum,

406 2137 443 2196 et
459 2118 560 2226 spuit
578 2116 749 2205 similiter
771 2115 908 2206 semel,
931 2133 968 2192 et
991 2133 1118 2222 postea
1141 2116 1328 2194 osculatus
1348 2116 1421 2195 luit
1441 2147 1529 2198 eum
1549 2119 1587 2196 in
1607 2147 1673 2198 ore
1694 2119 1832 2198 solum·

407 2249 533 2325 modo.
549 2250 620 2325 Per
633 2250 888 2352 juramentum
903 2275 1030 2338 suum,
1049 2247 1141 2322 dixit
1158 2263 1299 2335 tamen,
1322 2246 1512 2354 quodfuit
1526 2249 1596 2327 sibi
1613 2267 1831 2356 preceptum

405 2378 509 2484 quod
528 2374 758 2454 oscularetur
773 2403 858 2452 eum
879 2375 983 2465 alibi,
1000 2375 1173 2452 videlicet
1193 2377 1232 2452 in
1252 2376 1328 2453 line
1350 2377 1457 2482 spine
1478 2380 1579 2456 dorsi
1604 2396 1641 2456 et
1656 2381 1693 2456 in
1709 2379 1833 2457 umbi-

405 2509 493 2598 lico,
513 2526 551 2586 et
564 2509 643 2613 ipse
658 2535 735 2585 uon
747 2505 849 2595 lecit,
867 2533 936 2584 nec
946 2495 1066 2584 facere
1079 2505 1206 2584 voluit.
1223 2508 1438 2614 Requisitus
1452 2527 1579 2588 utrum
1594 2511 1645 2603 vi,
1661 2511 1719 2590 vel
1731 2529 1834 2588 metu

407 2640 561 2716 carceris
575 2637 634 2714 vel
653 2653 946 2726 tormentorum,
964 2637 1126 2743 aliquam
1148 2637 1283 2714 dixerit
1296 2636 1495 2717 salsitatem
1509 2640 1569 2719 vel
1589 2640 1835 2720 immiscuerit

407 2771 446 2845 in
467 2768 706 2874 deposicione
733 2795 814 2856 sua,
842 2767 934 2844 dixit
959 2796 1027 2873 per
1047 2767 1303 2874 jurameutum
1325 2797 1435 2848 suum
1463 2771 1569 2876 quod
1595 2799 1690 2860 non;
1719 2772 1834 2848 immo

408 2897 500 2974 dixit
518 2898 720 2985 veritatem.

465 3161 559 3238 ltem
583 3158 696 3236 frater
724 3158 956 3240 Guillermus
986 3160 1034 3236 dc
1064 3157 1282 3238 Montelorti
1303 3159 1494 3249 Amalrici,
1525 3162 1613 3240 alias
1646 3163 1767 3240 dictus
1801 3163 1835 3239 le

408 3290 597 3382 Berchier,
624 3291 730 3368 etatis
756 3289 1023 3398 quinquaginta
1050 3317 1236 3368 annorum
1265 3289 1323 3370 sel
1350 3291 1461 3382 circa,
1490 3310 1533 3369 ut
1561 3291 1669 3382 dixit,
1700 3293 1837 3372 eodem

410 3420 526 3502 modo
546 3421 692 3530 juratus
718 3439 756 3499 et
778 3421 982 3527 requisitus
1015 3420 1062 3498 de
1087 3438 1256 3527 tempore
1286 3437 1324 3499 et
1347 3423 1464 3500 modo
1494 3451 1559 3500 sue
1588 3422 1835 3529 recepcionis,

411 3552 504 3630 dixit
522 3581 590 3660 per
599 3553 858 3659 juramentum
874 3581 986 3632 suum
1005 3553 1111 3658 quod
1129 3551 1280 3659 triginta
1300 3551 1386 3628 anui
1405 3569 1494 3630 sunt
1514 3553 1629 3659 elapsi
1649 3553 1754 3660 quod
1767 3551 1839 3630 fuit

409 3701 655 3789 receptusper
664 3681 815 3760 tratrem
824 3681 1015 3763 Nicolaum
1026 3682 1276 3788 Flamingum‚
1292 3682 1392 3788 apud
1401 3682 1655 3788 Latigniacum
1671 3684 1836 3770 siccum,

410 3813 646 3919 presentibus
662 3811 772 3890 fratrc
787 3811 937 3890 Nicolao
955 3813 1001 3888 de
1014 3813 1211 3902 Berniaco,
1227 3829 1264 3889 et
1278 3812 1503 3918 quibusdam
1517 3811 1597 3890 aliis
1611 3812 1660 3888 de
1675 3839 1838 3918 quorum

411 3942 624 4021 nominibus
640 3970 716 4018 non
730 3941 872 4018 recolit.
886 3942 988 4018 Dixit
1008 3943 1124 4018 eciam
1141 3969 1211 4047 per
1223 3943 1479 4049 juramentum
1494 3968 1603 4018 suum
1620 3939 1739 4046 quod,
1755 3960 1840 4046 post

412 4071 547 4148 multas
562 4071 829 4175 promissiones
845 4070 892 4144 de
908 4070 1051 4146 statutis
1065 4070 1155 4147 dicti
1173 4071 1315 4150 ordinis
1330 4071 1586 4162 observandis,
1605 4071 1727 4150 dictus
1742 4097 1841 4148 rece·

414 4219 499 4307 ptor
513 4200 677 4278 ostendit
691 4198 762 4276 sibi
784 4198 985 4306 quamdam
1005 4227 1155 4276 crucem
1169 4201 1207 4278 in
1222 4193 1295 4306 qua
1312 4220 1391 4280 erat
1408 4203 1553 4309 depicta
1572 4229 1706 4308 ymago
1724 4201 1840 4279 lbesu

413 4330 568 4419 Christi,
587 4348 624 4407 et
647 4330 736 4408 lecit
760 4358 848 4407 eum
867 4328 1049 4437 abnegare
1070 4345 1127 4408 ter
1147 4347 1185 4407 et
1204 4359 1339 4438 spuere
1359 4350 1416 4410 ter
1437 4361 1547 4438 supra
1567 4359 1728 4410 crucem.
1743 4331 1842 4408 Dixit

416 4461 530 4538 eciam
553 4490 620 4568 per
633 4461 891 4568 juramentum
905 4489 1016 4541 suum
1035 4461 1138 4567 quod
1156 4461 1258 4538 idem
1278 4479 1451 4567 receptor
1468 4461 1637 4568 precepit
1651 4459 1721 4540 sibi
1737 4462 1842 4567 quod

415 4593 569 4669 omnino
588 4591 792 4670 abstineret
807 4619 828 4668 a
846 4591 1110 4669 commiscione
1130 4591 1351 4679 mulierum,
1381 4609 1418 4668 et
1438 4593 1468 4668 si
1489 4593 1720 4698 contingeret
1739 4589 1843 4698 quod

415 4722 527 4802 vellet
545 4722 693 4828 explere
717 4721 913 4800 libidinem
939 4751 1063 4811 suam,
1091 4722 1164 4800 hoc
1183 4722 1320 4800 laceret
1342 4747 1429 4802 cunt
1449 4721 1575 4829 aliquo
1596 4723 1643 4800 de
1667 4719 1843 4798 fratribus

415 4853 508 4942 suis,
527 4869 565 4929 et
580 4879 658 4930 non
678 4879 763 4929 cum
785 4850 1019 4932 mulieribus.
1043 4852 1256 4960 Requisitus
1276 4869 1402 4932 utrum
1421 4853 1473 4942 vi,
1492 4851 1550 4930 vel
1564 4869 1670 4932 metu
1690 4852 1843 4929 carceris
