4486 5890
757 503 957 599 rancus
984 524 1080 598 nas
1107 525 1407 602 rnurmaas.
1746 532 1789 606 ei

365 662 519 742 instanti
535 681 706 770 tempore
734 663 918 754 Pascbali,
939 664 1179 770 presentibus
1201 666 1380 745 fratribus
1403 664 1612 746 Guillelmo
1635 667 1797 748 deTer-

365 793 470 872 rellis
495 793 633 885 milite,
659 793 829 872 lohanna
849 793 1006 901 Anglico
1028 797 1220 884 Remensi,
1243 794 1403 874 testibus
1426 825 1537 904 supra
1557 799 1793 889 examinatis,

365 926 537 1004 lobanne
558 923 606 1001 de
628 922 794 1003 Cbesaco
819 924 1014 1030 quondam
1037 925 1234 1003 serviente.
1256 926 1427 1005 Plurium
1451 928 1737 1036 recepcionibus
1756 958 1796 1007 se

366 1083 443 1134 non
460 1055 594 1132 recolit
608 1052 790 1143 adfuisse,
817 1082 886 1131 nec
908 1055 994 1142 scit,
1020 1083 1090 1134 nec
1115 1057 1252 1149 credit,
1277 1087 1348 1136 nec
1370 1058 1513 1136 audivit
1535 1059 1609 1136 dici
1630 1060 1736 1166 quod
1757 1062 1796 1138 in

366 1186 421 1262 eis
438 1185 496 1263 vel
515 1203 601 1291 post
620 1184 866 1264 interveniret
882 1185 1029 1294 aliquid
1048 1187 1306 1266 inhonestum.

422 1317 639 1424 Requisitus
653 1317 684 1395 si
699 1319 751 1394 sic
765 1318 993 1425 deposuerat
1006 1347 1116 1425 prece
1128 1379 1137 1411 ,
1148 1338 1342 1428 precepto,
1353 1321 1509 1412 timore,
1521 1347 1666 1410 amore,
1684 1321 1795 1411 odio,

366 1448 425 1526 vel
445 1449 608 1526 comodo
625 1448 823 1556 temporali
839 1449 974 1528 ‘habito
994 1450 1056 1528 vel
1076 1452 1270 1542 habendo,
1287 1451 1484 1559 respondit
1495 1452 1602 1559 quod
1618 1479 1711 1542 non,
1729 1453 1796 1530 sed

366 1607 434 1685 pro
472 1580 625 1658 veritate
655 1581 834 1667 dicendar
865 1583 925 1660 cui
948 1581 1021 1660 fuit
1040 1583 1254 1692 injunctum
1274 1584 1379 1691 quod
1399 1611 1477 1674 non
1498 1582 1679 1661 revelaret
1699 1583 1795 1660 bane

367 1737 473 1787 suam
503 1711 805 1816 deposicionem,
840 1741 1039 1818 quousque
1073 1715 1336 1792 attestaciones
1360 1713 1503 1791 fuerint
1522 1711 1733 1821 publicate3
1754 1731 1792 1790 et

367 1868 443 1918 non
466 1841 657 1919 obtulerat
677 1869 715 1919 se
736 1842 783 1920 ad
806 1841 1082 1920 deffensionem
1105 1843 1195 1920 dicti
1219 1843 1385 1935 ordinis,
1420 1860 1459 1920 et
1485 1841 1720 1949 intelligebat
1743 1844 1794 1920 la·

367 1990 503 2050 tinum.

423 2235 553 2311 Frater
566 2235 755 2312 lohannes
768 2232 938 2310 Duraudi
952 2235 1228 2311 Lemovicensis
1251 2233 1428 2324 diocesis,
1444 2253 1643 2340 preceptor
1660 2236 1797 2312 domus

367 2362 518 2468 Templi
536 2363 582 2440 de
595 2363 735 2441 Codria
750 2363 1165 2452 Pictaaensisdiocesis,
1182 2364 1289 2441 testis
1302 2391 1413 2470 supra
1423 2362 1587 2470 juratus,
1611 2362 1797 2441 defferens

367 2491 589 2570 mantellum
605 2493 750 2570 ordinis
771 2509 809 2569 et
826 2492 999 2580 barbam,
1027 2492 1371 2601 quinquagenarius
1391 2492 1452 2570 vel
1472 2493 1583 2578 circa,
1604 2521 1692 2570 cum
1719 2520 1796 2598 quo

367 2621 591 2730 inquisitum
619 2619 757 2713 fuerat,
784 2621 981 2700 absolutus
1008 2638 1047 2698 et
1072 2621 1334 2702 reconciliatus
1360 2649 1429 2727 per
1455 2619 1654 2700 officialem
1679 2621 1798 2700 Picta-

366 2779 541 2839 vensem;
563 2750 670 2830 lectis
689 2769 726 2830 et
750 2751 953 2857 diligenter
981 2752 1156 2859 expositis
1183 2751 1254 2831 sibi
1275 2752 1454 2830 omnibns
1473 2769 1511 2831 et
1529 2751 1689 2858 singulis
1708 2751 1797 2830 arti·

367 2882 478 2976 culis,
499 2882 698 2990 respondit
716 2909 755 2960 se
777 2882 937 2976 nescire,
960 2911 1030 2960 nec
1050 2883 1224 2976 credere,
1248 2911 1318 2962 nec
1341 2884 1526 2962 audivisse
1547 2883 1621 2960 dici
1643 2884 1690 2962 de
1710 2910 1798 2961 con-

367 3012 481 3090 tentis
506 3012 545 3088 in
568 3013 621 3124 eis
641 3011 712 3088 nisi
734 3013 840 3118 quod
860 3013 1043 3119 sequitur.
1065 3013 1168 3090 Dixit
1188 3013 1291 3090 enim
1317 3013 1424 3122 quod
1444 3013 1484 3089 in
1510 3011 1795 3120 recepcionibus

366 3171 434 3221 sna
454 3161 494 3220 et
512 3143 674 3221 aliorum
695 3169 793 3249 quos
810 3143 904 3220 vidit
920 3143 1037 3250 recipi
1058 3171 1135 3222 non
1156 3143 1440 3222 intervenerunt
1454 3171 1525 3221 nec
1539 3144 1707 3251 injuncta
1720 3141 1796 3220 fue·

365 3292 457 3352 runt
476 3272 746 3381 abnegaciones
768 3291 806 3352 et
831 3273 1183 3378 dogmatiaaciones,
1205 3273 1390 3381 vituperia
1418 3275 1556 3361 crucis,
1583 3271 1711 3352 oscula
1739 3273 1796 3349 in-

367 3405 543 3494 honesta,
566 3406 709 3482 crimen
728 3404 1014 3495 sodomiticum,
1036 3433 1107 3483 nec
1124 3403 1220 3482 vidit
1239 3432 1309 3482 nec
1326 3403 1470 3482 audivit
1489 3403 1564 3482 dici
1583 3402 1690 3511 quod
1708 3401 1796 3479 ado-

365 3536 537 3613 raciones
561 3535 632 3612 cati
659 3553 698 3612 et
722 3533 925 3642 ydolorum
948 3533 1085 3612 fierent
1109 3534 1148 3610 in
1172 3533 1325 3626 ordine,
1349 3561 1419 3611 nec
1438 3532 1703 3612 absoluciones
1728 3559 1795 3638 per

356 3665 479 3745 laicos
499 3693 651 3756 eorum,
673 3693 743 3743 nec
759 3665 867 3772 quod
886 3663 1018 3742 fratres
1037 3664 1182 3742 ordinis
1197 3681 1322 3742 essent
1336 3662 1524 3742 increduli
1539 3662 1794 3742 ecclesiasticis

366 3797 626 3888 sacramentis,
650 3796 792 3903 quibus
816 3795 894 3904 ipse
916 3795 1110 3886 credebat,
1132 3823 1204 3874 nec
1222 3795 1329 3903 quod
1353 3823 1486 3873 eorum
1506 3794 1719 3872 sacerdotes
1738 3794 1795 3870 in-

367 3927 495 4006 debite
516 3944 554 4004 et
574 3944 703 4005 contra
723 3925 884 4004 formam
907 3925 1072 4004 Ecclesia
1097 3925 1347 4016 celebrarent,
1370 3953 1440 4004 nec
1459 3926 1564 4032 quod
1584 3923 1657 4002 boc
1676 3925 1795 4030 preci-

365 4075 519 4165 peretur
537 4059 603 4136 eis.
622 4055 802 4134 Jurabant
821 4057 996 4135 ordinem
1016 4085 1094 4134 non
1112 4057 1223 4135 exire.
1244 4057 1378 4135 Statim
1398 4083 1468 4164 pro
1487 4053 1664 4162 professis
1678 4053 1794 4132 babe-

366 4189 513 4266 bantur.
536 4187 781 4266 Clandestiue
811 4186 1099 4293 recipiebantur,
1125 4186 1240 4264 nullis
1263 4185 1502 4294 presentibus
1525 4186 1597 4264 nisi
1617 4183 1795 4264 fratribus

367 4319 523 4400 ordinis.
550 4317 729 4397 Cordulis
754 4317 1002 4426 cingebantur
1034 4318 1074 4394 in
1103 4318 1254 4425 signum
1284 4317 1462 4396 castitatis
1488 4345 1602 4425 super
1625 4316 1794 4394 camisias
1897 4311 1899 4314 ’

366 4475 454 4527 cum
474 4449 615 4557 quibus
627 4449 819 4557 jacebant,
842 4466 880 4526 et
901 4450 998 4555 ipsas
1023 4447 1198 4528 cordulus
1217 4448 1459 4527 assumebant
1477 4446 1582 4526 unde
1601 4447 1791 4525 volebant.

366 4580 582 4688 Requisitus
607 4580 638 4658 si
663 4580 783 4658 credit
807 4578 912 4686 quod
937 4578 1070 4658 fratres
1097 4578 1243 4658 ordinis
1269 4581 1529 4686 reciperentur
1552 4575 1795 4655 uniformiter

365 4711 406 4788 in
422 4710 575 4800 ordine,
590 4709 788 4817 respondit
800 4710 906 4817 quod
925 4727 1011 4788 ante
1032 4709 1251 4818 capcionem
1266 4709 1444 4788 credebat
1457 4708 1566 4817 quod
1585 4733 1719 4785 omnes
1735 4733 1795 4783 re·

366 4842 583 4952 ciperentur
600 4841 841 4924 uniformiter
861 4859 898 4920 et
921 4841 1038 4933 bene,
1065 4841 1276 4921 secundum
1297 4841 1403 4952 quod
1422 4841 1501 4948 ipse
1521 4837 1595 4918 fuit
1612 4854 1787 4944 receptus

1616 4995 1663 5038 12.
