4210 5882
581 519 585 528 ’
697 557 896 652 rnoots
922 577 1018 650 ons
1044 575 1345 653 rennuens,
1657 577 1731 654 tas

241 799 253 820 .
358 721 416 798 Ad
434 720 545 800 lxxvu
561 717 761 798 articulum
777 719 1025 824 respondens,
1048 718 1195 826 negavit
1208 718 1353 798 dictum
1369 717 1567 796 articulum
1590 735 1626 797 et
1646 747 1733 798 con-

299 870 399 930 tenta
419 853 459 930 in
474 881 533 932 eo.

338 984 413 1062 'Ad
426 985 550 1066 lxxvnr
569 983 768 1062 articulum
788 983 1038 1091 respondens,
1056 983 1202 1092 negavit
1219 983 1362 1062 dictum
1376 981 1578 1060 articulum
1595 999 1634 1062 ct
1646 1011 1731 1062 con-

297 1134 398 1194 tenta
414 1119 454 1194 in
469 1145 527 1196 eo.
543 1116 646 1196 Dixit
658 1133 787 1194 tamen
808 1114 929 1222 quod,
950 1115 1102 1223 quando
1121 1113 1255 1192 fratres
1271 1112 1505 1222 recipiuntur
1522 1112 1569 1191 ad
1585 1114 1729 1194 dictum

298 1248 490 1340 ordinem,
512 1247 723 1357 injungitur
742 1246 796 1326 eis
812 1275 955 1325 semare
971 1245 1094 1324 bonos
1113 1274 1240 1325 mores
1256 1263 1293 1324 ct
1305 1247 1426 1325 bonas
1439 1246 1729 1325 consuetudines

297 1378 387 1458 dicti
403 1379 547 1460 ordinis
562 1397 757 1487 presentes
777 1396 815 1458 et
829 1378 990 1468 futuros,
1011 1395 1050 1458 et
1068 1377 1185 1458 malos
1201 1379 1328 1457 vitare.

353 1511 409 1588 Ad
430 1510 528 1590 lxxix
548 1510 748 1590 articulum
768 1509 1018 1617 respondens,
1040 1527 1152 1618 negat
1171 1539 1272 1589 eum.

352 1641 409 1720 Ad
423 1641 507 1720 lxxx
526 1642 723 1722 articulum
744 1642 991 1751 respondens,
1007 1660 1119 1750 negat
1139 1671 1245 1736 eum,
1264 1643 1425 1748 exceptis
1442 1669 1510 1748 por
1529 1669 1616 1720 eum
1636 1671 1727 1748 con-v

295 1772 439 1851 lessatis
454 1801 578 1882 supra.

351 1904 409 1982 Ad
421 1905 518 1983 lxxxx
532 1906 734 1984 articulum
746 1907 999 2014 respondens,
1017 1907 1165 2016 negavit
1178 1935 1266 1984 eum
1283 1924 1321 1984 et
1335 1921 1511 1984 contenta
1525 1906 1563 1981 in
1584 1934 1630 1983 eo
1646 1937 1728 1985 orn-

293 2037 353 2113 nia
374 2055 412 2116 et
426 2037 585 2149 singula,
607 2037 715 2116 salvis
735 2067 811 2117 ase
831 2039 1005 2144 superins
1024 2037 1251 2118 consecratis.

349 2168 408 2246 Ad
435 2169 545 2248 lxxxu
576 2170 775 2248 articulum
797 2171 1051 2277 respondens,
1086 2170 1179 2247 dixit
1207 2197 1277 2246 nec
1299 2197 1338 2246 se
1358 2169 1452 2246 scire
1477 2195 1546 2245 nec
1571 2169 1741 2247 credere·
1781 2263 1787 2277 ι

293 2316 467 2378 contenta
487 2302 526 2378 in
547 2329 610 2388 eo,
631 2301 727 2379 salva
748 2300 973 2380 excellencia
998 2301 1144 2379 domini
1164 2299 1280 2378 nostri
1301 2299 1441 2378 summi
1460 2298 1666 2405 pontilicis,
1688 2317 1725 2378 et

291 2431 503 2510 reverencia
523 2431 679 2510 fratrum
701 2433 794 2541 ejus.

349 2563 406 2642 Ad
426 2565 552 2644 lxxxur
572 2563 770 2643 articulum
792 2563 1040 2671 respondens,
1060 2564 1152 2641 dixit
1171 2591 1210 2640 se
1230 2590 1305 2641 non
1321 2563 1474 2640 credere
1493 2591 1615 2670 neque
1630 2565 1722 2642 scire

291 2695 415 2805 aliqua
436 2698 483 2774 de
514 2698 699 2776 contentis
727 2698 767 2775 in
793 2725 856 2788 eo,
878 2697 974 2775 salva
1000 2695 1220 2775 excellencia
1244 2695 1415 2804 ejusdem
1436 2693 1580 2772 domini
1606 2697 1721 2774 nostri

291 2857 385 2935 pape
406 2846 444 2909 et
458 2829 615 2908 fratrum
631 2830 713 2940 ejus
727 2829 886 2910 honore.
1062 2929 1065 2934 Ι

347 2960 406 3038 Ad
418 2961 557 3052 lxxxnu
567 2959 766 3039 articulum
777 2961 1026 3068 respondens,
1038 2960 1131 3038 dixit
1141 2976 1184 3036 ut
1195 2959 1235 3035 in
1244 2957 1415 3066 proximo
1427 2957 1584 3035 articulo
1597 2987 1720 3067 supra.

347 3088 405 3167 Ad
423 3090 531 3172 lxxxv
548 3091 747 3170 articulum
767 3092 1014 3199 respondens,
1037 3091 1129 3170 dixit
1145 3119 1185 3169 se
1201 3119 1272 3168 nec
1288 3089 1380 3169 scire
1400 3117 1471 3168 nec
1485 3089 1639 3168 credere
1655 3091 1723 3167 ali-

290 3222 449 3330 quidde
470 3224 653 3302 contentis
672 3224 711 3301 in
732 3251 790 3302 eo.
1644 3235 1648 3242 '

346 3354 405 3431 Ad
424 3352 545 3435 lxxxvr
564 3353 762 3434 articulum
782 3356 1030 3463 respondens,
1050 3355 1142 3433 dixit
1158 3354 1261 3464 quod
1283 3356 1362 3462 ipse
1378 3353 1444 3461 qni
1464 3352 1635 3460 loquitur
1650 3353 1722 3430 snit

288 3501 463 3591 receptus
481 3485 520 3562 in
541 3486 655 3564 domo
677 3486 798 3566 Mansi
812 3486 899 3577 Dei,
921 3515 990 3592 per
1009 3484 1159 3564 fratrem
1178 3482 1443 3594 Raymundum
1460 3484 1507 3562 de
1521 3486 1618 3562 Baco
1632 3501 1723 3562 tnnc

288 3635 546 3725 preceptorem
561 3617 730 3727 ejusdem
747 3619 900 3707 domus,
917 3619 956 3696 in
973 3617 1098 3726 vigilia
1116 3617 1254 3696 Natalis
1274 3615 1426 3696 Domini
1447 3617 1614 3724 proxime
1634 3645 1722 3722 pre·

286 3749 394 3826 terita
414 3747 568 3826 fuerunt
588 3777 671 3828 xxix
691 3749 776 3826 anni
800 3748 930 3857 elapsi,
948 3745 1152 3828 astantibus
1167 3765 1203 3827 et
1214 3747 1454 3856 presentibus
1472 3747 1510 3824 in
1530 3747 1609 3853 ipsa
1623 3767 1722 3826 rece-

287 3879 421 3986 pcione
430 3879 605 3959 fratribus
612 3882 722 3961 Petro
734 3882 782 3960 de
792 3881 1115 3989 Camporotnndo,
1125 3881 1145 3958 J
1147 3879 1264 3958 acobo
1275 3877 1405 3969 Olenii,
1419 3877 1720 3957 Arnoldollocha

287 4013 490 4090 camerario
513 4013 611 4091 dicte
636 4013 790 4103 domna,
813 4031 851 4091 et
869 4012 1039 4119 pluribus
1058 4011 1141 4090 aliis
1162 4011 1369 4119 dequibus
1387 4038 1464 4088 non
1489 4009 1717 4098 recordatur,

287 4144 352 4250 qui
369 4145 507 4222 mortui
528 4163 630 4235 sunt,
654 4164 691 4222 et
706 4144 817 4224 fratre
834 4144 1001 4223 Jordano
1022 4161 1059 4223 et
1079 4143 1190 4222 fratre
1211 4143 1377 4222 Arnoldo
1398 4142 1538 4223 Canicii
1554 4159 1591 4220 et
1608 4142 1719 4220 fratre
1798 4187 1803 4198 ·

287 4275 468 4382 symone,
481 4303 582 4353 nunc
594 4275 821 4365 viventibus,
844 4275 988 4354 ordinis
1003 4274 1217 4382 supradicti.
1233 4274 1369 4353 Modus
1385 4292 1509 4352 autern
1530 4301 1596 4352 sue
1617 4301 1720 4351 rece·

286 4405 431 4511 pcionis
443 4423 481 4484 et
493 4407 668 4497 aliorum,
689 4435 784 4514 quos
799 4407 878 4514 ipse
899 4407 992 4484 vidit
1010 4407 1126 4515 recipi
1143 4408 1183 4484 in
1204 4405 1336 4484 cadem
1355 4405 1472 4484 domo
1494 4406 1613 4484 Mansi
1627 4406 1717 4496 Dei,

286 4535 355 4614 suit
363 4537 579 4616 observatus
591 4567 659 4645 per
671 4555 883 4645 receptores
893 4566 962 4646 per
971 4537 1129 4616 modurn
1144 4537 1209 4644 qui
1220 4536 1401 4644 sequitur.
1419 4534 1604 4617 Videlicet
1613 4536 1718 4645 quod
1743 4541 1752 4558 ⁰

284 4685 457 4774 tempore
477 4698 554 4778 quo
575 4671 654 4775 ipse
674 4670 739 4777 qui
759 4669 929 4778 loquitur
947 4669 1019 4748 suit
1037 4686 1211 4778 receptus
1231 4668 1270 4746 in
1291 4667 1444 4745 fratrem
1465 4666 1553 4744 dicti
1575 4666 1718 4745 ordinis

284 4800 386 4908 apud
405 4801 563 4879 domum
585 4801 704 4880 Mansi
723 4801 814 4894 Dei,
836 4802 949 4879 irater
964 4781 1207 4909 Rayrnundus
1227 4800 1274 4879 de
1294 4801 1390 4880 Baco
1410 4816 1607 4906 preceptor
1625 4814 1716 4875 tunc
1840 4835 1844 4846 ·

286 4932 385 5011 dicte
400 4932 536 5011 domus
550 4934 698 5012 intravit
709 4933 903 5012 ecclesiam
918 4961 986 5012 seu
999 4931 1178 5040 capellam
1195 4930 1293 5010 dicte
1314 4932 1467 5020 domus,
1486 4958 1573 5016 curn
1583 4930 1716 5008 ceteris

373 5089 480 5152 raonis
497 5111 552 5152 nes
567 5111 741 5176 reuertens.
753 5127 794 5138 -
806 5112 837 5152 n.
1527 5089 1566 5148 55
