4242 5890
772 543 972 640 Procas
1000 567 1097 642 nus
1123 566 1423 642 annectens.
1739 569 1813 644 ana

380 707 497 788 habat
510 705 782 786 conscienciam
802 707 1075 817 scrupulosam,
1092 712 1195 790 misit
1215 708 1420 818 quemdam
1439 726 1618 818 nepotem
1637 737 1747 788 suum
1768 709 1815 788 ud

382 840 524 920 curiam
550 841 755 918 Romanam
784 867 883 920 anno
908 870 985 949 quo
1009 839 1081 920 luit
1104 840 1345 951 indulgencia
1367 840 1569 948 generalis,
1597 858 1634 920 et
1662 841 1814 920 tradidit

382 971 454 1050 sihi
473 970 615 1050 lactum
634 999 747 1051 suum
768 970 806 1048 in
825 971 988 1080 scriptis,
1004 991 1049 1051 ut
1062 971 1200 1053 faceret
1216 1001 1305 1052 eum
1324 971 1482 1062 absolvi,
1503 972 1569 1080 qui
1588 998 1707 1076 nepos
1726 999 1816 1050 suus
1877 965 1882 976 ⁸

299 1084 303 1094 ¹
381 1101 453 1183 fuit
476 1119 649 1182 mortuus
663 1103 705 1182 iu
724 1101 788 1180 illa
808 1102 866 1181 via
885 1103 926 1182 in
945 1105 1163 1195 redeundo,
1182 1123 1221 1184 et
1237 1104 1357 1183 nescit
1375 1104 1407 1182 si
1432 1103 1644 1211 impetravit
1667 1103 1817 1182 absolu·

382 1234 529 1314 cionem
553 1261 660 1312 suam
684 1233 903 1341 predictam.
932 1235 1151 1342 Requisitus
1173 1236 1519 1344 per‘juramentum
1546 1263 1660 1314 suum
1688 1251 1816 1312 utrum

381 1367 433 1457 vi,
447 1384 511 1445 aut
524 1382 917 1445 metutormentorum
928 1383 992 1444 aut
1003 1367 1353 1474 carceris,aliquam
1364 1365 1562 1444 salsitatem
1574 1365 1818 1455 (lixisset',aut

381 1497 576 1577 veritatem
592 1497 770 1576 tacuisset
782 1499 828 1574 in
852 1523 926 1574 sua,
941 1495 1201 1605 deposicione,
1228 1497 1321 1576 dixit
1344 1523 1412 1605 per
1425 1497 1683 1604 juramentum
1704 1526 1815 1576 suum

381 1628 487 1737 quod
505 1657 601 1720 non,
617 1629 735 1710 immo
748 1658 883 1736 puram
901 1657 971 1735 pro
990 1628 1108 1708 salute
1128 1629 1251 1708 anime
1270 1656 1337 1708 sue
1355 1628 1499 1708 dixerat
1513 1627 1716 1708 veritatem.

439 1896 532 1972 ltem
557 1923 672 1984 anno,
697 1895 902 1989 indicione,
928 1923 1074 1985 mense,
1102 1895 1181 1986 die,
1209 1894 1429 2003 pontificatu
1448 1911 1487 1973 et
1510 1894 1815 2016 loco-predictis,

383 2026 423 2103 io
442 2024 532 2104 dicti
550 2026 802 2135 inquisitoris,
824 2045 996 2106 nostrum
1014 2027 1250 2106 notariorum
1269 2045 1308 2107 et
1325 2027 1646 2133 infrascriptomm
1664 2027 1817 2106 testium

382 2157 574 2264 presencia
598 2157 846 2266 personaliter
871 2159 1094 2237 constitutus
1120 2158 1235 2237 frater
1258 2159 1391 2238 Petrus
1420 2161 1573 2238 Brocart
1601 2158 1818 2238 Parisiensis
1937 2257 1945 2264 .

385 2285 561 2382 diocesis,
576 2288 737 2396 agricola
750 2288 849 2368 dicte
863 2287 1000 2368 domus
1012 2289 1163 2398 Templi
1174 2287 1408 2378 Parisiensis‚
1424 2287 1530 2366 etatis
1545 2287 1818 2396 quinquaginta

384 2447 570 2498 auuorum
589 2418 647 2498 rel
671 2421 784 2510 circa,
810 2437 854 2499 ut
872 2419 1035 2512 dicebat,
1056 2421 1164 2500 testis
1182 2420 1318 2500 eodem
1338 2419 1454 2498 modo
1469 2418 1619 2526 juratus
1643 2417 1690 2496 de
1713 2447 1753 2498 se
1781 2436 1819 2496 et

385 2547 433 2628 de
453 2549 534 2628 aliis
554 2549 595 2629 iu
619 2579 728 2630 causa
751 2549 841 2628 fidei
865 2551 991 2632 dicere
1012 2552 1222 2642 veritatem,
1248 2568 1286 2630 et
1307 2553 1559 2660 iuterrogatus
1579 2548 1628 2628 de
1646 2567 1818 2657 ternpore

385 2697 423 2759 et
442 2679 559 2760 modo
577 2709 645 2760 sue
665 2681 910 2788 recepcioais,
933 2683 1026 2761 dixit
1043 2711 1113 2790 per
1125 2683 1383 2791 juramentum
1403 2709 1516 2762 suum
1535 2682 1642 2789 quod
1659 2680 1820 2788 quinde-

385 2813 457 2890 cim
477 2811 565 2890 auni
585 2813 644 2892 vel
665 2813 760 2892 circa
782 2830 874 2894 suot
893 2813 1008 2920 elapsi
1028 2814 1135 2922 quod
1161 2813 1235 2892 luit
1258 2831 1433 2923 receptus
1451 2813 1492 2892 in
1512 2811 1628 2893 domo
1650 2813 1697 2892 de
1718 2811 1818 2892 Malo

384 2945 561 3052 Repertu,
583 2972 654 3052 per
670 2943 824 3024 fratrem
842 2945 1053 3024 iohannem
1074 2944 1123 3024 de
1149 2945 1323 3025 Oratorio
1347 2959 1609 3054 preceptorem
1628 2943 1727 3021 dicte
1749 2943 1819 3022 do-

384 3105 469 3156 mus
482 3075 531 3154 de
543 3075 644 3156 Malo
659 3077 839 3184 Repastu,
862 3075 1101 3184 presentibus
1119 3077 1232 3156 fratre
1247 3077 1382 3157 Odone
1401 3076 1450 3156 de
1461 3074 1625 3166 Coulon,
1643 3075 1818 3184 magistro

384 3208 558 3316 bergerio
574 3207 683 3287 dicte·
697 3206 851 3301 domus,
871 3225 909 3286 et
928 3209 1156 3316 quibusdam
1171 3208 1254 3288 aliis
1268 3209 1428 3288 mortuis
1448 3235 1566 3298 nunc,
1588 3207 1637 3286 de
1654 3235 1818 3315 quorum

385 3339 600 3418 nominibus
618 3367 697 3419 non
716 3339 946 3420 recordatur.
963 3341 1067 3420 Dixit
1081 3341 1198 3420 eciam
1219 3370 1288 3448 per
1300 3341 1559 3449 juramentum
1574 3367 1686 3418 suum
1701 3340 1818 3448 quod,

386 3487 554 3580 aportato
572 3469 688 3561 libro,
715 3470 836 3548 dictus
860 3471 1047 3578 recipiens
1071 3471 1161 3550 fecit
1180 3500 1269 3550 eum
1282 3472 1412 3580 jurare
1431 3498 1576 3550 servare
1597 3488 1731 3550 statuta
1758 3501 1820 3548 or-

386 3601 503 3690 dinis,
529 3619 569 3680 et
586 3602 706 3710 quod,
731 3603 805 3682 hoc
821 3601 936 3694 facto,
960 3603 1084 3682 dictus
1103 3603 1287 3711 recipiens
1306 3601 1395 3682 lecit
1413 3602 1485 3681 sibi
1506 3602 1666 3708 aportari
1686 3631 1820 3709 quarn-

387 3733 472 3811 dam
495 3761 661 3824 crucem,
684 3732 830 3812 etfacit
852 3733 976 3841 ipsum
1000 3733 1155 3814 fratrem
1181 3736 1333 3814 Petrum
1359 3761 1494 3841 spuere
1518 3751 1575 3811 ter
1599 3761 1711 3840 supra
1737 3761 1820 3812 earn

386 3864 426 3941 in
441 3863 622 3972 despectu
637 3865 756 3973 ipsius
776 3865 907 3944 crucis.
926 3867 1179 3975 Interrogatus
1198 3866 1246 3944 de
1267 3865 1414 3955 osculo,
1432 3865 1524 3942 dixit
1543 3891 1611 3972 per
1625 3864 1821 3972 juramen-

386 4009 469 4072 tum
489 4021 603 4072 suum
623 3994 728 4101 quod
747 3994 850 4074 idern
872 3996 1058 4102 recipiens
1073 3995 1163 4074 lecit
1180 3994 1341 4074 osculari
1361 4023 1401 4074 se
1422 3993 1469 4072 ab
1490 4022 1537 4074 eo
1557 3995 1596 4072 in
1616 3992 1692 4072 fine
1713 3995 1820 4103 spine

389 4122 489 4210 dorsi
504 4141 542 4202 et
553 4142 683 4231 postea
700 4126 741 4203 in
757 4125 956 4219 umbilico,
974 4143 1013 4204 et
1030 4126 1199 4234 precepit
1211 4127 1246 4204 ei
1262 4125 1415 4234 quodsi
1435 4124 1571 4232 aliquis
1582 4123 1629 4206 de
1644 4123 1822 4204 iratribus

389 4255 477 4334 dicti
501 4255 646 4334 ordinis
665 4255 779 4336 vellet
796 4285 836 4335 se
856 4286 943 4336 cum
964 4285 1010 4336 eo
1028 4257 1224 4336 carnaliter
1244 4256 1504 4347 commiscere,
1522 4255 1628 4364 quod
1645 4257 1718 4336 hoc
1737 4287 1822 4364 per·

388 4387 574 4478 mitteret,
596 4405 635 4466 et
652 4389 727 4467 hoc
747 4389 849 4466 idern
868 4387 1008 4468 iaceret
1026 4419 1112 4468 cum
1128 4389 1227 4483 aliis,
1244 4391 1274 4468 si
1297 4388 1421 4470 vellet.

444 4519 1001 4628 Requisitusperjuramentum
1018 4551 1130 4602 suum
1144 4539 1273 4602 utrum
1288 4524 1340 4616 vi,
1354 4522 1413 4602 vel
1426 4540 1530 4603 metu
1542 4539 1821 4605 tonnentorum

389 4649 447 4729 vel
461 4651 634 4741 carceris,
652 4668 717 4731 aut
732 4649 857 4759 aliqua
872 4652 944 4732 alia
954 4653 1002 4732 de
1017 4681 1143 4744 causa,
1155 4650 1353 4732 salsitatem
1370 4653 1540 4744 dixisset,
1552 4671 1618 4734 aut
1631 4655 1822 4734 veritatem

389 4783 566 4862 tacuisset
583 4781 623 4860 in
645 4782 886 4890 deposicione
906 4813 990 4878 sua,
1008 4784 1101 4864 dixit
1116 4813 1186 4893 per
1194 4783 1455 4893 juramentum
1470 4815 1583 4865 suum
1602 4784 1708 4894 quod
1726 4813 1821 4878 non,

390 4911 507 4992 immo
521 4941 664 4994 meram
679 4933 716 4994 et
735 4916 920 5024 integram
936 4945 1005 5025 pro
1024 4917 1145 4998 salute
1160 4917 1284 4996 anuue
1304 4947 1370 4998 sue
1388 4918 1529 5000 dixerat
1544 4917 1749 4996 veritatem.
