4202 5876
706 483 905 572 Paocts
930 499 1026 571 Dtts
1055 497 1353 574 TEMPLIERS.
1669 499 1762 574 tta·

319 665 398 727 eos,
417 654 455 713 et
464 637 533 743 ipsi
546 639 625 744 pari
640 640 753 717 modo
765 639 909 746 aliquos
922 639 970 716 de
986 640 1190 720 astantibus
1203 639 1450 718 confratribus
1467 639 1635 747 ejusdem
1648 639 1745 718 ordi·
1766 661 1768 668 ·

317 770 376 846 nis
395 767 548 846 fuerunt
566 769 721 849 osculati
741 771 778 847 in
799 797 863 849 ore
883 787 1046 860 tantum,
1064 771 1219 850 exclusis
1239 790 1277 849 et
1290 771 1444 880 abjectis
1459 769 1540 848 aliis
1553 770 1745 848 deoscula-

208 909 212 918 '
317 899 484 977 tionibus
498 899 668 978 nefandis
686 902 732 979 de
753 903 890 1010 quibus
905 902 1025 1010 agitur
1039 903 1078 978 in
1099 902 1263 980 articulis
1283 901 1515 1008 supradictis.
1536 901 1692 1010 Reliqua
1706 903 1745 978 in

321 1030 430 1109 dictis
449 1031 614 1110 articulis
634 1049 806 1144 contenta
825 1049 862 1111 et
882 1061 1016 1116 eorum
1038 1033 1182 1139 singula
1202 1061 1279 1111 non
1306 1032 1482 1121 credidit,
1513 1033 1579 1109 sed
1599 1033 1747 1138 negavit

319 1163 466 1267 penitus
485 1191 566 1240 esse
585 1189 681 1242 vera.

377 1292 435 1370 td
454 1319 742 1371 xxxrur--xxxrx
761 1293 935 1372 articulos
948 1296 1140 1385 inclusive,
1159 1297 1359 1406 diligenter
1374 1312 1410 1372 et
1428 1293 1614 1402 sigillatim
1631 1295 1747 1370 inter-

321 1440 486 1531 rogatus,
510 1425 601 1502 dixit
618 1443 654 1502 et
669 1425 830 1504 credidit
849 1425 953 1532 quod
971 1453 1040 1531 per
1055 1415 1326 1504 sacramentum
1347 1425 1555 1534 injungitur
1573 1424 1641 1513 eis,
1664 1439 1749 1530 post

322 1556 580 1661 recepeionem
603 1555 736 1634 factam
757 1557 804 1632 de
824 1583 863 1633 se
884 1557 990 1662 ipsis,
1015 1561 1153 1635 utnon
1177 1557 1390 1665 relinquant
1413 1571 1626 1661 susceptum
1647 1554 1750 1632 ordi-

322 1713 408 1762 nem
429 1713 499 1792 pro
518 1687 650 1794 majori
673 1685 731 1764 vel
758 1687 934 1764 debiliori
963 1686 1114 1776 ordine,
1143 1687 1211 1764 nisi
1237 1685 1332 1765 illud
1358 1687 1523 1763 facerent
1548 1685 1749 1791 superioris

324 1845 455 1896 eorum
474 1818 590 1923 petita
609 1817 762 1896 licencia
778 1833 817 1894 et
835 1818 1001 1906 obtenta,
1026 1835 1062 1896 et
1082 1819 1186 1925 quod
1204 1821 1326 1896 statim
1347 1845 1390 1895 ex
1409 1843 1485 1924 quo
1505 1816 1644 1921 recepti
1665 1832 1749 1891 sunt

322 1949 452 2026 fratres
471 1949 519 2026 ad
538 1947 692 2026 dietum‘
704 1948 891 2038 ordinem,
916 1965 1004 2026 sunt
1026 1949 1183 2055 professi
1206 1964 1243 2025 et
1265 1975 1334 2054 pro
1353 1945 1530 2054 professis
1552 1945 1748 2023 habentur.

323 2081 380 2156 Ad
391 2079 430 2156 id
445 2095 571 2156 autem
587 2079 692 2185 quod
706 2079 753 2154 de
768 2079 1224 2185 clandestinareeepcione
1235 2079 1392 2155 fratrum
1403 2077 1523 2184 agitur
1537 2077 1576 2153 in
1586 2077 1751 2154 articulis

324 2209 530 2316 prelibatis,
552 2208 642 2286 dixit
658 2209 762 2316 quod
781 2210 911 2287 fratres
924 2211 989 2316 qni
1004 2211 1237 2316 recipiuntur
1253 2209 1299 2286 de
1316 2237 1411 2285 novo
1430 2207 1468 2283 in
1483 2205 1650 2313 capitulis
1663 2205 1750 2282 dieti

325 2340 483 2430 ordinis,
513 2367 588 2446 que
609 2339 706 2416 liunt
725 2363 768 2417 et
789 2367 893 2419 more
914 2341 1011 2418 sicut
1030 2341 1146 2418 saneti
1167 2356 1290 2448 patres
1314 2339 1379 2445 qui
1406 2338 1549 2415 dictum
1578 2337 1751 2414 ordinem

326 2472 562 2560 invenerunt,
586 2487 623 2546 et
642 2471 721 2576 ipsa
746 2472 906 2578 capitula
929 2471 967 2548 in
993 2471 1141 2577 capellis
1164 2471 1282 2577 'ipsius
1303 2469 1446 2547 ordinis
1466 2467 1562 2547 etin
1586 2467 1752 2544 ecclesiis

326 2599 408 2677 fieri
434 2617 659 2690 statuerunt,
692 2601 850 2678 exclusis
875 2599 1107 2708 quibuslibet
1134 2601 1217 2678 aliis
1240 2616 1366 2706 preter
1384 2597 1586 2678 confratres
1611 2598 1753 2674 ordinis

327 2732 541 2836 supradicti.
557 2731 714 2838 Reliqua
734 2733 773 2807 in
793 2731 902 2808 dictis
920 2733 1085 2809 articulis
1108 2731 1315 2809 secundum
1335 2731 1460 2807 Deum
1480 2729 1614 2836 atejus
1636 2729 1753 2806 bene-

326 2861 502 2966 placitum
519 2877 623 2968 putat
638 2861 739 2952 fieri,
760 2879 796 2939 et
816 2863 869 2939 sie
888 2859 1018 2940 credit.

383 2991 442 3067 Ad
462 2992 613 3068 xl-xlv
628 2991 801 3069 articulos
814 2991 1004 3080 incltisive,
1022 2992 1224 3098 diligenter
1237 3007 1275 3068 et
1287 2990 1475 3098 sigillatim
1489 2989 1750 3095 interrogatus,

328 3121 474 3228 negavit
493 3123 592 3227 ipsos
607 3122 781 3200 articulos
801 3139 839 3200 et
852 3125 978 3202 omnia
994 3139 1030 3199 et
1050 3123 1193 3228 singula
1212 3138 1387 3199 contenta
1407 3123 1447 3198 in
1467 3119 1541 3198 illis
1557 3147 1641 3198 vera
1654 3144 1751 3210 esse,

330 3279 398 3328 nec
417 3253 607 3330 veritatem
627 3253 665 3328 in
684 3269 824 3360 puncto
845 3254 1051 3343 continent,
1074 3255 1171 3330 sicut
1190 3253 1318 3330 credit.

386 3382 444 3459 Ad
459 3383 688 3462 xlvr-lxruu
709 3383 882 3462 muctdos
897 3383 1092 3471 inclusive,
1116 3383 1316 3490 diligenter
1336 3399 1373 3460 et
1393 3381 1578 3488 sigillatim
1598 3381 1756 3458 interro-

329 3528 451 3618 gatus,
467 3514 662 3618 respondit
672 3540 711 3590 se
726 3515 819 3590 seire
836 3515 955 3620 quod,
977 3531 1172 3622 postquam
1187 3514 1266 3619 ipse
1278 3513 1348 3590 fuit
1362 3528 1534 3619 receptus
1549 3510 1596 3587 ad
1613 3510 1755 3587 dictum

332 3641 518 3729 ordinem,
541 3644 589 3719 de
609 3644 785 3721 mandato
801 3645 919 3750 ipsius
937 3645 1166 3750 preceptoris
1186 3645 1251 3750 qui
1273 3671 1359 3721 eum
1380 3659 1569 3749 receperat
1585 3642 1633 3718 ad
1653 3639 1757 3717 ordi·-

331 3801 416 3848 nem
427 3773 594 3876 Templi,
614 3775 902 3880 emitquandam
914 3774 1107 3852 cordulam
1122 3775 1258 3852 lineam
1272 3775 1373 3880 apud
1385 3773 1664 3880 Perpinianum‚
1682 3797 1757 3848 non

333 3917 431 3978 certe
448 3901 690 4008 longitudinis
709 3902 768 3980 vel
787 3903 1063 4011 grossitudinis,
1089 3904 1156 3980 sed
1175 3904 1271 3980 sicut
1292 3903 1363 3981 sibi
1386 3903 1542 4011 placuit3
1563 3931 1690 4010 quam,
1714 3931 1758 3978 ex

332 4048 508 4138 precepto
530 4033 619 4109 dicti
639 4033 854 4140 recipientis
872 4035 1014 4112 eumin
1034 4035 1203 4124 fratrem,
1225 4061 1372 4141 semper
1393 4035 1454 4111 die
1474 4049 1659 4139 nocteque
1680 4033 1758 4109 ein-

301 4193 304 4202 ·
333 4188 420 4267 gere
433 4161 564 4240 debuit
579 4181 617 4240 et
627 4181 774 4270 portare
789 4165 885 4242 circa
899 4164 1047 4243 lombos
1063 4181 1100 4242 et
1115 4193 1224 4293 ΨΜ
1240 4165 1441 4256 camisiam,
1462 4165 1501 4243 in
1516 4164 1664 4272 signum
1677 4190 1759 4270 pro·

334 4292 445 4369 misse
465 4293 638 4370 castitatis
657 4309 840 4400 perpetuo
866 4295 1133 4387 conservande;
1157 4296 1388 4403 quaquidem
1414 4291 1567 4374 cordula
1591 4323 1635 4371 ex
1655 4311 1759 4374 vetu-

335 4437 427 4500 state
446 4424 503 4500 vel
524 4423 632 4502 aliter
650 4443 773 4531 rupta,
794 4426 919 4532 potuit
938 4427 1048 4503 aliam
1071 4426 1239 4532 ejusdem
1267 4425 1323 4502 vel
1343 4426 1495 4504 alterius
1515 4423 1759 4532 longitudinis

336 4579 462 4632 emere
486 4553 545 4632 vel
565 4556 672 4633 aliter
690 4585 732 4632 ex
749 4557 849 4635 dono
874 4557 1038 4664 recipere
1060 4573 1096 4634 et
1115 4555 1277 4662 portare,
1298 4557 1380 4635 Non
1402 4573 1529 4634 tamen
1555 4583 1640 4633 cum
1661 4551 1758 4630 dicta

252 4716 256 4724 ’
335 4683 489 4762 cordula
506 4684 637 4764 debuit
649 4687 805 4794 ydolum
817 4685 876 4764 vel
894 4689 1013 4795 capud
1029 4685 1183 4796 aliquod
1199 4688 1348 4796 cingere
1363 4687 1421 4765 vel
1435 4705 1601 4795 tangere,
1613 4712 1682 4762 nec
1697 4684 1760 4760 ali-

336 4841 407 4918 qua
422 4815 578 4892 nefanda
592 4818 712 4894 lacere
729 4818 776 4895 de
793 4819 931 4924 quibus
949 4818 1068 4927 agitur
1086 4819 1123 4893 in
1142 4818 1305 4896 articulis
1316 4817 1553 4924 supradietis,
1570 4815 1759 4920 sicutipse

1526 4965 1574 5026 60.
