4242 5890
682 539 878 632 rnocts
903 533 999 630 nes
1025 557 1346 654 rnurtmas
1644 556 1717 632 sto

290 716 349 776 tre
373 699 482 776 Petro
508 696 655 776 Mutine
680 715 718 774 et
741 698 853 776 fratre
877 697 1016 776 Jacobo
1039 699 1208 778 Bononie
1240 716 1331 776 tunc
1358 697 1655 804 preceptoribus,
1681 715 1720 776 et

292 830 374 908 aliis
395 830 442 908 de
461 857 627 938 quorum
645 828 863 908 nominibus
881 854 959 907 non
979 829 1122 908 recolit.

349 962 431 1038 Jam
450 960 542 1038 dixit
558 987 627 1068 per
641 961 897 1070 juramentum
922 988 1034 1038 suum
1055 961 1175 1068 quod,
1196 989 1244 1038 eo
1263 979 1432 1067 recepto,
1455 977 1493 1039 et
1514 977 1601 1066 post
1615 962 1720 1069 jum-

294 1091 521 1170 mentumeb
541 1119 587 1170 co
601 1092 799 1198 prestitum
814 1091 863 1168 de
878 1091 1023 1170 statutis
1039 1109 1077 1168 et
1092 1092 1243 1170 secretis
1255 1091 1650 1173 ordinis‘observandis
1663 1154 1672 1182 ‚
1685 1111 1721 1170 et

295 1241 380 1330 post
396 1221 616 1302 mantellum
632 1222 703 1301 sibi
717 1223 884 1329 positum
899 1222 948 1299 ad
962 1221 1119 1311 collum,
1140 1223 1327 1329 recipiens
1340 1223 1451 1300 traxit
1470 1249 1556 1302 eum
1576 1224 1625 1302 ad
1637 1252 1722 1331 par-

295 1371 388 1446 tem,
411 1371 448 1431 ct
472 1352 637 1432 ostendit
660 1353 731 1430 sibi
756 1352 958 1460 quamdam
975 1381 1124 1430 crucem
1143 1353 1305 1460 ligneam
1330 1383 1417 1432 cum
1441 1354 1614 1462 ymagine
1637 1384 1722 1432 cru-

297 1483 412 1571 cifixi,
435 1502 473 1562 et
491 1485 659 1590 precepit
678 1483 749 1561 sibi
766 1483 873 1590 quod
888 1482 1088 1591 abnegaret
1108 1513 1196 1562 eum
1216 1484 1320 1591 cujus
1338 1511 1471 1592 ymago
1491 1484 1661 1573 erat-ibi,
1685 1504 1722 1563 et

295 1632 354 1693 ter
373 1632 524 1721 spueret
542 1643 653 1722 supra
677 1643 842 1706 crucexm
864 1642 939 1721 quc
963 1613 1053 1692 lecit
1074 1614 1179 1694 idem
1197 1614 1311 1694 frater
1329 1617 1470 1694 Petrus.

351 1749 445 1825 Item
462 1746 553 1823 dixit
565 1773 635 1852 per
647 1747 906 1852 juramentum
918 1746 1024 1852 quod
1041 1747 1226 1851 recipiens
1246 1745 1338 1824 dixit
1352 1745 1423 1824 sibi
1439 1746 1544 1852 quod
1559 1748 1590 1826 si
1605 1764 1722 1852 temp·

295 1877 386 1954 tatio
405 1877 525 1956 carnis
543 1876 755 1954 stimularet
771 1905 875 1969 eum,
897 1876 1002 1982 quod
1022 1877 1101 1984 ipsc
1125 1876 1233 1954 bene.
1247 1895 1394 1983 poterat
1415 1906 1453 1954 se
1479 1879 1721 1956 commiscere

256 2023 263 2034 “
297 2035 384 2084 curn
403 2006 580 2085 fratribus
599 2007 742 2085 ordinis
759 2007 835 2098 sui,
858 2007 984 2114 stipsi
1005 2035 1133 2084 secum
1153 2007 1233 2086 sine
1248 2025 1412 2114 peccato.
1435 2009 1511 2085 Sed
1531 2007 1609 2114 ipae
1628 2037 1724 2086 nun·

297 2165 408 2242 quam
430 2137 590 2215 credidit
606 2165 676 2214 nec
688 2136 826 2230 credit,
847 2153 890 2214 ut
916 2136 1022 2225 dixit,
1039 2136 1132 2243 quin
1153 2138 1225 2215 boc
1242 2140 1291 2216 sit
1310 2155 1506 2244 peccatum
1520 2137 1721 2229 horribile,

298 2283 333 2342 ct
356 2267 448 2344 dixit
465 2266 570 2374 quod
585 2295 778 2374 nunquam
793 2267 981 2345 commisit
999 2266 1098 2344 illud
1113 2285 1320 2375 peccatum.

351 2399 447 2474 Item
462 2396 648 2475 osculatus
666 2396 738 2474 fuit
752 2397 996 2504 recipientem
1016 2399 1056 2475 in
1073 2425 1156 2488 ore,
1176 2399 1215 2476 in
1233 2398 1415 2476 umbilico
1436 2417 1473 2476 et
1487 2401 1526 2476 in
1540 2399 1603 2476 vili
1621 2419 1722 2505 purte

296 2525 476 2606 inferiori.
836 2531 839 2539 ’

352 2659 445 2735 Item
466 2656 559 2735 dixit
576 2659 682 2764 quod
700 2657 794 2735 vidit
807 2657 961 2737 fratrem
975 2658 1168 2737 Artusium
1188 2661 1350 2738 militem
1371 2686 1515 2749 secum,
1539 2679 1576 2743 et
1595 2680 1723 2766 postea

295 2786 423 2893 plures
441 2788 533 2866 alios
552 2786 682 2867 fratres
699 2789 787 2866 dicti
809 2788 952 2867 ordinis
971 2819 1040 2896 per
1059 2791 1165 2869 illum
1184 2792 1362 2870 eumdem
1383 2791 1542 2870 modum
1558 2791 1672 2898 recipi
1684 2795 1723 2868 in

297 2918 429 2996 ordine
450 2918 632 3027 predicto.

352 3051 443 3126 Item
465 3047 558 3126 dixit
575 3077 643 3154 per
659 3033 917 3155 juramentum
938 3077 1048 3128 suum
1067 3052 1172 3158 quod
1186 3052 1238 3139 vi,
1255 3053 1313 3130 vel
1327 3070 1431 3130 metu
1449 3069 1723 3132 tormentorum

296 3179 355 3255 vel
373 3179 462 3256 alias
481 3207 559 3257 non
574 3178 667 3255 dixit
683 3178 787 3256 aliud
804 3207 917 3285 quam
931 3181 1141 3270 veritatem,
1164 3211 1236 3260 nec
1255 3184 1294 3258 in
1311 3183 1503 3290 premissis
1521 3184 1725 3262 immiscuit

297 3309 458 3416 aliquam
473 3308 689 3400 falsitatem,
711 3310 779 3387 sed
799 3337 940 3388 meram
954 3312 1148 3390 veritatem
1171 3312 1264 3388 dixit
1277 3341 1346 3417 pro
1367 3313 1486 3392 salute
1506 3313 1627 3390 anime
1643 3341 1722 3391 sue.

354 3576 449 3650 Item
462 3573 826 3651 fraterlohannesde
840 3575 975 3653 Sancto
994 3575 1155 3652 Remino
1177 3575 1455 3654 Suessionensis
1466 3577 1639 3664 diocesis,
1650 3605 1726 3654 mo·

298 3732 382 3781 rans
398 3732 484 3780 cum
497 3721 719 3811 preceptore
733 3705 952 3792 Pictarcnsi‚
971 3705 1077 3784 etatis
1092 3730 1178 3783 xxvi
1193 3733 1376 3783 annorum
1389 3707 1445 3784 vel
1461 3707 1571 3796 circa,
1589 3708 1724 3784 eodem

298 3833 413 3912 modo
434 3835 673 3927 constitutus,
690 3835 836 3943 juratus
856 3853 893 3912 et
911 3837 1131 3943 requisitus,
1151 3835 1244 3912 dixit
1261 3865 1330 3943 per
1345 3837 1601 3945 juramentum
1616 3867 1725 3918 suum

299 3965 403 4070 quod
421 3966 520 4043 bene
540 3983 627 4042 sunt
648 3966 816 4072 quinque
845 3967 932 4044 anni
954 3967 1012 4044 vel
1033 3967 1129 4044 circa
1150 3967 1261 4074 elapsi
1282 3970 1387 4074 quod
1406 3968 1479 4046 fuit
1495 3985 1668 4076 receptus
1687 3972 1726 4044 in

299 4094 411 4172 domo
432 4094 479 4173 dc
499 4095 637 4175 Rochis
669 4097 774 4205 juxta
800 4098 1060 4204 Lexigniacum
1091 4099 1312 4188 Pictavensis
1343 4099 1520 4190 diocesis,
1554 4127 1622 4207 per
1655 4099 1726 4176 fra·

296 4242 393 4302 trem
408 4227 633 4306 Bnlduinum
648 4229 696 4305 dc
714 4227 819 4306 Chiri
841 4229 1018 4318 militem,
1038 4247 1299 4335 preceptorem
1314 4229 1411 4308 dicte
1430 4231 1566 4308 domus
1585 4232 1634 4308 de
1655 4233 1726 4310 Rc.

297 4355 391 4448 obis,
415 4359 654 4462 presentibus
673 4356 785 4434 fratrc
815 4357 1032 4437 Audebcrto
1055 4360 1102 4437 de
1123 4360 1231 4436 Porta
1252 4379 1289 4437 et
1315 4361 1491 4439 fratribus
1515 4362 1666 4440 Matheo
1689 4380 1726 4440 et

296 4487 467 4573 Jobannc
482 4489 608 4578 sociis,
630 4491 670 4565 in
690 4487 788 4566 dicta
805 4489 937 4577 domo,
958 4517 1029 4568 nec
1045 4489 1216 4595 pluribus
1232 4492 1504 4597 quodrecolat.

353 4619 447 4694 ltem
468 4619 560 4696 dixit
588 4647 657 4726 per
671 4619 931 4724 juramentum
956 4647 1067 4698 suum
1097 4619 1222 4727 quod,
1253 4647 1299 4698 eo
1329 4640 1496 4728 recepto,
1512 4625 1726 4732 juramento

298 4749 455 4852 prestito
486 4748 532 4826 ab
558 4749 695 4827 eodem
720 4749 767 4826 de
797 4750 941 4828 statutis
973 4767 1011 4828 et
1046 4751 1197 4828 secretis
1225 4752 1368 4832 ordinis
1398 4753 1659 4840 observandis,
1691 4773 1729 4832 et

298 4877 479 4956 mantello
503 4880 575 4958 sibi
597 4881 644 4956 ad
665 4877 800 4958 collum
826 4879 967 4985 posito,
989 4880 1172 4984 recipiens
1190 4883 1299 4960 traxit
1329 4912 1416 4960 eum
1437 4884 1487 4962 ad
1504 4903 1667 4990 partem,
1690 4903 1749 4962 et=
