4208 5886
666 549 863 641 eneces
895 567 992 640 oss
1022 567 1328 642 TEMPtlstts.
1632 575 1703 646 251

286 711 356 790 sibi
381 709 626 800 mantellum,
651 709 787 814 etipse
812 725 851 786 et
869 737 1001 786 omnes
1021 727 1182 788 astantes
1202 709 1358 788 suerunt
1381 739 1469 788 eum
1493 712 1647 790 osculati
1667 715 1707 790 in

286 869 362 921 ore.
381 844 556 946 Postque
573 839 695 918 dictus
709 855 882 945 receptor
898 840 1065 946 precepit
1078 841 1112 916 ei
1127 841 1231 947 quod
1247 839 1451 948 abnegaret
1461 843 1604 930 Deum,
1620 843 1709 949 quia

286 974 358 1050 hoc
378 989 457 1050 erat
471 973 519 1049 de
538 969 723 1077 preceptis
741 969 900 1058 ordinis,
924 987 962 1048 et
978 969 1057 1074 ipse
1072 970 1195 1057 testis,
1216 970 1282 1078 qui
1303 968 1467 1048 babebat
1485 971 1708 1049 mantellum

286 1119 324 1180 et
347 1129 425 1181 non
445 1117 594 1206 poterat
605 1099 860 1194 retrocedere,
878 1100 1074 1207 abnegavit
1092 1103 1219 1180 Deum
1237 1129 1318 1192 ore,
1338 1129 1417 1179 non
1435 1101 1565 1190 corde,
1581 1101 1710 1180 turba-

285 1250 348 1311 tus
371 1249 409 1311 et
428 1230 578 1323 dolens,
603 1248 648 1308 ut
670 1231 774 1309 dixit.
797 1231 946 1309 Deinde
966 1231 1077 1308 allata
1095 1259 1165 1336 per
1182 1231 1328 1309 dictum
1348 1207 1600 1336 presbiterum
1620 1261 1711 1338 qua-

287 1363 375 1442 dam
393 1390 502 1441 cruce
519 1362 644 1470 lignea
663 1362 703 1440 in
717 1389 792 1468 qua
809 1377 888 1438 erat
903 1389 1036 1468 ymago
1057 1361 1234 1441 Crucifixi
1256 1360 1422 1467 depicta,
1444 1377 1531 1438 ante
1552 1389 1617 1438 eos
1632 1362 1710 1440 col-
1811 1457 1815 1472 s

286 1493 424 1582 locata,
445 1494 615 1600 precepit
634 1493 668 1569 ei
689 1518 825 1598 spuere
845 1519 958 1597 supra
978 1493 1116 1572 dictam
1135 1518 1300 1582 crucem,
1325 1507 1364 1568 et
1381 1491 1461 1597 ipse
1480 1492 1587 1570 testis
1609 1498 1709 1600 spuit

281 1627 403 1734 juxta,
429 1653 507 1704 non
531 1653 655 1731 supra.
675 1621 922 1702 Postmodum
947 1622 1041 1699 dixit
1061 1621 1097 1698 ei
1121 1621 1243 1698 dictus
1261 1637 1433 1726 receptor
1454 1621 1557 1726 quod
1577 1649 1710 1700 secun·

286 1756 378 1834 dum
403 1772 541 1862 puncta
571 1754 661 1832 dicti
686 1752 832 1830 ordinis
858 1770 1006 1859 poterat
1033 1750 1115 1828 aliis
1143 1750 1320 1828 fratribus
1344 1750 1488 1828 ordinis
1514 1752 1711 1831 carnaliter

286 1885 538 1978 commisceri,
561 1902 598 1961 et
617 1884 687 1990 ipsi
705 1911 792 1960 cum
809 1911 873 1972 eo;
892 1885 966 1960 hoc
978 1880 1305 1969 tamennonfecit,
1325 1909 1395 1960 uec
1406 1879 1479 1958 suit
1489 1883 1708 1988 requisitus,

286 2043 358 2093 nec
377 2015 497 2093 credit
518 2015 622 2122 quod
641 2015 680 2090 in
702 2013 836 2090 ordine
860 2013 981 2090 fieret.
1007 2010 1090 2088 Alia
1108 2011 1239 2088 illicita
1262 2039 1341 2088 non
1363 2012 1647 2090 intervenerunt
1671 2016 1710 2091 in

287 2145 387 2224 dicta
408 2173 473 2222 sua
497 2144 718 2249 recepcione
740 2171 810 2219 nec
829 2158 931 2248 post,
959 2158 997 2218 et
1021 2141 1141 2218 credit
1160 2142 1264 2248 quod
1283 2141 1414 2218 eadem
1429 2141 1559 2219 illicita
1579 2160 1617 2220 et
1632 2172 1710 2222 non

285 2275 358 2352 alia
380 2275 664 2353 intervenerunt
685 2272 938 2350 communiter
953 2289 1001 2350 et·
1014 2272 1157 2376 ubique
1179 2272 1219 2348 in
1240 2270 1526 2377 recepcionibus
1549 2273 1710 2352 aliomrn

285 2406 344 2484 vel
363 2424 461 2512 post.
479 2403 634 2484 Nullum
653 2402 770 2479 alium
788 2419 916 2480 tamen
935 2401 1029 2479 vidit
1047 2400 1181 2506 recipi,
1203 2427 1274 2476 nec
1295 2397 1368 2477 fuit
1386 2398 1486 2476 ultra
1500 2429 1619 2492 mare,
1641 2431 1712 2480 nec

286 2535 459 2615 interfuit
477 2534 647 2641 capitulis
669 2532 903 2652 eommdem.
931 2532 1044 2619 Item,
1071 2531 1163 2608 dixit
1187 2530 1290 2636 quod
1310 2529 1389 2636 ipse
1414 2531 1512 2608 bene
1535 2533 1711 2612 credebat

288 2665 543 2743 ecelesiasticis
567 2661 821 2750 sacramentis,
849 2660 1006 2738 credens
1027 2660 1133 2766 quod
1157 2658 1220 2736 alii
1247 2658 1379 2737 tratres
1404 2659 1548 2738 ordinis
1572 2663 1711 2740 eodem

287 2797 403 2872 modo
424 2795 639 2884 crederent,
660 2809 699 2868 et
711 2792 818 2896 quod
832 2817 963 2866 eorum
979 2789 1191 2867 sacerdotes
1203 2787 1331 2866 debite
1346 2788 1590 2868 celebrarent.
1606 2795 1711 2869 Jura-

285 2926 338 3004 vit
356 2925 531 3004 ordinem
550 2949 628 3000 non
642 2922 760 3010 exire,
780 2921 938 2998 credens
954 2921 1060 3026 quod
1074 2920 1136 2996 alii
1153 2920 1256 2998 idern
1267 2921 1450 3028 jurarent.
1467 2920 1709 3000 Clandestine

286 3054 575 3161 recipiebantur,
596 3051 712 3130 nullis
725 3050 965 3157 presentibus
981 3049 1051 3128 nisi
1068 3048 1245 3128 fratribus
1263 3050 1422 3141 ordinis,
1440 3079 1485 3126 ex
1498 3079 1575 3158 quo
1592 3053 1711 3130 credit

286 3185 392 3291 quod
418 3198 517 3262 esset
541 3180 703 3286 suspicio
728 3197 857 3259 contra
881 3207 956 3256 eos.
983 3177 1160 3256 Cordulis
1185 3178 1289 3264 unde
1311 3177 1488 3258 volebant
1511 3184 1711 3287 assumptis

287 3312 534 3419 cingebantur
561 3337 675 3414 super
700 3307 866 3386 camisias
895 3335 982 3384 cum
1011 3307 1151 3414 quibus
1173 3307 1359 3416 jacebant.
1388 3309 1557 3388 Predicta
1581 3311 1710 3389 illicita

286 3442 492 3522 confessata
511 3469 580 3547 per
596 3467 684 3518 eum
699 3437 819 3516 facere
839 3454 1054 3516 recusantes
1074 3454 1112 3514 et
1126 3453 1267 3516 secreta
1282 3437 1546 3544 capituliorum
1556 3440 1616 3518 vel
1630 3469 1711 3520 mo·

286 3575 379 3652 dum
394 3570 627 3680 recepcionis
641 3561 849 3647 revelantes
861 3568 1021 3646 fixissent
1031 3569 1191 3675 graviter
1203 3569 1342 3674 puniti,
1360 3585 1404 3647 ut
1415 3571 1546 3649 credit.
1562 3573 1711 3650 Fratres

287 3703 432 3782 ordinis
456 3701 596 3808 quibus
619 3698 739 3778 credit
765 3715 851 3776 nota
877 3697 992 3777 fuisse
1019 3698 1117 3788 dicta
1145 3696 1277 3774 illicita
1299 3697 1505 3776 confessata
1527 3729 1597 3807 per
1619 3729 1708 3778 enm

286 3833 440 3910 fixerunt
466 3829 718 3938 negligentes,
741 3829 926 3934 quianon
946 3844 1188 3906 correxerunt
1207 3855 1278 3906 nec
1296 3827 1620 3908 denunciaverunt
1637 3831 1707 3908 Ec-

288 3961 412 4040 clesia.
435 3959 689 4038 Elemosinam
710 3975 749 4035 et
767 3957 1060 4064 hospitalitatem
1078 3957 1171 4034 vidit
1190 3956 1455 4034 convenienter
1473 3955 1556 4035 lieri
1577 3977 1616 4036 et
1633 3989 1709 4038 ser·

286 4092 362 4170 vari
381 4092 420 4167 in
441 4088 619 4168 domibus
638 4089 784 4168 ordinis
800 4090 840 4166 in
858 4089 999 4195 quibus
1019 4088 1158 4165 exstitit
1175 4104 1438 4166 commoratus.
1461 4088 1615 4166 Audivit
1633 4091 1707 4172 diui

286 4222 392 4328 quod
416 4247 551 4298 eorum
573 4217 765 4325 capitolia,
785 4219 914 4326 januis
938 4217 1089 4308 clausis,
1114 4233 1200 4324 post
1220 4217 1463 4307 matutinum,
1487 4217 1603 4297 nullis
1622 4249 1708 4326 pre-

281 4350 456 4430 sentibus
475 4348 546 4426 nisi
565 4348 744 4426 iratribus
763 4348 924 4438 ordinis,
946 4346 1182 4426 tenebantur.
1202 4344 1384 4426 Ordinato
1403 4375 1471 4454 per
1489 4349 1707 4456 Magistrum

287 4509 374 4560 cum
393 4495 581 4558 conventu
600 4495 778 4556 servasset
796 4495 899 4556 totus
918 4477 1026 4570 ordo,
1043 4493 1172 4556 contra
1186 4504 1302 4581 quem
1317 4505 1418 4555 nunc
1436 4478 1591 4586 grandia
1609 4509 1709 4559 scan-

288 4609 392 4701 dala,
418 4608 582 4715 suspicio
602 4625 641 4690 et
660 4607 812 4686 infamia
831 4626 921 4686 sunt
939 4625 1076 4686 exorta.
1101 4609 1149 4684 Et
1173 4606 1253 4712 ipse
1277 4608 1403 4699 testis,
1432 4625 1587 4715 propter
1609 4611 1707 4690 dicta

286 4739 417 4818 illicita
442 4738 646 4818 consessata
669 4765 739 4844 per
761 4767 850 4816 eum
875 4755 913 4814 et
938 4754 1092 4843 propter
1115 4736 1329 4843 asperitates
1355 4738 1516 4830 ordinis,
1542 4737 1707 4818 libenter

287 4871 456 4950 exivisset
473 4857 618 4946 dictum
640 4869 831 4959 ordinem,
851 4868 924 4948 nisi
944 4868 1014 4946 sibi
1035 4867 1223 4946 timuisset
1244 4867 1291 4944 de
1316 4869 1705 4948 excommunicacione

1431 5027 1434 5036 ·
1510 5007 1560 5068 32.
