4486 5890
740 498 934 592 Procas
961 518 1054 590 nus
1079 514 1377 588 rnurmnns.
1698 515 1768 588 109

353 662 451 740 sioni
469 688 535 768 per
550 689 637 739 eum
655 659 749 738 sacta
771 687 895 736 coram
911 659 1012 736 dicto
1032 655 1181 734 officiali
1202 654 1296 731 dixit
1314 683 1353 732 se
1376 654 1469 731 velle
1484 672 1598 743 stare,
1617 673 1654 734 et
1669 686 1771 734 men-

354 793 467 876 titum
482 789 594 868 firissc
615 791 654 868 in
672 790 745 868 hoc
759 817 884 866 coram
909 787 1018 864 dictis
1036 783 1202 864 dominis
1232 784 1510 873 commissariis,
1533 804 1572 861 et
1590 787 1676 891 quia
1694 816 1770 864 non

355 921 498 999 dixerat
518 921 571 998 eis
592 918 695 1025 quod
715 917 881 1024 predicta
901 915 1103 1022 abnegacio
1133 931 1172 991 et
1190 915 1334 1021 spuicio
1354 914 1630 992 intervenerant
1654 917 1694 992 in
1715 945 1774 992 re-

355 1049 598 1157 cepcionibus
617 1049 733 1126 trium
756 1046 821 1154 qui
841 1045 994 1124 firerunt
1009 1044 1150 1152 recepti
1176 1073 1262 1122 cum
1282 1072 1347 1134 eo;
1372 1044 1439 1120 sed
1463 1045 1501 1120 in
1522 1043 1604 1122 aliis
1624 1044 1775 1122 volebat

355 1207 590 1286 perseverare
614 1179 655 1256 in
677 1175 916 1283 deposicione
932 1201 1056 1252 coram
1073 1173 1127 1250 eis
1140 1172 1250 1262 facta,
1273 1173 1345 1250 hoc
1363 1189 1515 1278 excepto
1536 1175 1641 1280 quod
1655 1176 1775 1252 credit

356 1311 460 1418 quod
479 1308 733 1386 communiter
750 1307 790 1383 in
809 1304 943 1384 ordine
963 1303 1232 1382 intervenirent
1256 1301 1355 1380 dicta
1381 1302 1508 1381 illicita
1529 1305 1568 1380 in
1589 1307 1776 1409 recepcio-

357 1439 470 1516 nibus
492 1438 652 1514 aliorum
680 1436 740 1514 vel
760 1453 865 1542 post,
892 1435 980 1541 quia
1002 1459 1160 1540 magnus
1187 1433 1362 1541 Magister
1389 1432 1515 1510 etalii
1547 1432 1676 1539 plures
1703 1435 1775 1510 hoc

356 1568 512 1646 fuerunt
525 1565 695 1644 confessi.
716 1565 931 1673 Requisitus
953 1591 1069 1669 qrxare
1090 1560 1270 1639 celaverat
1296 1562 1364 1638 ista
1388 1562 1427 1638 in
1449 1562 1690 1667 deposicione
1710 1563 1793 1641 sua'

358 1697 450 1776 iacta
469 1725 595 1776 coram
610 1695 720 1774 dictis
740 1694 905 1773 dominis
918 1691 1197 1783 commissariis,
1214 1691 1410 1798 respondit
1424 1690 1528 1797 quod
1548 1709 1703 1798 propter
1726 1693 1778 1770 sa-

358 1828 531 1908 tuitatem
544 1854 663 1908 suam.
684 1824 900 1931 Requisitus
918 1823 949 1902 si
973 1822 1197 1901 revelaverat
1220 1821 1501 1927 deposicionem
1524 1851 1629 1900 suam
1649 1822 1775 1912 aiicui,

358 1956 555 2063 respondit
574 1953 678 2062 quod
703 1982 793 2031 nou.
819 1953 1034 2059 Requisitus
1058 1951 1088 2029 si
1108 1949 1230 2028 fuerat
1254 1977 1323 2056 per
1346 1950 1511 2058 aliquem
1535 1952 1711 2030 inductus
1730 1955 1785 2030 ad'

360 2085 564 2164 dicendum
576 2084 755 2191 predicta,
772 2083 967 2188 respondit
986 2082 1090 2189 quod
1104 2108 1193 2171 non,
1212 2098 1249 2157 et
1268 2079 1371 2187 quod
1391 2079 1495 2158 nuile
1517 2082 1617 2158 mine
1632 2082 1781 2160 fuerant

360 2217 430 2294 sibi
447 2215 567 2305 illaec,
583 2215 651 2292 sed
664 2214 817 2321 proprio
831 2229 938 2292 motu
954 2212 1100 2289 dixerat
1114 2209 1297 2317 predicta,
1311 2210 1398 2316 quia
1413 2211 1557 2288 viderat
1571 2239 1610 2288 se
1625 2241 1776 2290 errasse.

414 2347 506 2424 Acta
523 2344 680 2423 suerunt
698 2345 768 2420 hec
782 2343 892 2421 dictis
908 2343 969 2420 die
991 2359 1029 2418 et
1047 2341 1147 2428 loco,
1167 2338 1405 2446 presentibus
1422 2341 1599 2445 magistro
1613 2342 1776 2430 Amisio,

361 2501 421 2550 me
438 2473 692 2550 Floriamonte
711 2472 909 2550 Dondedei
928 2489 966 2548 et
984 2470 1066 2548 aliis
1078 2469 1233 2548 notariis
1247 2496 1359 2574 supra
1377 2468 1512 2546 ultimo
1531 2471 1746 2547 nominatis.

419 2739 509 2814 Post
521 2736 608 2826 hec,
625 2735 686 2813 die
697 2731 852 2815 Veneris
864 2733 1055 2841 sequenti,
1070 2734 1109 2810 in
1125 2731 1327 2811 crastinum
1342 2729 1656 2810 Annuuciacionis
1673 2732 1782 2809 beate

366 2867 499 2956 Marie,
519 2893 593 2971 que
606 2860 679 2942 fuit
692 2891 776 2944 xxvi
791 2863 873 2942 dies
889 2864 979 2942 dicti
995 2863 1132 2940 mensis
1147 2861 1292 2949 Marcii,
1308 2860 1463 2938 fuerunt
1472 2860 1625 2938 adducti
1640 2861 1688 2936 ad
1701 2891 1784 2966 pre-

365 2996 527 3074 senciam
545 2994 768 3073 eorumdem
782 2993 1025 3072 dominorum
1044 2991 1276 3071 Mimatensis
1297 3007 1334 3067 et
1351 2990 1623 3068 Lemovicensis
1649 2993 1786 3096 episco-

366 3152 503 3230 porum
522 3139 560 3199 et
579 3122 829 3200 archidiaconi
854 3123 1089 3210 Tridentini,
1118 3119 1201 3197 aliis
1220 3120 1416 3207 excusatis,
1442 3147 1511 3224 pro
1530 3117 1711 3203 testibus,
1744 3120 1783 3194 in

368 3254 466 3331 dicta
483 3252 599 3329 domo
619 3251 763 3330 domini
779 3252 878 3328 Petri
893 3252 940 3329 de
961 3250 1165 3339 Sabaudia,
1184 3247 1315 3326 iratres
1327 3248 1482 3354 Egidius
1494 3248 1542 3324 de
1558 3250 1782 3340 Lovencort‚

369 3399 406 3460 et
417 3383 607 3461 Johannes
620 3381 667 3458 de
684 3379 831 3460 Gaenes
846 3379 1124 3470 ambianensis,
1145 3377 1272 3457 Guido
1292 3379 1339 3455 de
1354 3377 1545 3456 Bellavilia
1562 3376 1783 3466 Meldensis,

367 3513 529 3591 Anricus
547 3511 595 3588 de
614 3509 852 3615 Compendio
872 3508 1171 3598 suessionensis,
1193 3507 1307 3586 Oddo
1328 3507 1375 3584 de
1394 3507 1505 3584 Buris
1521 3507 1784 3612 Lingonensis,

369 3659 408 3718 et
429 3638 625 3748 Philippus
645 3639 795 3718 Griselli
821 3639 1079 3717 Noviomensis
1102 3637 1311 3724 dicessum,
1332 3635 1544 3712 servientes.
1565 3635 1641 3728 Qui
1661 3652 1789 3740 prote-

370 3771 533 3850 stacione
541 3770 720 3878 premissa
732 3764 1714 3879 quodnonintendebantrecedereadeposicionibus
1725 3794 1792 3869 per

371 3931 436 3981 eos
449 3901 553 3980 sactis
566 3927 693 3978 coram
705 3899 782 3976 suis
802 3898 1018 3990 ordinariis,
1040 3915 1079 3975 et
1096 3895 1200 4006 quod
1213 3895 1243 3972 si
1256 3921 1381 3972 coram
1402 3895 1492 4002 ipsis
1507 3892 1672 3972 dominis
1687 3924 1789 3972 corn-

371 4031 549 4112 missariis
568 4029 712 4137 aliquid
731 4029 817 4135 plus
835 4028 895 4111 vel
914 4028 1040 4106 minus
1059 4027 1245 4117 dicerent,
1263 4025 1368 4132 quod
1389 4025 1442 4102 eis
1461 4052 1538 4102 non
1559 4026 1790 4133 prejudicet,

367 4165 604 4270 juraverunt,
627 4159 734 4237 tactis
748 4159 987 4236 sacrosanctis
1000 4156 1230 4264 Evangeliis,
1246 4154 1370 4252 dicere
1390 4155 1429 4230 in
1450 4154 1522 4232 isto
1541 4156 1700 4260 negocio
1713 4157 1793 4262 ple-

372 4319 461 4370 nam
480 4308 520 4368 et
534 4317 676 4368 meram
697 4288 908 4378 veritatem,
925 4287 1133 4367 secundum
1150 4285 1309 4364 sormam
1330 4284 1536 4393 juramenti
1555 4283 1719 4364 aliorum
1740 4305 1791 4363 te«

373 4419 487 4499 stium
504 4419 677 4527 su'perius
698 4418 949 4524 registratam,
974 4417 1176 4526 expositam
1195 4433 1233 4492 et
1247 4413 1509 4521 vulgarizatam
1524 4412 1679 4492 eisdem.

430 4680 517 4772 Quo
533 4678 642 4770 sacto,
661 4679 817 4758 domino
830 4677 980 4758 Matheo
1000 4677 1171 4756 veniente
1189 4693 1227 4754 et
1240 4681 1412 4784 presente
1431 4705 1518 4754 curn
1533 4676 1614 4753 aliis
1630 4675 1793 4754 dominis

375 4808 654 4901 commissoriis,
667 4807 789 4886 dictus
803 4807 888 4886 Odo
904 4807 952 4884 de
964 4805 1074 4884 Buris
1086 4807 1265 4895 serviens,
1287 4832 1395 4884 xxvru
1409 4805 1664 4912 annornmyel
1680 4806 1792 4920 circa,
