4242 5890
377 545 451 616 ars
760 519 957 612 rsocss
983 539 1078 612 uns
1104 539 1404 613 reuertens.

376 683 523 760 mencio
536 708 666 785 supra,
684 678 776 790 dixit
789 707 856 785 per
861 679 1239 786 juramentmnsuum
1251 681 1355 788 quod
1370 679 1484 759 nichil
1495 681 1574 759 scit.
1586 683 1800 789 Requisitus

376 829 503 890 utrum
516 811 562 902 vi,
579 809 637 888 vel
649 827 753 886 metu
763 810 918 887 carceris
933 810 991 888 vel
1005 825 1294 900 tormentorum,
1311 812 1404 889 dixit
1422 811 1584 919 aliquam
1602 812 1798 892 falsitatem

376 942 434 1020 vel
449 941 694 1020 immiscuerit
708 941 747 1016 in
763 940 1003 1047 deposicioue
1017 969 1098 1030 sua,
1114 940 1205 1018 dixit
1220 969 1287 1047 per
1300 942 1556 1048 juramentum
1572 971 1683 1021 suurn
1696 946 1801 1051 quod

376 1100 471 1163 non3
493 1075 610 1148 immo
626 1071 719 1148 dixit
737 1072 941 1149 veritatem.

432 1337 524 1410 ltem
549 1334 662 1412 frater
685 1334 816 1410 Petrus
844 1331 891 1408 de
914 1329 1131 1410 Grumesnil
1152 1331 1381 1410 belvacensis
1404 1332 1580 1451 diocesis,
1601 1333 1795 1442 presbyter

375 1465 463 1542 dicti
478 1465 637 1550 ordinis,
655 1463 760 1542 etatis
780 1487 875 1540 xxvii
891 1489 1075 1540 annorum
1094 1461 1153 1540 vel
1169 1462 1326 1552 circiter,
1341 1461 1489 1567 juratus
1509 1462 1646 1541 eodem
1663 1465 1795 1553 modo,

374 1611 411 1671 et
430 1595 679 1703 interrogatus
699 1594 747 1671 de
762 1609 933 1699 tempore
949 1610 987 1670 et
1004 1592 1120 1670 modo
1140 1620 1206 1670 sue
1227 1592 1473 1698 recepcionis,
1496 1593 1591 1670 dixit
1609 1621 1677 1699 per
1691 1596 1794 1702 jura-

373 1742 544 1801 mentum
558 1751 670 1800 suum
690 1723 796 1828 quod
809 1722 882 1798 fuit
895 1739 1067 1828 receptus
1086 1722 1187 1828 apud
1207 1723 1465 1816 Sommerens,
1483 1723 1521 1798 in
1536 1722 1687 1800 instanti
1703 1724 1798 1801 lesto

328 1843 331 1854 ¹
373 1854 553 1930 Omnium
574 1854 794 1932 Sanctorum
815 1869 926 1928 erunt
941 1869 1104 1958 quatuor
1119 1853 1202 1928 anni
1217 1852 1275 1928 vel
1291 1853 1401 1941 circa,
1417 1850 1534 1930 etfuit
1549 1869 1722 1958 receptus
1730 1883 1797 1960 per

372 1983 524 2062 fratrem
534 1985 740 2062 liebertum
752 1985 799 2062 de
813 1984 949 2062 Sancto
969 1983 1204 2072 Pantaleone,
1214 1983 1452 2088 presentibus
1464 1982 1796 2061 dominoAuherto

372 2115 462 2192 dicti
479 2115 622 2192 ordinis
637 2114 871 2222 presbytero,
888 2132 925 2191 et
936 2113 1049 2192 fratre
1065 2113 1268 2192 Guillelmo
1287 2114 1335 2190 de
1347 2113 1683 2192 Montemorencio.
1697 2115 1798 2194 Dixit

373 2246 488 2322 eciam
499 2273 568 2351 per
575 2245 831 2352 juramentum
845 2273 957 2324 suum
967 2245 1083 2352 quod,
1093 2262 1178 2350 pest
1192 2243 1327 2322 multas
1334 2245 1605 2352 promissiones
1613 2245 1661 2323 dc
1671 2247 1800 2325 obser·

371 2375 501 2454 randis
513 2376 660 2454 statutis
676 2375 765 2452 dicti
782 2373 924 2452 ordinis
940 2373 1070 2464 lactas,
1089 2375 1212 2454 dictus
1224 2375 1409 2480 recipiens
1421 2376 1589 2481 precepit
1604 2375 1676 2454 sibi
1695 2376 1799 2484 quod

373 2507 604 2584 oscularetur
623 2507 766 2586 eumin
786 2504 986 2594 umbilico,
1005 2523 1042 2584 et
1057 2523 1185 2612 postea
1204 2505 1243 2582 in
1263 2533 1340 2585 ore.
1361 2505 1464 2584 Dixit
1483 2505 1600 2583 eciam
1619 2535 1688 2611 per
1696 2507 1801 2614 jure·

341 2715 344 2724 Δ
372 2655 543 2714 mentum
562 2665 675 2716 suum
694 2637 800 2743 quod
814 2637 936 2714 dictus
951 2637 1135 2744 recipiens
1154 2635 1318 2716 ostendit
1337 2636 1408 2714 sibi
1428 2638 1630 2742 quamdam
1649 2667 1799 2715 crucem

374 2795 503 2844 eneam
517 2769 557 2864 in
567 2797 641 2874 qua
656 2785 735 2845 erat
745 2795 880 2876 ymago
894 2767 1011 2845 lhesu
1020 2767 1158 2848 Christi
1172 2767 1354 2856 crucifixi,
1370 2785 1407 2843 et
1418 2767 1533 2874 peciit
1546 2767 1594 2844 ab
1609 2795 1654 2844 eo
1671 2785 1798 2845 utrum

374 2896 542 2975 crederet
557 2899 596 2974 iu
611 2927 698 2976 eum
713 2899 820 3006 cujus
832 2925 966 3005 ymago
982 2915 1061 2975 erat
1073 2897 1145 2988 ihi,
1161 2897 1228 3005 qui
1244 2897 1439 3004 respondit
1455 2899 1559 3005 quod
1574 2897 1643 2985 sic,
1660 2915 1699 2975 et
1710 2916 1799 2978 tunc

373 3028 451 3132 ipse
473 3027 565 3105 dixit
583 3061 591 3106 ε
611 3029 769 3135 Oportet
788 3029 893 3134 quod
906 3043 950 3105 tu
968 3027 1129 3135 abneges
1147 3057 1236 3106 eum
1253 3045 1321 3106 ter.
1338 3029 1386 3104 Et
1401 3045 1492 3105 tunc
1510 3028 1589 3134 ipse
1606 3027 1799 3136 abnegavit

372 3177 440 3246 ter,
458 3176 496 3234 et
515 3159 617 3264 spuit
632 3158 750 3236 semel
764 3187 874 3266 supra
891 3187 1057 3248 crucem,
1075 3175 1113 3235 et
1127 3186 1192 3236 ore
1208 3175 1357 3236 tantum
1373 3158 1506 3246 modo,
1526 3176 1564 3234 et
1579 3185 1654 3236 non
1670 3159 1794 3236 corde.

371 3288 470 3366 Dixit
485 3290 601 3366 eciam
612 3318 680 3395 per
688 3289 944 3394 juramentum
960 3317 1071 3366 suum
1088 3289 1192 3396 quod
1206 3289 1329 3367 dictus
1343 3287 1526 3394 recipiens
1542 3290 1709 3394 precepit
1724 3289 1796 3366 sibi

371 3419 477 3524 quod
490 3420 647 3498 omnino
664 3419 866 3497 abstineret
877 3447 898 3494 a
909 3417 1145 3508 mulieribus,
1164 3436 1202 3495 et
1211 3419 1240 3496 si
1255 3418 1389 3524 aliquis
1404 3418 1505 3495 calor
1519 3417 1699 3495 naturalis
1716 3447 1798 3494 mo-

371 3569 472 3628 veret
483 3580 586 3638 eum,
603 3551 710 3656 quod
727 3550 984 3628 commisceret
999 3577 1131 3626 secum
1143 3547 1319 3626 fratribus
1334 3549 1422 3626 suis.
1436 3549 1539 3625 Dixit
1552 3566 1678 3625 tamen
1691 3549 1796 3655 quod

371 3709 562 3787 nunquam
577 3678 681 3769 lecit,
703 3707 771 3758 nec
790 3679 836 3757 ab
857 3708 903 3758 so
922 3680 994 3756 fuit
1012 3681 1183 3784 petitum.
1200 3679 1302 3758 Dixit
1321 3679 1438 3756 eciam
1453 3707 1521 3783 per
1535 3679 1793 3785 juramentum

370 3839 481 3890 suum
491 3810 596 3918 quod
607 3811 653 3888 de
664 3811 783 3916 capite
797 3809 913 3888 nichil
928 3811 1008 3888 scit.
1024 3811 1238 3918 Requisitus
1250 3826 1379 3888 utrum
1391 3809 1439 3896 vi,
1455 3809 1513 3886 vel
1522 3825 1627 3886 metu
1641 3808 1796 3885 carceris

370 3939 428 4016 vel
448 3957 736 4028 tormentorum,
759 3939 893 4016 dixerit
916 3939 1079 4045 aliquam
1094 3939 1292 4016 falsitatem
1310 3938 1369 4016 vel
1397 3939 1645 4016 immiscuerit
1670 3939 1709 4014 in
1730 3939 1796 4013 de·

372 4070 561 4173 posicione
577 4097 657 4156 sue,
677 4069 769 4145 dixit
782 4097 850 4172 per
860 4069 1115 4174 juramentum
1134 4097 1246 4147 suum
1261 4070 1367 4174 quod
1381 4096 1475 4158 non,
1488 4069 1607 4146 immo
1622 4068 1716 4144 dixit
1731 4096 1793 4144 re-

373 4199 532 4277 ritatem.
543 4198 783 4276 Presentibus
800 4197 956 4275 domino
967 4199 1078 4275 Petro
1095 4197 1142 4275 de
1156 4197 1311 4288 blesen,
1331 4195 1442 4276 fratre
1462 4198 1631 4275 Amodeo
1651 4197 1794 4275 ordinis

374 4330 499 4406 Sancti
522 4329 734 4437 Augustini,
760 4327 970 4409 bachelario
990 4327 1029 4404 in
1047 4327 1251 4434 theologia,
1285 4328 1411 4434 priore
1445 4329 1569 4407 Sancti
1594 4327 1794 4434 Augustini

372 4459 602 4552 Parisiensis,
619 4459 793 4568 magistro
810 4458 978 4536 lohanne
996 4458 1043 4535 de
1066 4458 1258 4565 Crespeio,
1277 4457 1316 4536 P.
1340 4460 1386 4536 de
1402 4459 1582 4550 Pruneto,
1600 4457 1715 4536 fratre
1734 4459 1797 4535 lo-

248 4651 252 4657 .
373 4591 497 4668 banne
519 4591 567 4668 de
591 4589 722 4668 Ruella
746 4590 889 4668 ordinis
910 4588 1202 4667 Predicetorum.

428 4853 520 4930 Item
543 4823 656 4930 frater
674 4851 840 4930 Thomas
861 4848 908 4928 de
932 4848 1061 4928 Breele
1086 4847 1280 4955 presbyter
1304 4849 1396 4926 dicti
1417 4830 1577 4936 ordinis,
1601 4849 1707 4926 stetis
1729 4871 1807 4925 xxx·
