4210 5882
690 532 886 625 rnocts
911 551 1008 624 uus
1032 553 1333 626 ruurmnns.
1647 559 1719 630 ers

302 689 448 770 Bellum
464 691 511 768 de
526 689 594 798 Ely
608 692 768 770 militem
783 673 870 771 dicti
887 691 1043 782 ordinis,
1060 693 1165 800 quod
1178 693 1335 772 baberet
1349 692 1542 771 licenciam
1560 697 1720 774 exeundi

304 822 351 900 de
363 822 463 900 dicto
474 821 624 914 ordine3
638 841 675 900 et
686 823 776 900 dixit
785 825 1116 931 perjurameutum
1128 853 1240 902 suum
1249 824 1481 932 quoddictus
1491 824 1721 934 fraterHugo

303 953 351 1030 de
368 953 553 1041 Paraudo,
576 953 754 1030 accedens
773 955 820 1030 ad
832 955 1036 1031 Romanam
1050 955 1190 1032 curiam
1205 956 1245 1031 in
1259 956 1462 1062 septimana
1482 976 1566 1062 post
1583 956 1722 1035 festum

301 1081 400 1160 beati
420 1083 578 1190 Remigii
598 1111 719 1189 nuper
734 1083 972 1189 preteritum,
993 1083 1085 1160 dixit
1100 1084 1170 1161 sibi
1187 1084 1291 1189 quod
1305 1085 1427 1162 dictus
1442 1086 1536 1163 ordo
1552 1088 1721 1166 diffama-

301 1229 361 1291 tus
381 1229 459 1290 erat
478 1213 525 1290 de
546 1213 691 1290 casibus
710 1241 823 1318 super
842 1214 948 1292 dictis
972 1241 1058 1321 erga
1079 1212 1277 1298 dominum
1298 1243 1431 1318 papam
1457 1233 1495 1292 et
1517 1244 1663 1322 regem,
1687 1238 1723 1295 et

169 1409 172 1415 .
302 1342 397 1449 ipse,
423 1344 454 1421 si
476 1359 616 1452 posset,
644 1343 799 1420 salvaret
822 1369 957 1448 corpus
976 1369 1101 1431 suurn,
1125 1362 1162 1419 et
1183 1343 1258 1420 hoc
1282 1345 1363 1421 aliis
1389 1345 1546 1437 deerat,
1571 1365 1608 1424 et
1633 1367 1721 1426 tunc

300 1473 414 1578 peciit
432 1474 479 1552 ab
499 1501 546 1551 eo
565 1473 671 1580 quod
684 1472 847 1550 traderet
862 1472 1003 1550 litteras
1022 1499 1106 1548 suas
1122 1501 1234 1578 super
1249 1474 1339 1562 boc,
1354 1475 1441 1580 quia
1453 1473 1541 1552 alias
1556 1504 1631 1554 non
1643 1506 1722 1555 cre-

301 1605 453 1681 deretur
471 1604 560 1694 sibi,
577 1621 615 1680 et
634 1604 712 1708 ipse
732 1601 926 1708 respondit
942 1603 1048 1708 quod
1067 1629 1144 1678 non
1165 1603 1334 1692 haberet,
1356 1605 1536 1710 quianon
1556 1606 1722 1711 placebat

300 1734 493 1840 Magistro;
511 1752 548 1811 et
566 1750 657 1810 tunc
669 1735 748 1838 ipse
765 1733 874 1810 exivit
893 1731 940 1809 de
956 1733 1106 1820 ordine,
1123 1751 1160 1810 et
1180 1733 1323 1810 dimisit
1341 1731 1562 1810 mantellum
1577 1737 1720 1814 ordinis

301 1864 339 1939 in
357 1864 472 1942 domo
487 1863 626 1942 Montis
647 1862 937 1941 suessionensis.
957 1863 1206 1969 Interrogatus
1221 1879 1349 1940 utrum
1362 1864 1413 1949 vi,
1438 1862 1496 1941 vel
1518 1882 1623 1942 metu
1644 1895 1720 1942 car-

300 1995 393 2071 ceris
412 2020 480 2071 seu
499 2007 788 2080 tormentorum,
812 2009 875 2067 aut
894 1991 964 2067 alia
984 1991 1031 2068 de
1051 2019 1173 2078 causa,
1193 1991 1355 2096 aliquam
1372 1992 1506 2069 dixerit
1525 1994 1718 2072 salsitatem

299 2141 362 2201 aut
388 2123 633 2200 immiscuerit
662 2121 700 2198 in
733 2121 975 2226 deposicione
1000 2147 1082 2208 sua,
1110 2119 1202 2197 dixit
1228 2149 1296 2225 per
1319 2123 1579 2228 juramentum
1608 2153 1718 2200 suum

299 2253 403 2361 quod
417 2280 511 2341 non,
533 2252 647 2329 immo
668 2251 759 2328 dixit
779 2278 909 2354 puram
932 2265 969 2326 et
989 2277 1129 2326 meram
1149 2251 1350 2327 veritatem.

355 2518 446 2592 Item
461 2513 575 2592 frater
585 2514 742 2620 Egidius
762 2513 808 2590 de
824 2511 924 2602 Ecci,
939 2511 1044 2589 etatis
1057 2509 1323 2618 quinquaginta
1333 2541 1517 2590 annorum
1532 2515 1590 2591 vel
1605 2517 1716 2606 circa,

293 2649 441 2754 juratus
460 2645 594 2722 eodem
611 2643 727 2720 modo
745 2630 792 2720 de
813 2671 852 2718 se
873 2657 911 2718 et
925 2641 1006 2718 aliis
1021 2643 1060 2717 in
1075 2669 1184 2718 causa
1203 2641 1294 2718 fidei
1312 2643 1435 2720 dicere
1453 2646 1662 2734 veritatem,
1681 2665 1718 2723 et

297 2778 543 2882 interrogatus
564 2773 611 2850 de
626 2789 795 2877 tempore
812 2789 849 2847 et
868 2771 983 2848 modo
1003 2799 1069 2848 sue
1084 2771 1329 2876 recepcionis,
1348 2773 1439 2850 dixit
1451 2803 1519 2878 per
1530 2775 1718 2880 juramen-

297 2924 378 2984 tum
396 2933 506 2982 suum
524 2904 627 3011 quod
646 2919 818 3008 receptus
833 2901 904 2979 suit
921 2929 983 2978 sex
1001 2902 1089 2978 anni
1106 2918 1193 2978 sunt
1207 2901 1354 2980 infesto
1371 2903 1554 2982 Omnium
1568 2907 1719 2983 Sancto-

297 3063 383 3111 rum
405 3061 527 3138 nuper
546 3032 739 3137 preterito,
760 3031 799 3106 in
821 3030 934 3107 domo
953 3030 1000 3106 de
1018 3031 1236 3107 Serincourt
1254 3031 1412 3109 diocesis
1429 3034 1719 3140 Remensis,pe1·

296 3162 446 3239 fratrem
473 3159 680 3236 Johannem
705 3160 752 3236 de
779 3158 881 3255 Cella
910 3177 1166 3265 preceptorem
1189 3159 1285 3236 dicte
1306 3161 1458 3250 domus,
1480 3165 1718 3268 presentibus

296 3291 471 3368 fratribus
494 3289 660 3368 Gerardo
687 3288 733 3364 de
759 3288 945 3364 Lauduuo
966 3304 1004 3364 et
1027 3288 1160 3393 Egidio
1180 3287 1215 3364 le
1235 3291 1384 3396 Moigue
1407 3291 1527 3368 milite
1550 3293 1640 3369 dicti
1663 3323 1718 3370 or-

297 3421 412 3511 dinis,
442 3435 480 3496 et
498 3418 719 3524 quibusdam
740 3415 821 3493 aliis
846 3417 893 3494 de
917 3445 1081 3523 quorum
1109 3417 1326 3496 nominibus
1347 3447 1422 3496 non
1447 3420 1590 3499 recolit.
1617 3423 1718 3500 Dixit

297 3551 413 3624 eciam
432 3575 501 3654 per
512 3548 767 3654 juramentum
787 3574 894 3624 suum
915 3545 1037 3653 quod,
1057 3564 1142 3652 post
1154 3546 1291 3624 multas
1304 3549 1572 3654 promissiones
1586 3551 1633 3628 de
1645 3569 1717 3626 sta-

294 3679 385 3756 tutis
400 3696 437 3755 et
452 3678 697 3755 observanciis
710 3677 799 3754 dicti
813 3677 955 3754 ordinis
968 3677 1207 3754 observandis
1224 3677 1271 3755 ab
1282 3706 1327 3756 eo
1343 3678 1470 3769 lactas,
1487 3697 1523 3756 et
1537 3680 1713 3756 mantello

295 3810 340 3884 ad
366 3805 503 3886 collum
527 3809 664 3914 posito,
690 3806 811 3884 dictus
834 3807 1015 3913 recipiens
1046 3805 1210 3884 ostendit
1234 3807 1304 3884 sibi
1330 3809 1368 3884 in
1394 3809 1560 3915 quodam
1578 3809 1714 3886 missali

295 3966 441 4040 crucem
465 3955 501 4014 et
516 3937 724 4044 ymaginem
742 3938 857 4014 lbesu
868 3936 1006 4014 Christi
1021 3936 1184 4013 crucifixi
1201 3937 1402 4042 depictam,
1419 3955 1455 4014 et
1466 3939 1631 4042 precepit
1642 3939 1712 4016 sibi

294 4068 397 4172 quod
413 4069 567 4144 lbesum
594 4067 783 4144 Christum
804 4067 911 4172 cujus
932 4093 1065 4172 ymago
1090 4083 1168 4142 erat
1194 4065 1245 4143 ibi
1273 4065 1485 4174 abnegaret,
1509 4086 1546 4144 et
1565 4084 1715 4172 spueret

293 4225 402 4302 supra
416 4225 564 4273 crucem
578 4214 615 4273 et
632 4197 857 4305 ymaginem,
880 4213 917 4272 et
936 4196 1009 4273 hoc
1028 4197 1107 4301 ipse
1123 4194 1210 4272 lecit
1223 4214 1292 4272 ter.
1316 4197 1415 4272 Dixit
1435 4198 1552 4273 eciam
1573 4224 1642 4303 per
1652 4198 1715 4302 ju-

293 4343 503 4404 ramentum
525 4355 633 4403 suum
648 4327 751 4433 quod
768 4327 889 4402 dictus
902 4327 1086 4430 recipiens
1104 4324 1209 4402 dedit
1226 4325 1297 4403 sibi
1313 4325 1503 4404 licenciam
1521 4327 1712 4405 babitandi

293 4485 379 4534 curn
396 4456 573 4534 fratribus
587 4457 676 4534 dicti
697 4456 856 4545 ordinis,
878 4457 909 4532 si
925 4454 1026 4533 calor
1044 4453 1222 4532 naturalis
1239 4474 1405 4533 moveret
1420 4485 1519 4534 eum.

348 4587 596 4694 Interrogatus
616 4587 663 4662 de
678 4583 824 4676 osculo,
842 4585 1010 4690 dixitper
1015 4585 1271 4691 juramentum
1282 4612 1392 4663 suum
1406 4588 1510 4693 quod
1525 4589 1713 4665 osculatus

271 4713 363 4791 'luit
377 4715 618 4820 recipientem
641 4716 678 4790 in
698 4741 762 4791 ore
788 4715 886 4791 etin
905 4713 1086 4791 umbilico
1107 4731 1144 4790 et
1166 4714 1205 4789 in
1221 4713 1296 4790 line
1316 4717 1421 4820 spine
1444 4717 1562 4806 dorsi3
1585 4718 1713 4793 dicens

262 4865 264 4870 ’
291 4843 397 4948 quod
412 4844 557 4948 pluries
573 4845 620 4920 de
635 4843 734 4920 dicto
749 4844 882 4921 ordine
896 4843 1075 4932 exivisset,
1097 4843 1126 4918 si
1148 4841 1314 4920 auderet.
