4320 5898
759 493 957 588 rnocns
984 511 1078 584 nns
1105 510 1411 584 rnurmms.
1592 575 1600 590 ,
1777 509 1798 580 5

368 671 498 759 etque
518 653 809 760 imponerentur
827 683 896 762 per
916 653 1130 762 superiores
1150 653 1189 728 in
1211 651 1362 739 ordine,
1385 677 1455 727 nec
1478 666 1576 728 esset
1591 649 1630 726 in
1650 647 1734 728 loco
1760 648 1799 725 in

366 813 443 892 quo
471 783 608 891 aliquis
637 786 931 864 exheredaretur
958 785 1115 894 injuste,
1143 783 1205 862 vel
1234 783 1274 860 in
1299 811 1375 890 quo
1400 781 1527 860 studio
1560 809 1630 859 suo
1661 779 1799 860 falsum

361 914 553 1023 judicium
572 918 812 996 redderetur.
838 919 1090 996 Postmodum
1111 914 1297 1023 imposuit
1320 913 1400 993 sibi
1419 912 1644 991 mantellum
1666 929 1799 992 ettam

366 1046 446 1154 ipse
479 1077 594 1154 quam
628 1033 744 1126 lrater
771 1047 995 1156 Gregorius,
1029 1047 1141 1124 miles
1172 1045 1384 1153 quondam,
1413 1044 1569 1121 nacione
1601 1045 1796 1136 Picardus,

366 1176 474 1282 cujus
490 1207 701 1287 cognomen
719 1179 884 1288 ignorat,
907 1179 973 1287 qui
989 1207 1056 1257 sue
1076 1175 1290 1285 recepcioni
1305 1173 1492 1265 interfuit,
1509 1193 1547 1254 et
1562 1175 1624 1254 alii
1638 1194 1799 1256 astantes

254 1361 259 1369 -
365 1311 491 1416 ipsum
511 1328 648 1391 testem
672 1311 830 1391 osculati
857 1311 1016 1389 luerunt
1034 1312 1073 1388 in
1094 1339 1173 1388 ore.
1190 1309 1338 1388 Deinde
1364 1336 1496 1386 omnes
1520 1325 1682 1390 astantes
1702 1309 1799 1388 exie-

365 1458 455 1519 runt
468 1421 607 1522 dictam
620 1442 820 1550 capellam,
838 1459 1036 1549 receptore
1055 1441 1224 1550 predicto
1242 1458 1280 1518 et
1292 1441 1374 1547 ipso
1387 1456 1483 1519 teste
1495 1441 1585 1519 solis
1599 1469 1798 1528 remanen-

364 1571 467 1651 tibus
486 1573 526 1651 in
547 1575 704 1664 eadem,
723 1590 761 1652 et
779 1572 906 1652 clauso
930 1574 1027 1653 ostio
1050 1574 1149 1652 dicte
1163 1569 1306 1681 capelle
1322 1601 1390 1680 per
1404 1573 1530 1680 ipsum
1544 1591 1795 1680 receptorem.

364 1703 473 1782 duxit
497 1734 586 1783 eum
609 1695 729 1812 prope
754 1705 890 1795 altare,
914 1723 954 1784 ct
983 1722 1132 1786 ostensa
1155 1706 1227 1785 sibi
1253 1705 1417 1813 quadam
1439 1733 1549 1782 cruce
1574 1704 1697 1813 lignea
1722 1709 1797 1786 exi-

363 1851 486 1914 stente
502 1852 604 1926 retro
618 1835 753 1927 altare,
775 1836 816 1912 in
837 1865 911 1944 qua
928 1836 1034 1914 nulla
1055 1853 1134 1915 erat
1151 1865 1304 1948 ymago,
1327 1865 1442 1943 quam
1464 1835 1544 1942 ipse
1563 1837 1795 1928 recordatur,

230 2059 237 2070 ἱ
362 1967 532 2074 precepit
551 1967 586 2045 ei
605 1968 711 2074 quod
731 1967 936 2076 abnegaret
954 1969 1104 2062 Deum,
1127 1985 1273 2046 etcum
1299 1969 1379 2076 ipse
1404 1967 1511 2061 testis
1536 1968 1681 2046 diceret
1708 2001 1797 2050 con-

361 2115 504 2176 stanter
519 2097 625 2206 quod
645 2098 725 2205 ipse
748 2128 945 2206 nunquam
965 2099 1169 2209 abnegaret
1191 2117 1398 2178 creatorem
1423 2129 1556 2192 suum,
1587 2099 1710 2180 dictus
1736 2132 1796 2182 ro-

361 2246 492 2336 ccptor
517 2228 612 2307 dixit
636 2228 671 2306 ei
695 2232 820 2336 quod,
848 2247 1051 2338 postquam
1072 2230 1264 2339 juraverat
1287 2230 1565 2325 obedienciam,
1597 2235 1796 2339 oportebat

363 2389 452 2438 eum
471 2360 524 2440 sic
542 2361 679 2452 facere,
698 2379 736 2440 et
752 2380 845 2441 ωηο
865 2361 1072 2470 ipsetestis
1093 2362 1244 2455 dolens,
1261 2379 1306 2442 ut
1321 2363 1430 2451 dixit,
1452 2362 1648 2472 abnegavit
1666 2365 1811 2476 Deum·

361 2521 426 2570 ore
456 2519 535 2571 non
570 2494 696 2572 corde.
731 2494 866 2572 Postea
905 2495 1075 2602 precepit
1112 2493 1147 2572 ei
1181 2494 1286 2602 quod
1321 2510 1475 2601 spueret
1505 2517 1620 2602 super
1655 2495 1795 2576 dictam

360 2651 525 2702 crucem.
546 2623 650 2702 Dixit
670 2625 790 2718 eciam
805 2624 915 2732 quod
937 2625 1060 2704 dictus
1075 2642 1260 2734 receptor,
1277 2625 1352 2705 hiis
1366 2624 1491 2716 lactis,
1512 2625 1702 2705 osculatus
1720 2629 1795 2708 fuit

359 2755 484 2862 ipsum
501 2771 638 2834 testem
655 2755 696 2832 in
707 2773 860 2862 pectore
879 2785 992 2864 supra
1012 2773 1143 2834 vestes.
1164 2755 1247 2834 Alia
1266 2757 1465 2834 inhonesta
1485 2785 1562 2835 non
1583 2759 1793 2839 intervene-

357 2903 449 2963 runt
465 2885 505 2964 in
517 2887 739 2994 recepcione
755 2915 823 2966 sua
835 2886 1018 2995 predicta.
1035 2887 1138 2965 Dixit
1151 2887 1269 2965 eciam
1281 2887 1388 2994 quod
1402 2886 1497 2965 vidit
1510 2889 1626 2996 recipi
1637 2889 1791 2972 fratrem

358 3018 560 3125 Hugonem
589 3019 637 3097 de
668 3018 844 3098 Nantolio
884 3019 1168 3098 Suessionensis
1207 3019 1388 3105 diocesis,
1430 3015 1539 3097 circa·
1563 3021 1792 3129 principium

358 3148 473 3258 hujus
492 3150 806 3258 Quadragessime
826 3150 984 3230 luerunt
1002 3168 1087 3230 octo
1108 3150 1196 3228 anni
1215 3148 1275 3228 vel
1291 3149 1402 3242 circa,
1426 3150 1466 3227 in
1486 3150 1628 3258 capella
1654 3154 1792 3234 domus

357 3281 509 3390 Templi
536 3282 583 3360 de
610 3283 808 3362 Chauruto
834 3283 1066 3364 Senonensis
1095 3283 1273 3372 diocesis,
1302 3311 1418 3390 quem
1437 3283 1580 3391 recepit
1597 3286 1791 3392 predictus

355 3412 470 3494 frater
490 3413 682 3493 Gerardus
698 3415 745 3492 de
766 3415 929 3504 Ρηηίηο,
949 3431 1041 3494 ωηο
1059 3431 1257 3522 preceptor
1275 3413 1373 3492 dicte
1389 3413 1525 3493 domus
1541 3414 1589 3492 de
1600 3416 1788 3510 Cherut0,

279 3523 282 3530 ¹
355 3545 595 3652 presentibus
620 3543 798 3624 fratribus
825 3547 1000 3626 Drocone
1036 3564 1130 3624 tunc
1163 3562 1386 3653 preceptore
1417 3547 1554 3626 domus
1582 3547 1629 3626 de
1659 3549 1790 3628 Scinhi

356 3675 456 3754 dicte
474 3676 634 3756 diocesis
651 3677 851 3756 Trecensis
872 3694 910 3756 et
929 3678 1100 3756 Jobanne
1120 3676 1294 3756 Monachi
1316 3677 1597 3758 suessionensis
1615 3679 1786 3774 diocesis,

354 3805 622 3898 servientibus,
645 3809 694 3886 dc
714 3837 880 3917 quorum
899 3809 974 3887 vita
993 3808 1053 3887 vel
1068 3826 1191 3887 morte
1215 3808 1423 3888 nonhabet
1442 3809 1730 3906 certitudinem,
1748 3815 1788 3890 in

355 3939 699 4048 cujusrecepcione
721 3939 822 4018 licita
840 3957 879 4018 et
891 3941 1052 4020 honesta
1065 3969 1142 4049 que
1162 3939 1319 4020 suerunt
1337 3940 1435 4018 dicta
1454 3957 1492 4020 et
1511 3940 1604 4020 sacta
1625 3942 1664 4020 in
1684 3973 1788 4024 rece-

352 4069 490 4176 pcionc
501 4070 624 4178 ipsius
636 4071 744 4152 testis
755 4071 1081 4167 servatafuerunt3
1099 4072 1230 4176 illicita
1247 4089 1375 4152 tamen
1390 4071 1596 4153 confessata
1610 4104 1679 4183 per
1696 4105 1786 4155 eum

353 4201 412 4280 vel
432 4202 504 4280 alia
529 4231 606 4280 non
626 4202 720 4282 vidit
737 4203 820 4282 lieri
843 4232 913 4281 nec
938 4205 1098 4314 injungi.
1121 4203 1337 4313 llequisitus
1356 4205 1387 4283 si
1406 4206 1525 4284 credit
1542 4208 1648 4314 quod
1670 4207 1710 4285 in
1728 4237 1786 4286 re-

355 4334 599 4444 ceptionibus
613 4335 777 4416 aliorum
792 4335 931 4426 fierent
941 4355 980 4417 et
997 4354 1235 4424 servarentur
1251 4336 1419 4445 predicta
1435 4336 1565 4416 illicita
1581 4337 1786 4419 confessata

353 4493 422 4572 per
442 4495 548 4557 eum,
570 4468 766 4575 respondit
789 4495 828 4548 se
849 4469 1004 4548 credere
1024 4471 1130 4578 quod
1150 4497 1240 4549 non.
1257 4469 1391 4550 Credit
1408 4469 1508 4548 bene
1527 4469 1785 4550 ecclesiasticis

353 4597 612 4690 sacramentis,
635 4616 673 4677 et
693 4599 813 4679 credit
831 4601 936 4708 prod
957 4593 1020 4678 alii
1041 4599 1174 4679 fratres
1194 4601 1410 4694 crederent,
1431 4617 1474 4678 ut
1494 4600 1603 4696 dixit,
1622 4617 1661 4679 et
1674 4605 1783 4711 quod

353 4755 486 4808 eorum
516 4731 730 4836 sacerdotes
756 4730 887 4809 debite
910 4730 1155 4812 celebrarent.
1191 4732 1328 4811 Statim
1362 4762 1431 4840 pro
1460 4731 1637 4839 professis
1668 4733 1783 4814 habe-

352 4860 501 4954 bantur,
523 4881 568 4941 ut
581 4862 654 4942 fuit
672 4862 746 4942 sibi
762 4863 921 4944 dictum.
940 4864 1048 4946 Clam
1069 4864 1213 4944 fiebant
1233 4865 1472 4972 recepciones
1493 4894 1643 4957 eorum,
1666 4865 1783 4944 nullis
