4210 5882
426 545 499 614 arc
811 516 1009 608 procas
1035 535 1131 606 ons
1158 535 1456 606 renarrans

425 683 515 758 dixit
533 707 601 786 per
615 679 869 786 juramentum
889 705 999 754 suum
1019 675 1124 782 quod
1141 691 1312 780 receptus
1326 675 1399 752 fuit
1412 673 1541 780 viginti
1558 689 1641 750 octo
1657 673 1745 748 anui
1758 690 1845 750 sunt

424 811 534 916 elapsi
552 809 610 888 vel
627 810 722 886 circa
741 809 779 884 in
799 806 914 884 domo
937 808 984 884 de
1010 807 1173 884 Soisiaco
1195 805 1353 884 diocesis
1373 803 1590 895 meldensis,
1613 830 1680 908 per
1695 801 1843 880 tratrem

422 941 631 1020 Iohannem
654 939 701 1016 de
726 941 855 1014 Turno
882 955 973 1015 tnnc
991 937 1265 1014 thesaurarium
1285 935 1461 1025 Parisius,
1483 932 1718 1040 presentibus
1733 931 1842 1010 fratre

423 1071 593 1149 Johanne
615 1070 661 1147 de
686 1070 812 1146 Monte
839 1067 1076 1144 Morenciaco
1098 1068 1221 1172 priore
1242 1067 1390 1172 Templi
1417 1065 1648 1152 Parisiensis‚
1672 1081 1710 1141 et
1733 1063 1841 1142 fratre

421 1201 587 1276 Johanne
617 1215 835 1304 preceptore
860 1196 957 1273 dicte
983 1197 1117 1272 domus
1139 1196 1186 1272 de
1212 1197 1397 1285 Soisiaco,
1432 1213 1469 1272 et
1496 1194 1665 1302 pluribus
1689 1193 1771 1271 aliis
1794 1196 1840 1271 de

422 1357 585 1432 quorum
611 1326 825 1404 nominibus
844 1352 919 1401 non
938 1325 1078 1403 recolit.
1104 1326 1207 1402 Dixit
1233 1326 1350 1402 eciam
1376 1353 1443 1432 per
1461 1325 1715 1430 juramentum
1734 1353 1842 1402 suum

422 1459 539 1563 quod,
571 1473 655 1562 post
673 1456 808 1533 multas
828 1455 1093 1560 promissiones
1117 1454 1163 1531 de
1186 1456 1330 1532 statutis
1355 1471 1393 1532 et
1417 1455 1568 1532 secretis
1593 1454 1682 1531 dicti
1702 1453 1841 1532 ordinis

421 1586 658 1664 observandis
677 1585 723 1661 ab
745 1613 789 1662 eo
806 1585 934 1674 sactes,
953 1602 990 1661 et
1004 1585 1179 1662 mantello
1195 1585 1264 1662 sibi
1279 1586 1400 1692 posito
1416 1585 1464 1660 ad
1478 1584 1633 1670 collum,
1652 1583 1772 1662 dictus
1785 1614 1842 1662 re-

421 1717 560 1822 cipiens
589 1715 751 1794 ostendit
772 1715 843 1792 sibi
869 1715 1068 1820 quamdam
1095 1743 1244 1792 crucem
1272 1732 1309 1791 et
1333 1715 1544 1821 ymaginem
1568 1715 1683 1792 lhesu
1706 1715 1839 1792 Christi

422 1847 608 1950 depictam
635 1847 672 1920 in
693 1845 856 1950 quodam
877 1844 1031 1932 missali,
1051 1861 1088 1920 et
1107 1843 1201 1920 dixit
1221 1845 1308 1930 sibi,
1331 1845 1369 1919 in
1385 1845 1574 1950 presencia
1593 1843 1754 1920 aliorum
1774 1834 1839 1921 Ira-

420 1995 521 2053 trum
537 1975 808 2062 assistencium,
831 1973 935 2078 quod
955 1974 1151 2078 oportebat
1163 1975 1287 2078 ipstun
1306 1973 1489 2082 abnegare
1505 1973 1719 2051 Creatorem
1734 1947 1839 2051 suum

420 2106 574 2182 Jhesum
596 2105 785 2182 Christum
815 2120 850 2178 et
873 2129 1006 2206 spuere
1027 2130 1138 2206 supra
1156 2131 1305 2178 crucem
1326 2119 1362 2178 et
1380 2103 1590 2209 ymaginem
1614 2105 1837 2208 predictam,

319 2291 323 2298 -
421 2255 458 2312 et
473 2237 551 2340 ipse
565 2235 637 2311 hoc
657 2233 760 2320 lecit,
779 2249 931 2338 excepto
952 2233 1055 2336 quod
1073 2231 1120 2308 de
1141 2233 1334 2338 spuicione
1350 2232 1465 2309 nichil
1484 2231 1618 2309 cecidit
1633 2261 1741 2339 supra
1757 2263 1838 2310 cru-

420 2395 519 2453 cem,
550 2366 654 2472 quod
681 2381 815 2470 posset.
844 2364 1093 2468 Interrogatus
1118 2363 1165 2439 de
1191 2363 1338 2448 osculo,
1377 2363 1467 2439 dixit
1498 2391 1566 2468 per
1583 2363 1838 2469 juramentum

419 2524 530 2572 suum
549 2495 654 2600 quod
674 2494 796 2570 dictus
816 2493 999 2598 recipiens
1023 2492 1190 2598 precepit
1214 2493 1286 2570 sibi
1312 2493 1416 2598 quod
1440 2492 1670 2570 oscularetur
1690 2523 1778 2570 eum
1801 2495 1837 2569 in

418 2625 492 2702 sme
512 2626 617 2730 spine
639 2623 759 2714 dorsi;
781 2641 817 2699 et
835 2641 923 2699 tunc
943 2623 1079 2699 invitus
1095 2623 1278 2699 simulavit
1294 2624 1397 2728 quod
1420 2623 1647 2700 oscularetur
1662 2653 1749 2710 enm
1769 2623 1834 2711 ibi,

419 2755 485 2830 sed
505 2771 629 2830 tamen
642 2754 801 2830 nonfuit
821 2753 1007 2831 osculatus
1025 2781 1112 2829 eum
1133 2752 1197 2830 ibi.
1219 2754 1469 2857 Interrogatus
1485 2753 1532 2829 de
1547 2768 1634 2828 voto
1649 2753 1834 2838 castitatis,

420 2884 511 2958 dixit
525 2910 591 2987 per
606 2881 862 2986 juramentum
880 2907 990 2957 suum
1012 2879 1116 2986 quod
1135 2881 1344 2987 injunctum
1364 2878 1434 2956 fuit
1460 2879 1530 2956 sibi
1555 2881 1661 2988 quod
1683 2882 1835 2958 omnino

419 3013 624 3090 abstineret
646 3041 665 3088 a
691 3011 930 3098 mulieribus,
960 3027 998 3087 et
1021 3012 1051 3086 si
1078 3011 1177 3087 calor
1199 3011 1377 3086 naturalis
1407 3027 1573 3086 moveret
1601 3041 1705 3098 eum,
1737 3012 1834 3116 quod

420 3143 678 3220 commisceret
697 3169 735 3216 se
757 3168 842 3216 cum
861 3139 1036 3216 iratribus
1057 3139 1145 3217 dicti
1167 3139 1326 3228 ordinis,
1343 3155 1380 3214 et
1398 3137 1471 3215 hoc
1486 3138 1587 3214 idem
1607 3139 1652 3216 ab
1667 3139 1750 3217 aliis
1763 3141 1835 3216 suis

419 3270 812 3375 fratribus,pateretur;
834 3295 1024 3374 nunquam
1041 3285 1167 3344 tamen
1188 3268 1291 3357 fecit,
1309 3297 1380 3344 nec
1397 3267 1470 3344 fuit
1489 3268 1703 3372 requisitus.
1724 3269 1835 3344 Inter·

418 3417 568 3506 rogatus
587 3400 617 3476 si
638 3427 828 3506 nunquam
849 3398 1021 3474 fueritin
1041 3398 1259 3502 recepcione
1280 3397 1438 3503 alicujus
1458 3395 1595 3484 fratris,
1623 3397 1717 3474 dixit
1736 3397 1835 3504 quod

417 3532 481 3606 sic.
503 3532 752 3635 Interrogatus
773 3530 803 3605 si
823 3528 1069 3634 persimilem
1088 3528 1244 3606 modurn
1263 3527 1352 3604 dicti
1367 3526 1506 3632 recepti
1525 3527 1665 3604 fuerint
1679 3529 1830 3634 recepti,

419 3661 511 3735 dixit
529 3688 597 3766 per
610 3661 867 3764 juramentum
885 3687 996 3736 suum
1014 3656 1119 3764 quod
1137 3657 1279 3764 pluries
1292 3657 1401 3744 vidit,
1418 3673 1454 3732 et
1469 3684 1599 3733 omnes
1615 3656 1767 3736 luerunt
1778 3687 1834 3734 re·

416 3792 511 3896 cepti
532 3819 598 3896 per
617 3789 780 3867 similem
793 3789 968 3876 modum,
988 3805 1025 3865 et
1044 3788 1252 3894 specialiter
1266 3786 1415 3864 iraham
1429 3788 1666 3894 Balduynum
1680 3787 1727 3865 de
1738 3789 1830 3865 Pois.

416 3924 664 4026 Interrogatus
688 3936 815 3995 utrum
835 3919 886 4005 vi,
909 3918 968 3995 vel
988 3935 1091 3994 metu
1112 3919 1266 3994 carceris
1289 3947 1355 3994 seu
1374 3935 1663 4006 tormentorum,
1684 3937 1749 3994 aut
1767 3917 1833 3994 alia

418 4053 464 4127 de
485 4077 608 4137 causa,
631 4048 795 4152 aliquam
824 4046 957 4122 dixerit
978 4045 1175 4123 falsitatem
1194 4046 1253 4122 vel
1277 4047 1521 4124 immiscuerit
1539 4048 1579 4123 in
1599 4047 1832 4153 deposicione

418 4209 499 4268 sua,
519 4179 609 4255 dixit
629 4205 696 4281 per
710 4177 966 4282 juramentum
988 4204 1096 4252 suum
1117 4176 1221 4280 quod
1240 4203 1334 4266 non3
1356 4175 1472 4254 immo
1487 4175 1580 4253 dixit
1597 4204 1729 4282 puram
1744 4177 1834 4254 veri·

416 4325 544 4387 tatem.
567 4307 655 4383 Acta
668 4322 754 4382 sunt
773 4305 844 4381 hec
861 4332 974 4392 anno,
993 4303 1196 4398 indicione,
1214 4334 1356 4394 mense,
1374 4305 1453 4394 die,
1472 4306 1693 4413 pontificatu
1703 4323 1740 4382 et
1752 4307 1832 4383 loco

416 4437 606 4545 predictis,
636 4435 871 4541 presentibus
899 4434 1081 4541 religiosis
1106 4455 1142 4512 et
1166 4436 1332 4515 honestis
1351 4437 1437 4512 viris
1464 4435 1640 4513 fratribus
1665 4437 1831 4515 Johanne

417 4569 463 4644 de
484 4567 631 4655 Archis,
654 4567 699 4644 G.
718 4567 766 4643 de
781 4565 930 4671 Capella
952 4583 990 4642 et
1005 4565 1142 4643 Iacobo
1160 4566 1207 4642 de
1233 4567 1417 4672 Majoricis
1442 4565 1488 4642 de
1512 4585 1694 4644 conventu
1713 4565 1833 4642 Predi·

416 4717 582 4776 catorum
601 4697 880 4784 Parisiensium,
908 4714 944 4772 et
967 4682 1417 4802 pluribus'aliis'testihus
1441 4696 1487 4773 ad
1509 4698 1581 4774 hoc
1595 4697 1732 4774 vocatis
1753 4723 1830 4800 spor

415 4827 557 4904 cialiter
577 4843 614 4902 et
632 4825 780 4931 rogatis.
