4202 5876
688 478 885 568 esoces
911 495 1008 566 oss
1034 494 1358 568 rrrrarrsas.
1616 533 1617 538 κ
1654 495 1725 574 aar

299 635 369 714 nisi
387 635 435 716 sit
452 634 641 726 sacerdOS,
664 634 789 744 potest
808 635 974 744 aliquem
999 635 1192 715 absolvere
1214 665 1234 712 a
1257 637 1433 744 peccatis,
1455 654 1493 716 at
1514 639 1544 717 si
1570 666 1729 746 magnus
1795 645 1799 654 '

298 766 477 873 Magister
493 765 583 844 dicti
604 767 955 866 ordinisconfessus
969 767 1044 846 fuit
1058 797 1098 847 se
1117 796 1228 874 posse
1241 768 1335 846 alios
1354 768 1487 848 fratres
1502 769 1693 849 absolvere
1710 799 1728 845 a

299 898 478 1003 peccatis,
495 897 591 976 sicut
607 899 646 976 in
666 898 823 978 articulo
844 900 992 990 dicitur,
1016 899 1207 980 consessus
1226 917 1281 978 est
1298 918 1426 980 contra
1444 929 1586 980 verum.

357 1031 450 1106 ltem
472 1029 565 1109 dixit
583 1031 686 1138 quod
705 1031 889 1138 recipiens
910 1048 948 1109 et
967 1049 1140 1138 receptus
1160 1031 1424 1110 deosculantur
1443 1062 1483 1110 se
1506 1034 1546 1109 in
1566 1062 1630 1111 ore
1651 1051 1731 1110 tan-

301 1179 399 1252 tum,
428 1179 466 1238 et
489 1161 568 1269 ipse
593 1179 763 1268 receptus
787 1164 931 1242 noviter
954 1163 1144 1242 osculatur
1166 1164 1204 1240 in
1232 1191 1297 1242 ore
1315 1180 1460 1240 tantum
1485 1161 1616 1240 fratres
1638 1163 1731 1240 alios

304 1292 472 1399 ejusdem
490 1291 632 1370 ordinis
651 1292 797 1401 aliquos
807 1295 1104 1385 circumstantes,
1121 1293 1179 1372 vel
1195 1321 1327 1374 omnes
1345 1294 1403 1373 vel
1418 1295 1563 1402 aliquos
1583 1297 1631 1372 de
1647 1324 1732 1401 pre-

302 1423 422 1502 dictis.

359 1555 461 1632 Dixit
481 1556 598 1634 eciam
619 1556 724 1662 quod
745 1558 886 1664 recepti
904 1535 943 1632 iri
962 1556 1094 1634 ordine
1117 1556 1330 1662 supradicto
1354 1557 1579 1662 promittunt
1602 1559 1641 1632 in
1665 1587 1731 1634 sua

302 1686 521 1794 receptione
536 1687 635 1764 inter
651 1686 721 1764 alia
733 1689 839 1794 quod
852 1715 929 1764 non
942 1687 1096 1765 exibunt
1106 1715 1176 1764 nec
1190 1687 1405 1794 relinquent
1419 1687 1542 1792 ipsum
1556 1687 1730 1764 ordinem

303 1847 373 1923 pro
393 1818 529 1896 minori
550 1818 608 1896 vel
624 1818 773 1926 majori,
796 1819 874 1897 sine
895 1819 1050 1898 licencia
1070 1819 1274 1926 superioris
1293 1818 1357 1925 qui
1370 1816 1515 1894 ‘dictam
1538 1817 1729 1895 licenciam

302 1950 420 2053 possit
439 1949 546 2040 dare3
573 1966 610 2026 et
633 1949 882 2027 incontinenti
906 1968 992 2056 post
1010 1977 1142 2028 eorum
1168 1949 1428 2055 recepcionem
1452 1947 1641 2026 habentur
1665 1977 1732 2058 pro

304 2078 498 2184 professis,
517 2085 621 2190 juxta
635 2096 769 2156 statuta
784 2080 928 2157 ordinis
944 2080 1031 2156 dicti
1044 2077 1206 2186 Templi.
1225 2079 1310 2172 Qus
1324 2079 1480 2186 quidem
1495 2081 1734 2185 recepciones

304 2211 402 2288 fiunt
417 2209 533 2288 nullis
547 2210 784 2316 presentibus
797 2211 870 2288 nisi
885 2209 1062 2288 fratribus
1081 2209 1224 2288 ordinis
1244 2210 1459 2317 supradicti.

292 2413 294 2419 ,
361 2342 420 2420 Ad
436 2341 639 2418 xl-lxxxrr
654 2343 829 2420 articulos
842 2341 1023 2420 inclusive
1034 2400 1048 2430 ‚.
1061 2340 1261 2447 diligenter
1274 2357 1313 2416 et
1326 2339 1513 2451 sigillatim
1526 2341 1734 2448 interroga-

305 2492 382 2562 tus,
397 2473 627 2578 respondens
642 2473 787 2580 negavit
801 2475 902 2577 ipsos
916 2469 1092 2551 articulos
1104 2488 1145 2547 et
1159 2471 1286 2548 omnia
1303 2487 1340 2547 et
1354 2470 1499 2578 singula
1513 2473 1731 2587 contentain

307 2606 379 2695 eis,
395 2620 551 2708 excepto
569 2603 673 2708 quod
692 2601 882 2680 consessus
898 2602 1075 2707 estquod
1091 2602 1162 2706 ipsi
1182 2600 1313 2676 [ratres
1332 2602 1532 2708 cinguntur
1549 2631 1661 2708 super
1675 2631 1734 2679 ca-

307 2735 453 2814 misiam
479 2732 643 2809 cordulis
670 2731 717 2808 de
743 2729 820 2808 lino
846 2729 905 2808 vel
930 2731 978 2808 de
1005 2732 1088 2808 lana
1115 2729 1173 2809 vel
1193 2728 1240 2806 de
1260 2758 1416 2836 canape;
1442 2731 1587 2839 negavit
1610 2715 1735 2810 tamen

307 2863 412 2972 quod
427 2864 506 2970 ipse
516 2863 671 2942 cordule
681 2890 760 2939 non
769 2863 1046 2970 cingunturnec
1057 2878 1262 2970 ta'ngrmtur
1272 2861 1312 2938 in
1326 2861 1509 2969 capitibus
1520 2861 1734 2970 ydolorum.

363 2997 456 3073 laem
476 2993 665 3073 confessus
684 2993 860 3102 estquod
878 2993 949 3100 ipsi
964 2992 1095 3070 fratres
1113 2993 1337 3100 promittunt
1353 2993 1455 3072 inter
1474 2993 1544 3072 alia
1567 3011 1736 3101 tempore

308 3157 374 3205 sue
393 3125 634 3234 receptionis,
656 3127 760 3232 quod
777 3125 934 3204 modum
954 3123 1178 3230 receptionis
1196 3153 1263 3203 sue
1283 3151 1361 3202 non
1375 3123 1538 3204 debeant
1557 3124 1735 3218 revelare,

309 3285 383 3366 que
398 3257 494 3336 fiunt
505 3275 544 3336 et
558 3256 737 3336 dicuntur
756 3255 796 3333 in
807 3256 896 3364 ipsis
912 3255 1096 3363 capitulis,
1117 3283 1187 3334 nec
1201 3254 1306 3362 loqui
1322 3255 1440 3334 eciam
1460 3285 1546 3334 cum
1564 3255 1738 3334 fratribus

310 3389 483 3498 ejusdcm
503 3388 648 3468 ordinis
668 3388 716 3466 de
740 3387 813 3465 hiis
833 3415 906 3496 qne
926 3403 1086 3493 agimtur
1105 3389 1145 3462 in
1164 3385 1253 3492 ipsis
1272 3385 1458 3493 capitulis,
1483 3387 1553 3463 nisi
1579 3386 1652 3464 hiis
1672 3389 1737 3492 qui

310 3519 557 3601 interluxerunt
574 3519 615 3596 in
631 3519 784 3598 eisdem.

366 3653 427 3729 Ad
446 3652 585 3740 lxxxtrr,
607 3651 742 3728 lxxxrrrr
764 3651 920 3729 etlxxsv
935 3649 1108 3728 articulos
1128 3649 1320 3739 inclusive,
1339 3649 1538 3758 diligenter
1553 3667 1590 3726 ct
1605 3649 1739 3756 sigilla-

311 3785 379 3862 tim
397 3785 663 3890 interrogatus,
685 3783 916 3890 respondens
935 3781 1027 3862 dixit
1045 3782 1150 3888 quod
1167 3780 1219 3857 illi
1241 3779 1369 3858 fratres
1389 3779 1453 3885 qui
1475 3779 1632 3858 confessi
1653 3797 1737 3856 sunt

312 3917 479 4014 predicta
499 3914 557 4020 vel
581 3915 727 4014 aliquos
751 3941 912 4000 errores.
935 3929 1048 4018 prout
1069 3913 1107 3989 in
1130 3913 1220 4020 ipsis
1240 3910 1401 3988 articulis
1421 3911 1642 3997 continetur,
1664 3937 1739 3987 non
1763 3897 1778 3928 ⁰

314 4040 489 4117 dixerunt
499 4066 646 4130 verum,
660 4066 748 4147 ymo
758 4038 910 4128 falsum,
926 4058 963 4117 et
975 4039 1124 4116 mentiti
1141 4057 1229 4118 sunt
1241 4067 1354 4146 super
1367 4041 1487 4146 capud
1504 4068 1630 4128 suum,
1646 4040 1741 4118 salva

313 4169 531 4250 excellentia
549 4170 659 4248 Sedis
678 4170 892 4277 apostolice.

370 4300 429 4378 Ad
448 4302 567 4380 lxxxvr
584 4301 782 4380 articulum
796 4303 995 4409 diligenter
1009 4303 1272 4410 interrogatus,
1288 4302 1520 4418 respondens
1532 4302 1626 4379 dixit
1637 4303 1741 4409 quod

312 4434 426 4511 frater
445 4431 670 4512 Gnillelmus
685 4430 733 4510 de
754 4432 909 4511 Abelars
926 4449 1124 4540 preceptor
1140 4432 1231 4511 olim
1254 4433 1352 4510 dicte
1366 4415 1510 4510 'domus
1521 4433 1639 4512 Mansi
1652 4434 1740 4525 Dei,

314 4565 353 4641 in
374 4563 513 4672 capella
535 4565 704 4672 ejusdem
726 4564 880 4655 domus,
903 4565 940 4640 in
962 4563 1081 4671 prima
1100 4564 1298 4642 Dominica
1318 4563 1537 4670 Carniprivii
1558 4564 1743 4672 Cadrage-

315 4697 408 4774 sime
423 4697 578 4775 Domini
599 4713 708 4774 erunt
722 4723 758 4774 rr
773 4697 858 4774 anni
875 4695 1006 4802 elapsi,
1021 4711 1063 4772 ut
1084 4695 1218 4788 credit,
1241 4695 1381 4801 recepit
1399 4695 1523 4802 ipsum
1540 4695 1603 4800 qui
1621 4693 1745 4801 loqui-

313 4846 376 4908 tur
395 4830 434 4906 in
453 4828 604 4906 fratrem
628 4828 771 4908 ordinis
795 4827 1014 4936 supradicti,
1044 4828 1281 4935 presentibus
1307 4845 1344 4905 et
1368 4827 1512 4906 ibidem
1538 4826 1743 4904 astantibus
