4486 5890
749 533 945 626 rnoods
971 555 1066 625 nus
1093 552 1395 626 inarmans.
1712 559 1779 634 151

360 699 602 776 emissionem
629 711 820 783 votorum,
845 695 1012 800 precepit
1039 694 1164 771 eidem
1184 693 1287 771 lratri
1309 693 1516 774 Guillelmo
1550 697 1597 774 de
1624 699 1782 776 Mazaies

358 830 464 935 quod
484 828 687 936 abnegaret
705 826 880 913 ihesum,
907 842 946 902 et
971 823 1077 932 quod
1096 841 1250 932 spueret
1276 855 1389 932 super
1405 827 1610 934 quamdam
1631 858 1779 908 crucem

359 988 473 1067 quam
493 959 614 1038 credit
627 983 709 1036 esse
730 953 836 1032 illam
851 955 958 1063 juxta
982 983 1096 1061 quam
1126 955 1206 1061 ipse
1225 956 1333 1035 testis
1363 974 1533 1062 spaeram
1557 976 1782 1038 nontamen

360 1090 581 1168 recordatur
612 1087 643 1166 si
664 1086 788 1164 dictus
819 1083 932 1165 irater
952 1083 1181 1164 Guillelmus
1209 1085 1402 1195 abnegavit
1426 1085 1582 1164 Jhesum
1615 1105 1653 1163 et
1682 1090 1783 1193 spuit

363 1247 476 1326 super
493 1219 553 1297 vel
569 1218 675 1327 juxta
697 1216 836 1322 dictam
853 1243 1020 1303 crucem;
1041 1215 1174 1321 pocius
1189 1233 1315 1296 tamen
1334 1216 1456 1294 credit
1473 1218 1579 1324 quod
1599 1219 1652 1295 sic
1668 1249 1782 1326 quarn

363 1350 602 1428 contrarium.
643 1345 815 1423 Plurium
854 1343 1139 1451 recepcionibus
1184 1373 1260 1422 non
1298 1345 1498 1434 adfuerat,
1537 1348 1634 1444 sicut
1678 1344 1782 1426 dixit.

361 1480 473 1568 ltem,
494 1478 588 1558 dixit
606 1476 711 1584 quod
733 1476 773 1552 in
794 1476 928 1556 ordine
946 1474 1159 1552 celebrabat
1178 1475 1387 1552 seeundum
1413 1474 1573 1552 sormam
1603 1476 1784 1565 Ecclesie‚

361 1609 531 1687 etcredit
550 1608 656 1716 quod
678 1605 739 1682 alii
756 1606 969 1684 sacerdotes
992 1603 1138 1682 ordinis
1159 1603 1293 1681 eodem
1310 1605 1426 1683 modo
1447 1603 1695 1696 celebrarent,
1717 1635 1786 1682 nec

361 1740 465 1818 scivit
480 1767 550 1817 nec
565 1737 709 1816 audivit
730 1737 958 1816 contrarium
980 1735 1149 1843 precipi..
1166 1734 1299 1813 Credit
1318 1735 1435 1812 eciam
1456 1734 1560 1841 quod
1577 1734 1639 1811 alii
1655 1735 1786 1814 fratres

361 1869 506 1947 ordinis
533 1870 630 1947 bene
652 1868 849 1946 crederent
878 1864 1134 1944 ecclesiasticis
1161 1865 1412 1942 sacramentis.
1443 1865 1577 1942 Statim
1598 1893 1667 1972 pro
1698 1895 1786 1972 pro·

360 1998 467 2079 lassis
486 1997 732 2076 habebantur.
752 1995 994 2076 Clandcstine
1010 1993 1298 2101 recipiebantur,
1320 1993 1436 2072 nullis
1451 1995 1690 2101 presentibus
1714 1998 1783 2074 nisi

358 2127 537 2206 fratribus
558 2127 719 2218 ordinis,
744 2154 789 2203 ex
805 2151 882 2232 quo
901 2123 1022 2202 credit
1039 2140 1139 2202 esset
1166 2125 1329 2232 suspicio
1349 2141 1478 2200 contra
1508 2152 1584 2201 eos.
1605 2126 1784 2204 Cordulis

360 2258 464 2336 unde
499 2258 676 2336 volebant
711 2256 911 2363 assumptis
939 2255 1198 2362 cingebantur,
1234 2255 1283 2333 de
1316 2255 1493 2332 mandato
1528 2257 1782 2361 superiorum,

361 2415 475 2494 super
498 2388 666 2466 camisias
691 2417 779 2466 cum
799 2387 939 2494 quibus
954 2385 1140 2494 jacebant.
1155 2385 1440 2494 ‘injungebatur
1473 2414 1541 2491 per
1576 2413 1784 2464 sacramen-

359 2534 444 2596 tum
469 2545 517 2596 ne
549 2516 758 2597 revelarent
788 2533 929 2596 secreta
960 2515 1209 2622 capitulorum
1242 2543 1312 2592 nec
1344 2517 1505 2594 modum
1532 2515 1781 2621 recepcionis,

361 2647 479 2726 eciam
499 2647 573 2726 illis
593 2646 769 2726 iratribus
788 2647 853 2753 qui
880 2674 956 2725 non
985 2645 1199 2734 adfuerant,
1226 2661 1263 2722 et
1286 2646 1319 2722 si
1340 2645 1569 2724 conuarium
1591 2644 1780 2733 fecissent,

361 2777 483 2882 puniti
503 2776 677 2869 luissent,
700 2777 767 2856 sed
788 2777 906 2854 nescit
925 2775 1098 2883 qualiter.
1130 2776 1241 2862 ltem,
1262 2774 1359 2852 dixit
1386 2775 1493 2882 quod
1525 2776 1574 2854 de
1605 2775 1783 2881 predictis

361 2903 612 3015 abnegacione
633 2924 673 2984 et
690 2906 884 3013 spuicionc
904 2935 972 3012 per
986 2933 1078 2984 eum
1106 2903 1209 2982 factis
1231 2904 1319 2996 fuit,
1337 2903 1445 2982 inira
1473 2921 1559 2983 octo
1578 2905 1660 2982 dies
1681 2935 1702 2983 a
1723 2934 1780 2982 re-

361 3037 537 3144 ceptione
557 3067 625 3114 sua
652 3053 692 3114 et
720 3053 920 3143 antequam
947 3036 1172 3123 celebraret,
1196 3034 1389 3114 confessus
1411 3035 1593 3114 Durando
1622 3035 1782 3114 Ancomi
1844 3037 1850 3042 ’

360 3167 570 3274 presbitero
590 3166 748 3244 seculari
769 3166 985 3273 quondam,
1006 3183 1098 3244 tune
1116 3166 1363 3242 commoranti
1384 3165 1424 3242 in
1444 3165 1618 3271 parocbia
1636 3166 1685 3243 de
1703 3166 1785 3244 Sel·
1919 3159 1922 3164 ’

361 3297 425 3386 lis,
454 3295 519 3403 qui
543 3296 667 3374 noluit
687 3324 779 3374 eum
803 3293 1000 3374 absolvere
1030 3313 1186 3403 propter
1211 3295 1490 3374 immanitatem
1517 3295 1701 3386 criminis,
1724 3324 1781 3374 re·

360 3428 515 3504 mittens
534 3455 622 3504 eum
651 3426 700 3503 ad
724 3425 913 3533 judicium
938 3425 1189 3513 discrecioris3
1215 3441 1370 3530 propter
1403 3425 1510 3533 quod
1543 3425 1648 3503 idem
1679 3429 1784 3504 testis

360 3553 452 3644 fuit,
475 3554 571 3634 infra
603 3556 698 3634 alios
730 3572 815 3634 octo
847 3554 943 3646 dies,
974 3554 1021 3632 de
1050 3554 1230 3660 predictis
1259 3554 1450 3634 consessus
1483 3558 1583 3662 apud
1604 3557 1782 3634 Sanctum

308 3773 310 3776 ,
361 3686 518 3765 Florum
542 3687 694 3764 cuidam
721 3685 824 3763 fratri
845 3684 1002 3776 Minori,
1031 3684 1138 3792 cujus
1159 3711 1301 3762 nomen
1327 3699 1366 3761 et
1381 3711 1591 3791 cognomen
1621 3686 1783 3795 ignorat,

346 3832 401 3892 et
419 3844 535 3922 quem
556 3833 757 3894 mortuum
768 3839 852 3894 esse
867 3815 1026 3906 audivit,
1042 3843 1156 3922 aquo
1177 3813 1372 3894 absolutus
1391 3814 1527 3902 extitit,
1551 3831 1589 3892 et
1601 3813 1787 3922 jejunavit

362 3947 518 4052 inpane
540 3963 578 4023 et
597 3974 694 4054 aqua
713 3963 834 4024 sextas
859 3945 969 4024 lorias
994 3974 1063 4052 per
1086 3973 1208 4023 unum
1232 3973 1394 4038 annum,
1418 3944 1518 4024 ,sicut
1537 3943 1719 4050 imposuit
1735 3945 1783 4022 ei.

362 4075 511 4152 Fratres
530 4075 692 4154 scientes
712 4103 859 4156 errores
889 4075 1046 4153 luerunt
1065 4077 1297 4186 negligentes
1321 4075 1409 4183 quia
1430 4101 1513 4154 non
1544 4093 1787 4152 correxerunt

363 4233 428 4282 eos
448 4233 517 4284 nec
549 4206 869 4284 denunciaverunt
894 4205 1070 4285 Ecclesie.
1091 4207 1326 4286 Elemosinas
1357 4223 1396 4286 et
1421 4203 1714 4313 hospitalitatem
1734 4206 1788 4286 vi-

363 4337 420 4414 dit
447 4336 713 4416 convenianter
740 4335 823 4414 lieri
850 4353 888 4414 et
901 4337 1047 4418 'servari
1071 4338 1110 4414 in
1131 4339 1230 4416 dicta
1251 4339 1366 4416 domo
1386 4337 1425 4414 in
1444 4362 1520 4444 qua
1544 4336 1667 4414 extitit
1684 4363 1787 4416 com-

360 4483 548 4554 moratus,
569 4483 608 4542 et
635 4466 912 4575 precipiebatur
940 4466 995 4544 cis
1023 4468 1129 4573 quod
1152 4469 1254 4576 juste
1286 4466 1522 4574 acquirerent
1539 4464 1684 4544 ordini.
1716 4465 1788 4544 Or-

362 4595 490 4674 dinato
509 4619 578 4700 per
602 4595 824 4704 Magistrum
841 4625 928 4674 cum
943 4612 1129 4674 conventu
1145 4615 1326 4676 servasset
1336 4613 1441 4676 totas
1455 4595 1571 4687 ordo,
1585 4611 1629 4688 ,at
1643 4595 1787 4672 atrdivit

363 4724 438 4802 dici
469 4723 688 4829 frequenter
716 4755 736 4802 a
769 4724 948 4804 fratribus
982 4725 1145 4814 ordinis,
1167 4726 1215 4804 de
1242 4725 1385 4834 quibus
1415 4753 1492 4804 non
1512 4721 1662 4813 recolit,
1682 4723 1788 4830 quod

362 4879 508 4940 errores
539 4853 736 4934 confessati
763 4883 830 4960 per
850 4884 940 4934 eum
961 4855 1116 4934 fuerunt
1135 4856 1339 4934 introducti
1347 4857 1409 4974 jn»
1420 4853 1555 4934 ordine
1589 4869 1676 4960 post
1703 4852 1788 4931 obi·

1591 5013 1639 5072 ¹7·
