4486 5890
574 513 644 588 un
957 493 1154 586 rences
1182 513 1276 585 nes
1304 513 1606 586 rnurmsns.

569 654 808 746 mantellum,
827 671 864 730 et
886 655 966 762 ipse
989 673 1025 731 et
1045 671 1207 732 astantes
1222 653 1377 733 osculati
1399 654 1555 732 fuerunt
1581 683 1669 730 eum
1693 654 1731 729 in
1754 683 1832 734 ore.
1850 657 1996 736 Deinde

566 787 675 863 allata
698 785 862 892 quadarn
891 813 1000 862 cruce
1022 785 1214 862 metallina
1240 785 1276 860 in
1303 813 1378 892 qua
1400 801 1478 862 crat
1500 813 1634 892 ymago
1653 784 1830 864 Crucifixi
1850 817 1918 894 per
1940 789 1994 865 di-

566 934 668 995 ctum
688 915 957 1023 presbiterum,
981 915 1222 1024 interrogarit
1241 916 1365 1022 ipsum
1383 933 1518 994 testem
1540 915 1662 992 dictus
1682 936 1854 1023 receptor
1870 920 1899 995 si
1922 947 1995 997 cre·

567 1047 679 1124 debat
699 1047 738 1122 in
756 1046 863 1122 illum
884 1046 949 1152 qui
975 1046 1302 1152 representabatur
1321 1075 1389 1154 per
1407 1045 1544 1122 dictam
1565 1047 1778 1154 ymaginem
1801 1048 1992 1142 Cruciliri;

566 1207 643 1284 quo
658 1177 912 1284 respondente
932 1178 1035 1282 quod
1055 1179 1124 1268 sic,
1148 1177 1241 1253 dixit
1262 1177 1294 1252 ei
1316 1177 1518 1283 quodnou
1539 1175 1703 1255 debebat
1719 1178 1888 1270 credere,
1909 1179 1993 1287 quia

566 1307 679 1385 falsus
697 1308 878 1413 propheta
898 1305 1039 1395 fuerat,
1063 1324 1100 1384 et
1120 1307 1288 1414 precepit
1305 1307 1338 1382 ei
1360 1307 1464 1414 quod
1484 1306 1688 1414 abnegaret
1713 1337 1801 1385 eum
1827 1324 1865 1385 et
1888 1339 1993 1416 spue-

567 1454 625 1512 ret
651 1465 763 1542 supra
788 1465 936 1513 crucem
965 1436 1193 1542 predictam,
1222 1451 1260 1512 et
1292 1453 1379 1512 tunc
1404 1436 1482 1542 ipse
1508 1438 1633 1526 testis,
1656 1465 1732 1514 non
1757 1439 1901 1515 audens
1929 1469 1993 1517 nec

566 1567 684 1643 sciens
698 1567 885 1657 resistere,
903 1595 991 1642 cum
1013 1583 1110 1644 esset
1127 1565 1292 1641 multum
1307 1565 1473 1672 juvenis,
1490 1566 1624 1644 dolens
1642 1583 1786 1657 tamen,
1803 1569 1993 1680 abnegavit

566 1725 630 1772 ore
650 1725 728 1772 non
746 1697 876 1785 corde,
895 1713 934 1772 et
951 1697 1053 1802 spuit
1063 1695 1168 1803 juxta
1185 1724 1261 1774 non
1277 1725 1388 1803 supra
1409 1695 1546 1774 dictam
1568 1727 1730 1776 crucem.
1749 1700 1993 1778 Postmodum

568 1827 661 1902 dixit
680 1828 715 1902 ei
740 1825 843 1932 quod
863 1841 1010 1932 poterat
1029 1825 1262 1902 commisceri
1288 1825 1484 1902 carnaliter
1500 1855 1585 1903 cnm
1609 1826 1785 1905 fratribus
1798 1831 1941 1907 ordinis
1962 1849 1995 1908 et
2103 1919 2113 1936 .

568 1957 638 2064 ipsi
660 1985 747 2034 cum
768 1985 832 2046 eo,
855 1956 933 2060 ipse
954 1973 1081 2032 tamen
1107 1983 1185 2032 non
1209 1955 1296 2032 fecit
1313 1984 1382 2033 nec
1402 1954 1473 2031 fuit
1493 1984 1658 2063 unquam
1682 1961 1902 2065 requisitus,
1931 1989 1997 2038 nec

569 2087 687 2164 credit
703 2086 807 2192 quod
820 2085 918 2163 illud
930 2102 1125 2191 peccatum
1142 2103 1419 2193 perpetraretur
1434 2087 1472 2163 in
1491 2087 1636 2164 ordine.
1653 2088 1870 2195 Requisitus
1884 2092 1916 2167 si
1930 2093 2000 2168 alia

569 2217 767 2294 inhonesta
787 2215 825 2290 in
846 2215 953 2292 dictis
978 2215 1143 2292 articulis
1166 2231 1340 2294 contenta
1361 2235 1427 2293 aut
1450 2216 1521 2293 alia
1545 2217 1812 2295 intervenirent
1838 2219 1875 2296 in
1903 2221 2003 2298 dicta

569 2377 636 2424 sua
651 2347 870 2453 recepcione
892 2345 950 2422 vel
970 2363 1070 2451 post,
1092 2345 1288 2452 respondit
1304 2346 1408 2453 quod
1436 2375 1513 2424 non
1533 2348 1762 2426 recordetur.
1783 2351 2007 2456 Requisitus

570 2479 599 2554 si
623 2477 741 2554 credit
760 2477 866 2582 quod
886 2474 1014 2550 illicita
1035 2474 1237 2553 confessata
1255 2505 1325 2582 per
1345 2504 1433 2553 eum
1460 2476 1728 2555 intervenirent
1748 2481 2010 2558 communiter

570 2608 609 2682 in
636 2605 920 2712 recepcionibus
950 2605 1113 2682 aliorum
1143 2605 1300 2682 fratrum
1334 2604 1392 2682 vel
1422 2623 1524 2710 post,
1553 2608 1749 2713 respondit
1781 2611 2011 2688 recredere

572 2738 676 2844 quod
695 2737 761 2823 sic,
782 2735 871 2842 quia
890 2735 983 2811 vidit
1004 2735 1139 2842 recipi,
1162 2752 1251 2812 sunt
1267 2761 1350 2813 xxvi
1375 2734 1462 2810 aurii
1483 2734 1541 2811 vel
1561 2737 1673 2823 circa,
1694 2737 1791 2814 ultra
1817 2766 1935 2828 mare,
1963 2741 2012 2815 in

571 2865 733 2973 quadarn
750 2894 893 2942 camera
922 2865 1059 2941 domus
1081 2865 1230 2970 Templi
1260 2865 1306 2941 de
1334 2866 1508 2950 Tortosa,
1535 2862 1687 2941 fratrem
1719 2866 1931 2944 lobannem
1964 2869 2013 2944 lo

571 2999 662 3072 Test
676 2993 724 3070 de
738 2994 873 3100 Apulia
890 2994 1130 3083 servientem,
1149 2995 1196 3071 de
1213 2994 1321 3102 cujus
1333 2994 1405 3070 vita
1417 2995 1476 3070 vel
1492 3011 1613 3071 morte
1626 3023 1703 3073 non
1719 2995 1833 3072 babet
1849 2999 2014 3076 certitu-

573 3127 722 3212 dinem,
738 3154 806 3230 per
818 3124 970 3200 fratrem
983 3123 1213 3200 Ademarum
1230 3125 1276 3200 de
1297 3127 1461 3230 Peyruza
1474 3123 1651 3212 militem,
1664 3126 1856 3231 qnondam
1870 3125 2015 3204 castel-

573 3254 702 3332 lanum
723 3255 771 3332 de
790 3255 983 3342 Tortossa,
998 3253 1238 3359 presentibus
1254 3252 1430 3330 fratribus
1445 3253 1612 3330 Jobanne
1630 3253 1677 3330 de
1691 3253 1815 3343 Acon,
1831 3255 2016 3332 lobanne

574 3386 620 3462 de
647 3383 813 3461 Nivernis
833 3382 1098 3472 servientibus,
1121 3383 1328 3462 Bertrando
1353 3382 1545 3461 Amblardi
1572 3400 1611 3460 et
1631 3385 1838 3462 Bertrando
1867 3385 1915 3462 de
1937 3385 2020 3462 Sa·-

571 3515 706 3592 vinhac
730 3513 933 3604 militibus,
961 3513 1178 3602 delfunctis,
1208 3530 1245 3591 et
1269 3511 1443 3619 pluribus
1470 3512 1551 3590 aliis
1579 3541 1676 3620 quos
1701 3513 1820 3590 credit
1849 3512 2019 3591 obiisse-

572 3644 675 3720 Vidit
704 3643 821 3722 eciam
841 3643 956 3750 recipi
990 3644 1028 3720 in
1051 3643 1191 3750 capella
1217 3643 1354 3720 domus
1378 3642 1528 3750 Templi
1559 3645 1606 3720 de
1634 3643 1669 3719 la
1692 3644 1893 3750 llansioyra
1918 3643 2024 3722 Cla-

573 3774 821 3852 ramontcnsis
841 3774 1017 3863 diocesis,
1036 3791 1125 3852 sunt
1141 3773 1286 3850 circiter
1307 3771 1373 3852 xx¹⁵
1394 3773 1499 3861 anni,
1520 3772 1672 3852 fratrem
1698 3773 1933 3880 Stephanum
1955 3775 2025 3850 de

573 3904 724 3980 Riallrac
737 3904 973 3992 servientem,
989 3904 1305 3982 Claramontensis
1324 3903 1502 3992 diocesis,
1521 3904 1587 4012 qui
1606 3903 1869 3996 transfretavit,
1887 3925 2027 4011 quern

574 4033 706 4138 recipit
725 4032 839 4110 frater
858 4032 1077 4140 Aymericus
1091 4032 1243 4139 Georgii
1265 4050 1462 4139 preceptor
1487 4032 1585 4109 dicte
1613 4035 1766 4124 domus,
1782 4034 1848 4140 qui
1872 4033 2029 4142 affugit

574 4162 727 4270 qnando
747 4162 810 4240 alii
830 4164 925 4269 capti
954 4161 1127 4251 fuerunt,
1148 4163 1386 4268 presentibus
1406 4162 1584 4240 fratribus
1604 4161 1771 4242 Roberto
1798 4163 1845 4240 de
1871 4164 2028 4244 Saliu-

576 4294 672 4370 nhac
685 4291 1016 4386 Claramontensis,
1039 4312 1077 4370 et
1095 4292 1260 4403 Georgio
1280 4292 1342 4370 del
1358 4294 1498 4398 Saphet
1511 4293 1764 4370 Rntbenensis
1782 4293 2026 4372 diocesinnm

576 4423 843 4512 servientibus,
872 4424 938 4530 qui
958 4424 1128 4501 vivebant
1150 4413 1322 4530 tempore
1351 4424 1553 4530 capcionis,
1569 4423 1609 4498 in
1630 4413 1793 4528 quorum
1818 4424 2029 4531 recepcio-

577 4552 691 4630 nibus
719 4553 812 4630 vidit
829 4554 934 4660 quod
962 4553 1229 4632 intervenirent
1255 4553 1355 4630 licita
1375 4571 1413 4630 et
1435 4552 1564 4630 illicita
1588 4551 1792 4630 confessata
1812 4581 1882 4660 per
1902 4579 2025 4630 euru·

577 4684 746 4762 Plurium
768 4685 1053 4792 recepcionibus
1073 4714 1112 4762 se
1137 4683 1300 4762 adfuisse
1322 4713 1397 4762 uon
1418 4684 1564 4774 recolit,
1585 4713 1655 4762 nec
1674 4686 1753 4790 ipse
1778 4685 1921 4790 recepit
1940 4681 2028 4759 ali·

577 4843 704 4921 quem.
727 4818 837 4904 ltem,
867 4815 960 4894 dixit
978 4843 1018 4892 se
1044 4815 1196 4893 credere
1217 4815 1321 4922 quod
1343 4813 1474 4894 fratres
1496 4814 1642 4892 ordinis
1667 4814 1864 4892 crederent
1886 4813 2025 4892 eccle·-

2236 3440 2239 3479 r

2236 3494 2239 3550 l

2238 3564 2240 3654 v
