4210 5882
494 521 497 530 '
595 509 598 521 '
669 525 867 618 pauens
891 545 989 617 ons
1014 544 1314 619 rnurmnns.
1630 547 1702 622 tu

280 698 473 760 tenentem
499 684 726 790 preceptoris
751 684 850 764 dicte
875 685 1029 774 domus,
1058 685 1295 791 presentibus
1322 683 1433 762 fratre
1452 683 1629 766 Guidone
1656 687 1704 764 de

190 831 196 842 ·
279 813 458 892 Ferrariis
479 831 516 890 et
534 814 646 894 fratrc
664 815 847 896 Michaele
873 816 921 894 de
941 816 1043 906 Fles,
1063 833 1099 894 et
1122 816 1350 923 quibusdam
1371 815 1453 894 aliis
1474 817 1522 894 de
1540 846 1703 925 quorum

279 944 498 1023 nominibus
523 971 600 1024 non
627 945 772 1026 recolit.
801 945 905 1025 Dixit
934 947 1052 1026 eciam
1080 974 1149 1055 per
1166 947 1424 1053 juramentum
1448 969 1562 1028 suum
1580 951 1702 1056 quod,

279 1092 369 1178 post
384 1074 521 1154 multas
539 1076 806 1182 promissiones
821 1077 868 1156 de
887 1077 1127 1156 observandis
1139 1080 1286 1158 statutis
1303 1096 1341 1157 et
1361 1079 1513 1156 secretis
1533 1078 1623 1158 dicti
1645 1108 1707 1160 or-

281 1204 378 1284 dinis
394 1205 442 1284 ab
456 1234 502 1285 eo
517 1207 646 1296 factas,
669 1207 793 1286 dietus
806 1208 993 1314 recipiens
1005 1207 1094 1286 fecit
1110 1237 1150 1286 se
1166 1209 1326 1286 osculari
1342 1209 1392 1288 'ab
1407 1237 1452 1287 eo
1470 1210 1509 1288 in
1522 1209 1704 1289 umbilico

279 1350 317 1410 et
345 1336 385 1414 in
405 1363 487 1424 ore,
516 1352 553 1414 et
576 1353 705 1444 postea
737 1337 860 1418 dictus
884 1339 1068 1444 recipiens
1095 1338 1277 1444 aportavit
1305 1339 1377 1416 sibi
1398 1339 1600 1446 quamdam
1619 1369 1705 1420 cru-

280 1493 362 1542 cem
379 1466 426 1544 de
441 1466 557 1573 ligno,
574 1483 612 1544 et
623 1468 791 1574 precepit
807 1468 879 1546 sibi
894 1469 1000 1574 quod
1014 1485 1072 1546 ter
1090 1483 1242 1574 spueret
1262 1495 1372 1573 supra
1389 1469 1526 1548 dictam
1541 1499 1702 1558 crucem,

279 1595 414 1702 etipse
435 1596 697 1676 inuitusfinxit
725 1627 764 1676 se
789 1627 924 1704 spuere
948 1627 1059 1704 supra
1084 1599 1220 1676 dictam
1248 1627 1397 1678 crucem
1417 1599 1491 1687 bis,
1516 1599 1585 1678 sed
1604 1602 1705 1706 spuit

147 1735 149 1738 ’
273 1727 377 1832 juxta
396 1757 545 1806 erucem
560 1730 608 1806 ad
623 1747 774 1806 terram.
788 1730 889 1808 Dixit
905 1730 1022 1810 eciam
1037 1758 1105 1835 per
1117 1731 1375 1838 juramentum
1390 1759 1503 1810 suum
1523 1732 1629 1838 quod
1647 1732 1704 1808 di-

279 1875 360 1934 ctus
377 1861 561 1965 recipiens
576 1860 670 1970 dixit
681 1859 753 1940 sibi
775 1861 879 1968 quod
896 1864 926 1940 si
948 1888 1026 1938 non
1046 1875 1173 1966 posset
1197 1857 1407 1946 continere,
1425 1859 1610 1938 habitaret
1626 1889 1704 1940 car-

254 2047 258 2054 .
278 1987 414 2066 naliter
429 1989 706 2070 cumfratribus
725 1989 887 2080 ordinis,
914 1991 983 2068 sed
1003 1990 1095 2068 dixit
1114 1988 1220 2096 quod
1238 2017 1432 2094 nunquam
1457 1988 1592 2066 accidit
1612 1991 1702 2080 sibi;

277 2134 316 2194 et
333 2119 427 2196 dixit
440 2119 503 2200 ille
515 2121 580 2226 qui
597 2120 766 2226 loquitur
777 2121 882 2228 quod
899 2121 1078 2226 premissa
1097 2137 1184 2198 sunt
1197 2119 1268 2196 sibi
1290 2119 1388 2196 dicta
1404 2136 1442 2198 et
1457 2118 1551 2196 lacta
1571 2121 1610 2196 in
1624 2149 1703 2226 pre·

278 2251 402 2329 sencia
416 2251 587 2330 omnium
601 2252 870 2330 assistencium.
883 2251 985 2330 Dixit
997 2251 1114 2329 eciam
1124 2278 1193 2356 per
1200 2251 1459 2356 juramentum
1473 2277 1585 2326 suum
1600 2253 1704 2356 quod

165 2387 168 2393 '
278 2379 370 2456 vidit
386 2409 504 2458 unum
524 2381 674 2458 fratrem
695 2383 810 2488 recipi
832 2383 870 2457 in
891 2381 992 2458 dicto
1011 2381 1159 2468 ordine,
1183 2397 1221 2456 et
1240 2377 1479 2484 creditquod
1494 2380 1573 2485 ipsc
1590 2381 1702 2458 etalii

279 2511 368 2588 dicti
388 2511 532 2590 ordinis
545 2487 685 2618 recepti
706 2529 794 2592 sunt
808 2540 877 2618 per
891 2513 1004 2590 istum
1021 2512 1192 2588 modum.

335 2642 584 2749 Interrogatus
598 2659 727 2720 utrum
742 2643 793 2730 vi,
805 2640 863 2718 vel
877 2657 981 2718 metu
996 2641 1152 2720 carceris
1163 2667 1232 2720 seu
1242 2656 1536 2750 tormentorum,
1554 2657 1619 2718 aut
1634 2641 1704 2725 alis
1782 2629 1784 2638 '

280 2771 327 2848 de
342 2799 469 2860 eausa,
490 2771 652 2878 aliquam
672 2773 807 2850 dixerit
825 2771 1024 2848 falsitatem
1045 2788 1110 2848 aut
1133 2771 1379 2848 immiscuerit
1402 2771 1443 2846 in
1462 2771 1702 2878 deposicione

277 2929 361 2990 sua,
381 2902 474 2979 dixit
492 2929 560 3008 per
569 2902 829 3008 juramentum
845 2929 957 2978 suum
977 2899 1083 3008 quod
1100 2923 1195 2990 non;
1217 2901 1334 2982 immo
1353 2928 1486 3005 puram
1504 2917 1542 2978 et
1562 2929 1702 2980 meram

279 3031 421 3109 dixerat
439 3033 645 3112 veritatem.
1496 3039 1498 3046 ⁴

313 3299 428 3374 'ltem
447 3296 561 3376 frater
586 3296 761 3375 Nicolaus
789 3297 837 3374 de
866 3297 1102 3400 Compendio
1133 3315 1331 3402 preceptor
1345 3297 1492 3374 vdomus
1515 3295 1561 3376 de
1584 3297 1702 3374 Bosco

279 3426 398 3514 Sonti,
424 3428 531 3504 etatis
554 3427 799 3535 quadraginta
819 3455 1004 3504 annorum
1032 3425 1090 3504 vel
1118 3427 1232 3514 circa,
1251 3427 1398 3532 juretus
1424 3424 1561 3505 eodem
1588 3426 1702 3503 modo

278 3558 327 3634 de
346 3585 386 3634 se
402 3573 440 3634 et
458 3557 540 3636 aliis
555 3558 593 3636 in
611 3585 719 3636 causa
738 3556 829 3634 fidei
851 3557 975 3634 dicere
995 3555 1207 3644 veritatem,
1225 3572 1262 3632 et
1276 3557 1528 3662 interrogatus
1543 3555 1591 3633 de
1605 3572 1702 3634 tern-

275 3714 367 3791 pore
389 3705 426 3764 et
440 3689 555 3766 modo
572 3717 638 3766 sue
659 3689 907 3794 receptionis,
927 3686 1018 3764 dixit
1032 3714 1101 3792 per
1110 3687 1366 3793 juramentum
1381 3715 1490 3764 suum
1510 3686 1614 3792 quod
1629 3684 1703 3762 luit

276 3837 448 3924 receptus
467 3819 507 3895 in
526 3821 640 3898 domo
662 3821 709 3897 de
725 3819 866 3907 Veleia,
888 3836 973 3896 octo
994 3819 1079 3895 anni
1100 3835 1187 3894 sunt
1207 3817 1321 3923 elapsi
1339 3817 1398 3894 vel
1419 3817 1529 3904 circa,
1550 3845 1619 3920 per
1630 3816 1702 3893 lra-

275 3965 370 4024 trem
397 3950 657 4056 Raymundum
682 3950 730 4029 de
755 3949 834 4029 Gisi
861 3965 1093 4054 receptorem
1119 3948 1337 4054 Campsnie,
1364 3945 1599 4052 presentibus
1628 3945 1700 4022 fra·

158 4175 161 4181 ·
276 4079 396 4158 tribus
414 4079 596 4160 Gansrido
617 4081 664 4158 de
678 4082 792 4159 Trahi
811 4097 850 4157 et
868 4081 1038 4158 iohanne
1054 4081 1102 4157 de
1112 4077 1304 4186 Vemoli0‚
1328 4093 1365 4154 et
1379 4077 1604 4183 quibusdem
1618 4076 1702 4158 aliis

276 4212 323 4287 de
350 4239 515 4316 quorum
541 4210 760 4289 nominibus
790 4239 866 4288 non
901 4209 1042 4288 recolit.
1076 4210 1176 4288 Dixit
1206 4210 1322 4286 eciam
1351 4235 1419 4313 per
1440 4209 1699 4315 juramentum

275 4342 523 4448 suumquod,
540 4358 624 4448 post
643 4339 779 4418 multas
791 4339 1059 4446 promissiones
1079 4339 1126 4416 de
1140 4339 1287 4417 statutis
1302 4355 1339 4415 et
1358 4338 1512 4417 secretis
1527 4337 1617 4415 dicti
1638 4365 1701 4414 or-

276 4472 375 4550 dinis
390 4473 436 4548 ab
457 4499 502 4548 eo
522 4471 649 4561 lactas,
671 4471 794 4549 dictus
813 4470 997 4575 recipiens
1017 4469 1184 4575 precepit
1202 4469 1274 4545 sibi
1293 4468 1397 4574 quod
1417 4485 1570 4573 spueret
1589 4497 1700 4573 supra

276 4630 426 4680 crucem
444 4601 611 4678 mantelli
626 4601 700 4688 sui,
714 4602 802 4707 quia
816 4599 899 4678 talis
914 4618 993 4678 eret
1010 4601 1146 4677 modus
1163 4612 1229 4676 s'ne
1249 4597 1461 4708 religionis,
1480 4615 1517 4675 et
1537 4599 1615 4704 ipse
1631 4601 1702 4674 mi-

275 4749 376 4810 ratus
392 4749 429 4810 et
442 4730 615 4811 turbatus
628 4730 752 4819 valde,
770 4731 882 4807 dixit:
900 4731 1107 4817 «Domine,
1124 4730 1318 4836 quomodo
1334 4727 1495 4808 lacerem
1508 4728 1581 4806 boo
1595 4729 1700 4834 quod

276 4892 345 4972 ego
352 4891 525 4969 spuerem
538 4892 648 4969 supra
658 4889 805 4945 crucem
818 4863 858 4942 in
865 4891 939 4970 qua
948 4863 1114 4941 Salvator
1126 4889 1233 4940 meus
1243 4860 1425 4940 bxitvivus
1433 4876 1470 4938 et
1481 4861 1673 4936 mortuus?
1687 4898 1698 4926 υ

361 5014 466 5074 raocts
482 5031 535 5072 nas
554 5030 727 5074 scaenicas.
740 5045 782 5058 -
795 5031 827 5070 rr.
1512 5006 1551 5068 ts
