4202 5876
674 517 870 616 raooss
895 535 991 614 nas
1017 537 1316 616 aasentias.
1633 545 1706 616 sis
1840 501 1844 506 ’

342 678 400 756 Ad
419 673 657 760 xlvi-hans
672 682 849 762 articulos
864 681 1058 772 inclusive,
1077 682 1276 790 diligenter
1295 699 1334 760 et
1344 679 1533 788 sigillatim
1548 681 1710 762 interro—

284 825 408 914 gatus,
422 810 652 916 respondens
665 799 811 921 negavit
825 813 926 920 ipsos
938 813 1113 890 articulos
1128 830 1166 890 et
1181 813 1307 892 omnia
1323 830 1362 890 et
1376 812 1522 919 singula
1537 831 1709 892 contenta

283 936 324 1014 in
339 937 408 1029 eis;
425 939 569 1017 addens
589 969 628 1018 se
648 969 718 1020 uec
738 943 831 1020 scire
848 971 917 1021 nec
936 943 1090 1020 credere
1105 971 1179 1049 que
1194 943 1373 1021 dicuntur
1388 944 1427 1020 in
1442 941 1533 1033 illis,
1548 971 1594 1022 eo
1610 947 1709 1025 salvo

284 1067 388 1175 quod
411 1069 480 1146 scit
499 1069 604 1176 qarod
628 1067 759 1150 fratres
786 1071 874 1149 dicti
900 1072 1059 1163 ordinis,
1088 1099 1132 1148 ex
1150 1100 1228 1178 quo
1249 1088 1338 1150 sunt
1354 1074 1493 1178 recepti
1513 1072 1562 1149 ad
1582 1074 1707 1166 illum,

282 1215 459 1277 tenentur
478 1217 516 1278 et
535 1200 678 1279 debent
695 1218 844 1308 portare
869 1201 1004 1310 singuli
1028 1202 1191 1310 singulas
1211 1202 1381 1280 cordulas
1408 1203 1455 1280 de
1483 1201 1561 1281 lino
1581 1204 1638 1280 vel
1661 1207 1708 1282 de

285 1357 421 1436 canape
440 1358 507 1407 ssu
527 1329 576 1408 de
596 1331 679 1408 lana
699 1359 811 1438 supra
831 1333 998 1409 canusias
1014 1359 1115 1420 suas,
1130 1331 1179 1410 ad
1191 1332 1447 1439 restringenda
1464 1334 1585 1410 carnis
1600 1334 1707 1422 vicia,
1815 1376 1820 1396 ·

285 1475 323 1534 et
341 1460 380 1534 in
401 1461 549 1566 signum
570 1463 775 1542 honestatis
795 1479 833 1539 et
852 1461 1027 1540 castitatis
1044 1462 1263 1568 promissae
1283 1490 1335 1541 se.

340 1587 498 1669 Addidit
518 1607 644 1668 umen
664 1592 770 1698 quod
794 1619 978 1698 nusquam
1005 1619 1093 1668 cum
1114 1591 1294 1697 predictis
1321 1591 1483 1670 cordulis
1508 1590 1629 1698 capita
1652 1594 1710 1672 vel

283 1718 396 1825 ydola
416 1722 615 1830 cinguntur
632 1722 690 1799 vel
710 1739 922 1829 tanguntur,
940 1750 1009 1799 nec
1023 1721 1076 1799 eis
1091 1719 1306 1828 injungitur,
1323 1739 1436 1826 prout
1454 1721 1589 1810 credit,
1605 1723 1710 1830 quod

284 1866 384 1926 certe
405 1850 650 1958 longitudinis
669 1851 832 1930 debeant
851 1879 932 1930 csse
953 1852 1051 1930 dicte
1067 1851 1240 1940 cordula,
1257 1851 1396 1958 quibus
1416 1851 1709 1958 omnitempore

284 1978 425 2058 dehent
449 1963 529 2059 esse
554 1983 731 2089 precincti
752 1999 897 2060 etcum
918 1983 972 2060 eis
991 1981 1174 2071 dormire,
1199 1980 1266 2058 sed
1285 1980 1441 2060 hanam
1461 1983 1621 2090 quisque
1637 1983 1709 2062 sihi

284 2137 346 2187 aas
360 2110 514 2194 assumit
527 2113 660 2190 breves
673 2112 729 2190 vel
744 2113 888 2219 longas,
903 2113 998 2192 sicut
1011 2111 1147 2218 placet,
1163 2127 1301 2188 etcum
1318 2139 1380 2188 eas
1391 2111 1572 2218 contingit
1585 2115 1708 2220 rumpi

283 2256 464 2319 vetustate
483 2242 539 2320 vel
562 2243 635 2320 alio
654 2243 785 2349 qarovis
799 2241 931 2331 modo,
948 2242 1134 2347 recipiunt
1152 2240 1241 2318 alias
1259 2240 1357 2317 sicut
1368 2239 1508 2318 volunt.

339 2369 486 2478 Adjecit
508 2372 624 2448 eciam
647 2372 753 2478 quod
777 2371 909 2449 fratres
934 2371 1022 2449 dicti
1044 2369 1202 2459 ordinis,
1229 2370 1331 2448 omni
1354 2387 1518 2449 cessante
1538 2371 1709 2477 prohibi-

284 2502 406 2588 cione,
425 2531 490 2579 sua
506 2500 731 2580 confitentur
748 2519 898 2608 peccata
916 2529 993 2580 non
1014 2499 1190 2580 iratribus
1206 2528 1277 2578 uec
1293 2501 1479 2606 magistris
1494 2527 1566 2578 nec
1580 2530 1711 2608 prece·

282 2631 451 2736 ptorihus
463 2632 591 2740 laycis,
604 2633 857 2711 sedlratribus
868 2631 1067 2738 capellanis
1082 2648 1120 2708 et
1134 2630 1350 2737 presbiteris
1364 2629 1536 2736 ejusdem
1551 2632 1707 2724 ordinis,

283 2762 313 2837 si
333 2763 386 2839 eis
400 2763 612 2841 volentibus
628 2762 797 2843 confiteri
812 2763 907 2840 adsit
921 2761 1074 2840 facultas
1088 2761 1205 2838 libera
1220 2761 1384 2839 adeundi
1403 2761 1556 2840 eosdem
1571 2762 1710 2868 presbi-

282 2910 399 2982 teros,
420 2893 478 2970 val
497 2894 528 2970 si
548 2893 697 2984 malint,
723 2895 879 2971 licenter
904 2892 1079 2970 iratribus
1098 2891 1396 2970 Predicatoribus
1422 2891 1480 2968 vel
1500 2892 1709 2973 Minoribus

283 3039 347 3099 aut
362 3021 443 3100 aliis
458 3023 648 3130 religionis
660 3022 878 3130 approbate,
896 3039 961 3099 aut
975 3021 1204 3100 secularibus
1218 3021 1435 3128 presbiteris
1447 3023 1708 3102 execucionem

283 3152 424 3229 ordinis
443 3152 682 3243 habentibus,
700 3169 857 3258 possunt
877 3181 942 3230 sua
961 3152 1130 3230 confiteri
1144 3168 1293 3258 peccata
1313 3169 1351 3230 et
1365 3152 1596 3257 penitencias
1615 3154 1709 3232 salu·

281 3300 378 3361 tares
397 3282 443 3360 ab
459 3283 512 3360 eis
528 3284 695 3389 recipere
715 3311 784 3388 pro
803 3284 973 3390 peccatis.

339 3411 398 3488 Ad
415 3411 510 3490 illud
528 3430 655 3491 autem
675 3415 781 3520 quod
797 3414 836 3490 in
851 3412 1014 3492 articulis
1035 3413 1171 3490 dicitur
1188 3413 1236 3491 de
1256 3415 1486 3493 correctione
1502 3432 1539 3492 et
1557 3415 1709 3492 nuncia-

281 3542 385 3619 tione
406 3570 483 3620 non
504 3542 597 3620 facta
618 3543 783 3621 Ecclesie
804 3571 871 3650 per
890 3543 1103 3651 superiores
1121 3545 1237 3649 ipsius
1257 3545 1419 3632 ordinis,
1439 3563 1478 3622 et
1493 3545 1541 3622 de
1556 3545 1658 3622 viciis
1673 3565 1710 3622 et

283 3672 503 3750 criminibus
527 3700 568 3750 ac
592 3674 782 3752 erroribus
798 3701 875 3752 non
895 3675 1071 3752 correctis
1092 3691 1129 3750 et
1147 3703 1169 3750 a
1188 3673 1365 3752 fratribus
1385 3675 1475 3752 dicti
1496 3675 1640 3754 ordinis
1654 3677 1710 3753 di-

282 3801 419 3891 missis,
449 3803 680 3909 respondons
705 3803 797 3880 dixit
820 3830 859 3880 se
891 3833 1076 3910 nusquam
1096 3805 1134 3879 in
1155 3803 1255 3880 dicto
1279 3805 1413 3882 ordine
1434 3804 1581 3882 audisse
1601 3834 1708 3882 men-

198 3919 201 3924 ’
280 3931 424 4010 donem
443 3933 525 4011 fieri
546 3934 818 4040 predictorum,
835 3963 904 4012 nec
919 3934 1067 4011 scitnec
1081 3933 1200 4011 credit
1213 3935 1319 4041 quod
1333 3936 1372 4011 in
1389 3935 1469 4041 ipso
1485 3937 1619 4014 ordine
1638 3965 1708 4014 nec

281 4062 322 4138 in
341 4061 463 4169 aliqua
477 4081 581 4170 parte
595 4065 676 4171 ejus
690 4063 799 4154 vicia,
821 4093 966 4142 errores
983 4082 1020 4141 et
1039 4064 1194 4142 crimina
1211 4062 1410 4172 dequibus
1429 4066 1551 4172 agitur
1569 4067 1609 4142 in
1623 4067 1708 4144 arti-

283 4193 391 4281 culis,
418 4191 616 4271 habuerint
646 4213 770 4272 ortum
799 4223 868 4271 nec
897 4195 1062 4283 initium,
1102 4223 1172 4272 nec
1200 4221 1368 4301 unquam
1398 4196 1436 4273 in
1468 4196 1599 4274 ordine
1623 4225 1709 4302 pre-

283 4321 382 4400 dicto
403 4322 528 4401 audita
547 4324 688 4402 luerint
707 4353 776 4402 neo
796 4326 911 4402 eciam
931 4329 1126 4432 acceptata.
1152 4371 1156 4378 ·

336 4453 590 4546 Quamobrem
615 4482 686 4531 nec
704 4454 933 4531 correctione
955 4482 1026 4531 nec
1046 4455 1311 4532 emendatione
1340 4484 1411 4533 nee
1436 4455 1708 4564 significatione

280 4582 447 4660 facienda
475 4581 637 4662 Ecclesia
664 4601 860 4691 eguerunt,
893 4585 1080 4691 quianon
1106 4585 1425 4691 potuitnunciari
1455 4586 1621 4664 Ecclesia
1652 4586 1710 4664 vel

256 4742 259 4746 ·
281 4706 413 4820 corrigi
434 4714 538 4820 quod
557 4714 739 4802 nonfuit,
760 4732 803 4792 ut
822 4715 952 4791 credit.

336 4843 394 4920 dd
411 4843 551 4934 lxxxrn,
569 4845 705 4922 lrrxuu
725 4863 762 4922 et
778 4845 884 4926 lxxxv
899 4844 1075 4926 articulos
1094 4847 1289 4939 inclusive,
1309 4846 1512 4954 diligenter
1524 4846 1710 4954 etsigilla-

367 5001 472 5059 roccis
488 5019 540 5060 nas
555 5019 819 5063 cruentans-u.
1255 5009 1256 5012 ’
1389 5015 1431 5033 ·“
1498 5001 1538 5064 65
