4202 5876
664 513 861 606 rnocts
887 529 983 602 oss
1008 528 1309 601 rennuens.
1624 526 1696 600 ass

271 677 540 782 interrogatus,
562 674 797 781 respondens
817 670 910 751 dixit
928 699 966 748 se
983 669 1136 747 credere
1152 669 1339 777 predictos
1353 667 1490 744 milites
1505 683 1542 744 ct
1555 665 1701 773 presbi-

272 824 373 884 teros
394 803 485 882 dicti
506 802 649 881 ordinis
669 830 795 882 coram
818 801 972 881 domino
992 816 1123 876 nostro
1148 826 1297 878 summo
1316 795 1493 904 pontifice
1518 814 1556 874 et
1574 824 1700 875 coram

274 935 439 1016 dominis
463 933 718 1012 cardinalibus
747 951 785 1011 et
809 933 850 1009 in
874 932 956 1039 ejus
977 930 1199 1008 consistorio
1223 957 1293 1034 per
1310 928 1567 1035 juramentum
1587 926 1700 1005 fuisse

273 1066 464 1146 confessos
484 1092 630 1144 errores
650 1065 699 1142 de
719 1063 859 1170 quibus
876 1063 914 1138 in
935 1059 1101 1139 articulis
1119 1059 1299 1166 predictis
1317 1058 1456 1166 agitur,
1476 1057 1567 1135 falso
1587 1059 1702 1136 medo

270 1218 400 1276 tamen
424 1214 463 1274 et
486 1213 615 1273 contra
638 1195 764 1272 Deum
796 1211 835 1272 et
851 1221 975 1272 veram
992 1191 1198 1300 justiciam,
1223 1218 1309 1268 cunr
1331 1191 1370 1266 in
1395 1189 1529 1266 ordine
1555 1189 1703 1294 Templi

272 1355 466 1434 nunquam
495 1324 614 1402 auditi
634 1324 791 1413 fuerint,
817 1352 888 1402 nec
910 1350 1076 1430 unquam
1100 1322 1256 1430 cogniti,
1278 1347 1347 1397 nec
1367 1347 1532 1425 unquam
1552 1319 1599 1397 de
1621 1321 1702 1426 ipso

273 1459 405 1540 ordine
421 1453 623 1535 manifesti.
638 1455 686 1532 Et
700 1453 773 1531 hoc
791 1452 885 1529 dixit
902 1452 956 1528 sic
972 1479 1011 1528 se
1026 1453 1195 1540 credere,
1212 1466 1325 1556 prout
1344 1449 1452 1538 dixit,
1468 1449 1702 1528 salvatamen

272 1588 467 1668 sanctitate
494 1585 583 1663 dicti
605 1583 748 1663 domini
768 1584 888 1662 nostri
904 1608 1000 1689 pape
1021 1597 1060 1660 et
1079 1579 1319 1659 dominorum
1341 1578 1585 1656 cardinalium
1605 1609 1702 1658 reve-

273 1719 398 1797 rencia
418 1735 456 1795 et
474 1718 631 1794 honore.

331 1850 387 1927 Ad
407 1846 745 1931 lxxxvrarticulum
763 1845 964 1954 diligenter
977 1845 1242 1950 interrogatus,
1262 1841 1459 1948 respondit
1473 1841 1578 1948 quod
1591 1841 1704 1920 frater

272 1966 519 2085 Raymundus
537 1976 586 2054 de
607 1977 703 2054 Baco
725 1991 924 2081 preceptor
947 1975 1082 2054 domus
1105 1973 1224 2052 Mansi
1246 1972 1317 2050 Dei
1340 1972 1483 2050 ordinis
1503 1973 1704 2078 supradicti

272 2107 414 2214 recepit
432 2107 558 2212 ipsum
581 2105 620 2181 in
641 2105 798 2183 ecclesia
819 2103 917 2182 dicte
934 2104 1088 2192 domus,
1107 2103 1185 2210 jam
1205 2101 1284 2179 fere
1303 2100 1457 2178 suemnt
1475 2127 1595 2180 xxxvu
1615 2103 1701 2178 anni

272 2237 332 2316 vel
350 2238 445 2314 circa
460 2235 593 2343 elapsi,
610 2236 705 2312 intra
724 2233 863 2312 festum
879 2235 993 2311 sancti
1008 2233 1157 2312 Martini
1173 2249 1211 2309 et
1229 2230 1356 2310 Natale
1371 2232 1525 2310 Domini
1535 2233 1700 2338 proxime

272 2369 510 2476 preteritum,
523 2365 772 2473 presentibus
796 2367 908 2444 Petro
934 2364 981 2442 de
1006 2363 1334 2471 Camporotundo,
1361 2365 1530 2441 Johanne
1554 2365 1699 2470 Troyn.

273 2497 435 2576 Arnaldo
448 2496 574 2576 Rocha
590 2497 817 2586 cambrerio,
839 2495 1040 2573 deffunctis
1058 2521 1173 2583 nunc,
1192 2511 1230 2570 et
1245 2493 1408 2572 Jordano
1425 2493 1472 2572 de
1486 2493 1703 2572 Pulcrovisu

274 2628 449 2706 fratribus
469 2627 567 2705 dicte
588 2626 742 2711 domus,
765 2643 803 2700 et
820 2626 905 2700 aliis
923 2625 1051 2700 multis
1071 2624 1246 2700 fratribus
1266 2624 1355 2699 dicti
1371 2625 1521 2700 ordinis.
1542 2625 1627 2716 Que
1642 2651 1702 2702 au-

274 2769 351 2830 tem
378 2752 615 2832 observancia
644 2769 682 2830 et
707 2753 793 2859 quis
816 2752 954 2830 modus
983 2779 1049 2830 sue
1078 2751 1307 2858 recepcionis
1333 2751 1419 2842 fuit,
1449 2753 1542 2830 dixit
1565 2779 1701 2833 senon

275 2883 460 2964 recordari
488 2883 617 2988 plene3
650 2911 736 2960 cum
756 2883 805 2962 sit
823 2911 936 2962 senex
955 2901 995 2960 et
1017 2910 1165 2987 semper
1188 2881 1339 2960 deditus
1362 2884 1442 2960 ruri
1469 2899 1507 2960 et
1532 2884 1701 2963 custodie

275 3013 493 3092 animalium
513 3013 612 3091 dicte
633 3014 781 3092 domus.
804 3015 945 3092 lterum
965 3042 1033 3091 sue
1051 3013 1258 3121 ignorantie
1279 3031 1335 3092 est
1352 3013 1477 3122 lapsus
1491 3014 1700 3121 longissimi

274 3146 454 3250 temporis
473 3145 661 3222 antedicti.

331 3275 390 3353 Ad
413 3275 564 3364 lxxxvu,
589 3275 736 3356 lxxrvur
757 3291 795 3354 et
816 3274 995 3352 ultimum
1015 3263 1215 3352 articulum
1235 3273 1435 3384 diligenter
1455 3291 1492 3351 ct
1511 3274 1700 3380 sigillatim

275 3407 540 3513 interrogatus,
569 3405 801 3514 respondens
820 3404 968 3512 negavit
981 3405 1082 3511 ipsos
1104 3403 1279 3483 articulos
1300 3421 1337 3480 et
1352 3404 1480 3482 omnia
1499 3420 1537 3481 et
1556 3405 1702 3511 singula

276 3552 447 3616 contenta
467 3537 507 3612 in
528 3536 593 3613 eis.
613 3537 865 3643 Interrogatus
880 3535 912 3614 si
930 3563 1005 3640 qua
1023 3533 1135 3614 vellet
1150 3533 1289 3612 addere
1304 3533 1361 3612 vel
1376 3551 1520 3612 mutare
1533 3552 1599 3613 aut
1612 3563 1701 3614 con·

275 3667 374 3744 fiteri
388 3692 463 3773 que
481 3683 613 3772 negata
626 3683 716 3744 sunt
733 3695 754 3744 a
773 3693 814 3744 se
833 3668 1042 3746 secundum
1061 3665 1270 3755 veritatem,
1291 3681 1418 3743 tamen
1438 3663 1531 3742 dixit
1549 3692 1588 3742 se
1608 3665 1701 3742 velle

274 3797 473 3901 persistere
493 3798 532 3874 in
546 3795 762 3876 consessatis
781 3823 856 3874 ese
876 3796 1049 3902 superius
1065 3813 1102 3874 et
1116 3795 1269 3902 negatis.

333 3928 455 4024 Super
483 3927 565 4006 aliis
584 3957 671 4006 vero
695 3927 963 4006 coherentibus
986 3944 1024 4005 et
1043 3926 1335 4004 circumstanciis
1355 3925 1561 4032 dequibus
1578 3925 1700 4004 visum

276 4049 346 4128 suit
363 4050 650 4156 inquisitoribus
668 4051 811 4157 requiri
829 4067 867 4128 et
879 4051 1110 4161 interrogare
1123 4053 1263 4130 debere
1275 4055 1480 4160 requisitus
1495 4072 1533 4132 et
1543 4056 1701 4134 interro-

275 4197 385 4290 gatus
403 4179 614 4288 diligenter,
632 4179 741 4288 plura
759 4209 838 4278 non
858 4181 1023 4272 addidit,
1044 4184 1133 4290 quia
1153 4211 1193 4261 se
1213 4183 1355 4262 nescire
1373 4184 1482 4290 plura
1499 4184 1602 4262 dixit.

331 4441 442 4521 Anno
460 4461 498 4522 et
516 4444 580 4521 die
599 4444 739 4550 quibus
758 4473 881 4553 supra.

331 4573 425 4651 XIX.
460 4575 588 4652 Frater
612 4575 769 4682 Egidius
802 4576 849 4654 dc
886 4576 1006 4654 Vilert
1035 4577 1179 4654 ordinis
1203 4576 1294 4655 dicti
1321 4577 1470 4685 Templi
1499 4595 1537 4655 et
1564 4577 1701 4654 domus

276 4702 396 4782 blansi
415 4705 502 4796 Dei,
518 4706 625 4784 testis
639 4707 785 4814 juratus
800 4707 847 4784 ad
866 4725 991 4786 sancta
1009 4707 1080 4787 Dei
1098 4708 1291 4815 Evangelia
1311 4737 1422 4816 super
1444 4708 1623 4815 predictis
1644 4736 1701 4785 ar·

236 4933 241 4942 ,
275 4832 401 4912 ticulis
421 4854 610 4915 eteorum
631 4838 803 4945 quolibet
826 4838 897 4918 sibi
924 4840 1099 4945 expositis
1121 4840 1160 4916 in
1178 4840 1334 4947 vulgari,
1356 4856 1400 4917 ut
1417 4838 1631 4946 principalis
1651 4839 1698 4915 dc
