4320 5898
718 503 915 596 procus
943 519 1039 594 nus
1065 467 1367 596 inuenisse
1714 525 1758 597 rs

328 661 484 770 singuiis
507 633 690 756 siticirlis,
712 664 911 772 respondit
935 691 974 740 sc
999 663 1165 758 nescire,
1186 691 1257 744 nec
1283 665 1457 756 credere,
1479 691 1550 742 nec
1574 664 1758 746 audivisse

327 794 401 874 dici
429 795 477 872 de
507 796 693 874 contentis
718 795 759 874 in
780 797 835 874 eis
855 795 927 876 nisi
951 794 1056 906 quod
1079 796 1263 905 sequitur.
1284 797 1390 877 Dixit
1413 796 1516 875 enim
1545 797 1651 904 qnod
1679 798 1758 906 ipse

325 925 398 1006 fuit
410 945 586 1036 receptus
598 927 638 1006 in
651 929 814 1037 quedam
828 957 976 1008 camera
991 918 1130 1008 domus
1145 928 1295 1036 Templi
1312 928 1359 1007 de
1374 931 1495 1007 Banes
1506 929 1759 1008 xantonensis

325 1059 501 1150 diocesis,
533 1061 629 1139 circe
655 1061 796 1141 festum
823 1059 1088 1162 Conversionis
1110 1060 1229 1138 sancti
1254 1061 1360 1140 Pauli
1385 1089 1508 1168 nuper
1533 1060 1757 1167 preteritum

324 1189 479 1270 fuerunt
502 1219 589 1272 xxm
618 1194 706 1272 unni
725 1194 786 1273 vel
807 1194 921 1284 circo,
943 1222 1013 1302 per
1034 1191 1187 1274 fratrem
1210 1192 1462 1272 Ambiordum
1487 1192 1684 1301 quondum
1710 1191 1758 1271 de

323 1323 501 1405 Vienesic
519 1325 702 1414 militem,
723 1344 815 1404 tunc
842 1326 1064 1436 magistrum
1085 1325 1304 1434 Aquitanie,
1326 1325 1563 1434 presentibus
1580 1323 1759 1403 tautbus

323 1455 494 1536 iohanne
514 1455 666 1538 Golvuti
685 1457 919 1568 presbitero,
945 1460 1056 1538 Petro
1076 1459 1258 1552 Danbon,
1280 1457 1448 1537 Fuicone
1469 1458 1517 1535 de
1535 1474 1665 1536 sancto
1685 1455 1760 1536 Ge·

324 1587 431 1666 nesio
448 1589 722 1681 servientibus,
739 1590 956 1680 deffimctis,
977 1605 1017 1669 et
1030 1591 1263 1700 quibusdum
1283 1591 1368 1669 aliis
1387 1591 1436 1669 de
1454 1589 1598 1697 quibus
1612 1607 1759 1667 nonre-

324 1719 432 1814 colit,
454 1722 495 1800 in
513 1722 618 1800 hunc
636 1723 797 1802 modum
816 1754 825 1800 ε
846 1751 934 1800 nom
956 1751 1043 1800 cum
1061 1723 1141 1830 ipse
1158 1723 1336 1831 peciisset
1347 1729 1391 1800 sc'
1407 1720 1523 1828 recipi
1536 1721 1585 1798 sd
1601 1720 1760 1800 socien-

322 1869 402 1930 tem
417 1855 583 1944 ordinis,
602 1872 640 1933 et
655 1856 799 1934 diceret
813 1883 852 1933 se
866 1855 964 1934 velle
979 1855 1231 1934 fieriservurn
1249 1855 1437 1934 escismm
1453 1851 1616 1943 ordinis,
1636 1852 1759 1931 dictus

321 1999 514 2092 receptor,
535 1987 693 2095 prestito
713 2016 781 2095 per
794 1989 1057 2097 jurameutum
1072 1989 1177 2096 quod
1197 2015 1276 2066 non
1289 2005 1370 2066 crat
1390 1987 1755 2075 excommunicatus,

269 2157 272 2164 =
322 2143 393 2196 nec
412 2117 553 2197 debitis
580 2147 654 2228 que
679 2147 758 2198 non
782 2137 911 2226 posset
935 2119 1079 2198 solvere
1107 2119 1317 2228 obligatus,
1339 2147 1410 2197 nec
1433 2115 1675 2197 matrimonio
1699 2116 1758 2195 vei

308 2246 497 2356 religioni
513 2247 624 2328 alteri
637 2249 842 2360 obligatus,
856 2249 947 2329 fecit
961 2279 1051 2330 cum
1063 2279 1197 2330 vovere
1211 2269 1251 2330 ot
1264 2251 1392 2361 jurare
1407 2249 1687 2336 obedienciam,
1698 2277 1760 2348 cs-

321 2379 505 2473 stitstcm,
520 2382 641 2460 vivere
657 2383 738 2462 sine
756 2384 927 2490 proprio,
943 2411 1090 2462 servom
1110 2384 1233 2462 bonos
1248 2411 1340 2462 usus
1360 2401 1399 2461 et
1415 2382 1535 2460 bonos
1552 2395 1758 2458 consuetu-

323 2516 432 2595 dines
454 2513 616 2605 ordinis,
641 2533 682 2594 et
704 2516 811 2624 qrmd
833 2516 1112 2624 acquirendum
1138 2518 1295 2594 Terram
1318 2515 1494 2594 Sanctam
1513 2510 1662 2622 juvaret
1688 2539 1756 2618 pro

322 2676 431 2755 posse
452 2675 534 2726 suo.
551 2648 640 2742 Quo
659 2646 774 2736 facto,
794 2646 977 2754 imposuit
994 2649 1030 2726 ei
1050 2646 1300 2737 mantellum,
1320 2646 1460 2754 etipse
1481 2661 1520 2722 et
1533 2660 1707 2751 receptor
1719 2659 1758 2720 et

323 2780 385 2858 atii
406 2780 484 2859 duo
499 2778 655 2858 brorum
673 2779 800 2887 ipsum
817 2797 956 2858 testem
977 2779 1133 2859 oscuiati
1153 2781 1194 2858 in
1212 2808 1291 2859 ore.
1313 2777 1561 2857 Postmodum
1581 2775 1759 2854 instruxit

323 2939 414 2992 oum
434 2929 533 3022 quot
544 2913 658 2992 Pater
675 2928 791 2992 noster
808 2912 952 2990 diceret
975 2941 1043 3021 pro
1074 2911 1233 3021 singulis
1248 2912 1375 3000 boris,
1399 2928 1438 2988 et
1452 2907 1618 3018 qualiter
1637 2936 1677 2986 se
1695 2935 1758 2985 re-

323 3061 430 3154 geret
461 3041 500 3122 et
525 3043 684 3122 heberet
715 3044 755 3120 in
782 3042 928 3122 ordine.
954 3043 1174 3151 Requisitus
1197 3042 1230 3124 si
1256 3043 1547 3151 abnegacinnes,
1574 3041 1757 3149 vituperia

324 3176 461 3268 crucis,
484 3175 841 3286 dogmatitaciones,
865 3175 992 3254 oscula
1018 3176 1218 3256 inhonesta
1237 3175 1299 3254 vel
1324 3175 1451 3284 alique
1465 3173 1756 3284 slirtongoncio

324 3308 468 3387 crimen
493 3306 764 3387 sodomiticum
789 3307 946 3385 fuerunt
972 3307 1072 3386 dicte
1096 3307 1155 3386 vel
1181 3308 1349 3416 injuncte
1367 3333 1437 3384 ssu
1456 3305 1549 3386 fecta
1568 3306 1609 3382 in
1627 3333 1757 3412 recep-

323 3441 431 3519 cione
452 3468 519 3518 sua
536 3439 705 3546 predicta
723 3437 783 3517 vel
806 3455 913 3546 post,
935 3439 1134 3547 respondit
1152 3467 1221 3548 per
1235 3440 1497 3548 juramentum
1516 3465 1630 3518 suum
1649 3439 1756 3545 quod

323 3600 421 3676 non,
457 3570 546 3649 licet
571 3568 717 3677 aliquid
746 3569 793 3646 de
822 3567 1002 3677 predictis
1027 3571 1287 3678 recognoverit
1314 3597 1438 3648 coram
1469 3569 1571 3647 dicto
1599 3568 1755 3648 domino

324 3704 501 3811 episcopo
530 3701 779 3792 Xantoncnsi,
799 3717 909 3779 metu
939 3717 1217 3779 tormentorum
1248 3701 1355 3808 prius
1385 3697 1528 3777 scilicet
1550 3678 1619 3806 per
1640 3699 1765 3777 dimio

324 3836 433 3915 dium
451 3862 592 3912 anuum
607 3850 693 3912 ente
708 3833 1012 3941 recognicionem
1029 3833 1239 3941 predictam
1254 3832 1327 3910 sibi
1346 3829 1557 3923 illatorum,
1576 3848 1619 3908 et
1632 3831 1756 3912 eciam

323 3983 478 4075 propter
494 3965 617 4044 mines
636 3993 711 4075 que
730 3994 799 4072 per
816 3962 929 4056 elios,
951 3993 1030 4044 non
1049 3993 1117 4072 per
1135 3965 1281 4044 dictum
1300 3965 1500 4045 dominum
1515 3964 1753 4072 episcopum,

324 4097 584 4177 inferebantur
611 4095 761 4191 eidem,
789 4113 832 4175 ut
855 4096 959 4174 dixit.
991 4097 1208 4205 Requisitus
1233 4097 1265 4175 si
1289 4095 1458 4204 predicto
1480 4095 1611 4173 illicite
1635 4096 1757 4180 credit

209 4214 215 4228 ’
325 4231 447 4340 quod,
468 4257 537 4308 seu
555 4229 681 4337 niiqua
702 4259 746 4308 ex
765 4229 820 4308 cis
839 4229 899 4306 vei
919 4228 990 4306 ulia
1008 4229 1228 4318 inhoneste,
1252 4227 1392 4307 fierent
1411 4229 1451 4305 in
1468 4227 1756 4339 recepcionibus

235 4407 236 4412 =
324 4362 487 4441 aliorum
501 4360 561 4438 vel
575 4378 678 4470 pust,
693 4361 893 4468 respondit
911 4390 951 4439 se
968 4389 1047 4440 non
1063 4363 1234 4450 credere,
1250 4361 1339 4469 quin
1351 4359 1447 4438 vidit
1460 4358 1607 4468 sliquos
1618 4363 1755 4471 recipi,

324 4494 364 4572 in
384 4522 549 4602 quorum
569 4492 855 4602 recepcionibus
873 4521 952 4572 non
971 4494 1066 4572 vidit
1083 4494 1232 4602 aliquid
1246 4492 1424 4571 illicitum
1437 4491 1497 4570 vel
1512 4492 1758 4574 inhonestum

324 4625 469 4735 injungi
497 4625 558 4704 vel
585 4623 687 4719 fieri,
708 4655 779 4703 nec
803 4625 947 4705 audivit
966 4628 1072 4734 quod
1091 4644 1177 4735 post
1202 4625 1446 4734 recepciones
1470 4651 1604 4708 eorum
1634 4626 1759 4736 aliquo

324 4758 454 4836 illicita
470 4758 530 4836 vel
540 4758 744 4838 inhonesta
756 4758 1057 4837 intervenissent„
1077 4758 1295 4866 Requisitus
1312 4757 1363 4835 de
1384 4758 1607 4838 nominibus
1622 4744 1756 4838 eorum

325 4917 421 4996 qum
440 4891 535 4968 vidit
553 4891 670 4998 recipi
688 4891 730 4968 in
748 4892 902 4980 ordine,
926 4891 1019 4970 dixit
1043 4892 1147 5000 quod
1167 4891 1247 4999 ipse
1266 4890 1363 4968 vidit
1384 4889 1501 4998 recipi
1522 4889 1675 4972 fratrem
1694 4893 1757 4971 Jo-
1817 4893 1818 4898 ’

1578 5033 1606 5093 3.
