4208 5886
691 503 889 599 esoces
921 523 1017 597 ess
1047 523 1353 598 rsurmnss.
1662 524 1734 598 199

300 667 392 778 regii
416 666 638 756 servientes,
661 694 758 775 quos
780 665 1055 744 adridendum
1075 667 1201 745 ees-in
1225 691 1413 746 carcerem
1438 662 1599 742 fecimus
1617 663 1735 744 intro·

301 800 406 890 duci,
428 798 541 877 nobis
559 800 638 877 vive
657 799 756 878 vocis
781 794 935 876 oraculo
955 798 1185 888 retulerunt,
1209 815 1247 877 et
1266 797 1399 876 fratres
1419 796 1538 874 eciem
1562 795 1629 903 qui
1648 795 1735 874 mit·
1822 865 1835 876 .

300 948 437 1010 tuctur
445 930 694 1039 jurejurando
710 930 927 1020 firmarunt,
945 928 1051 1036 quod
1070 927 1143 1036 ipsi
1158 929 1238 1008 sine
1251 926 1422 1039 periculo
1443 926 1557 1006 morti
1568 926 1642 1004 sire
1657 955 1734 1006 non

300 1077 477 1168 poterant
498 1087 569 1138 nec
593 1061 754 1168 portari3
775 1061 878 1139 unde
897 1087 1013 1168 super
1035 1059 1109 1138 hoc
1136 1087 1206 1138 nos
1230 1059 1371 1138 hebere
1395 1056 1603 1168 dignemini
1624 1084 1735 1135 excu-

301 1207 412 1270 satos.
440 1191 582 1270 Datum
601 1191 640 1268 in
671 1191 890 1270 testimonio
918 1189 1030 1299 sigilli
1054 1191 1191 1283 nestri,
1216 1191 1277 1270 die
1303 1189 1502 1270 Dominioa
1528 1203 1613 1295 post
1638 1191 1736 1266 octa·

300 1321 367 1399 bas
385 1322 541 1408 Pasche‚
558 1322 754 1414 Xentonis‚
775 1349 876 1399 anno
896 1319 1051 1400 Domini
1069 1320 1273 1399 millesime
1293 1334 1374 1399 ccc⁰
1393 1335 1456 1398 rr.
1471 1318 1632 1398 Nomina
1646 1345 1735 1396 vero

300 1450 454 1530 illorum
473 1450 540 1559 qui
561 1451 765 1529 mittuntur
784 1468 873 1529 sunt
888 1451 959 1528 hec
976 1483 985 1529 ε
1002 1449 1115 1529 frater
1131 1450 1359 1530 Guillelmus
1381 1451 1429 1526 de
1446 1449 1640 1540 semime,
1663 1448 1736 1526 fra-

300 1599 358 1659 ter
378 1584 487 1692 Hugo
506 1599 707 1688 preceptor
728 1581 866 1659 domus
887 1581 983 1659 deus
1006 1583 1191 1689 Espener,
1218 1581 1333 1660 frater
1353 1579 1583 1660 Guillelmus
1608 1579 1735 1658 Aude-

301 1713 395 1807 bon,
424 1713 539 1793 frater
565 1718 697 1793 Petrus
725 1715 774 1792 de
802 1713 962 1807 Nolbac,
984 1712 1099 1792 frater
1124 1717 1258 1794 Petrus
1286 1715 1333 1794 de
1359 1713 1599 1806 Molendim,
1621 1712 1736 1793 frater

302 1845 428 1923 Helias
453 1844 599 1935 Gotati‚
627 1842 741 1922 frater
765 1846 899 1924 Petrus
925 1845 961 1922 la
977 1846 1140 1924 Vernhe.
1167 1847 1280 1937 Item,
1307 1845 1462 1924 nomina
1484 1845 1639 1924 illorum
1666 1846 1734 1954 qui

302 1973 442 2052 infirmi
477 1989 739 2051 remanserunt
763 1991 852 2052 sunt
881 1975 951 2052 hee
973 2004 981 2048 :
1007 1973 1120 2052 frater
1149 1975 1259 2080 Huge
1291 1991 1490 2083 preceptor
1522 1975 1660 2054 domus
1686 1975 1734 2052 de

304 2105 480 2212 Syomac‚
503 2101 618 2180 freter
640 2104 773 2182 Petrus
794 2103 968 2183 Auriol.»

358 2365 546 2477 Postque
573 2363 790 2446 immediate
819 2388 948 2447 coram
975 2363 1057 2445 aliis
1084 2364 1249 2446 dominis
1275 2363 1539 2446 commissoriis
1556 2366 1735 2476 predictis

303 2496 425 2578 dictus
444 2495 558 2576 frater
572 2496 802 2577 Guillclmus
819 2496 867 2576 de
884 2497 1101 2588 Soromina‚
1122 2497 1347 2576 mantellum
1362 2497 1507 2577 ordinis
1523 2515 1562 2576 et
1577 2497 1734 2577 barbam

302 2627 504 2720 defferens,
526 2642 611 2706 xm
630 2653 819 2706 annorum
839 2628 896 2707 vel
915 2629 1029 2717 circa,
1052 2653 1139 2705 cum
1163 2653 1242 2736 quo
1262 2628 1489 2737 inquisitum
1509 2628 1648 2719 fuerat,
1670 2630 1736 2710 ab*

303 2758 449 2836 solutus
469 2776 507 2836 et
526 2758 790 2836 reconciliatus
808 2785 878 2866 per
893 2759 1037 2837 dictum
1057 2759 1258 2837 dominum
1280 2760 1495 2867 episcopum
1516 2759 1735 2839 Xantonen·

303 2916 399 2981 sem,
421 2887 527 2966 lectis
547 2906 586 2967 ct
605 2888 808 2995 diligenter
828 2891 1005 2997 expositis
1023 2889 1095 2968 sibi
1116 2891 1295 2968 omnibus
1317 2909 1355 2968 et
1374 2889 1533 3000 singulis
1549 2892 1732 2979 articulis,

302 3018 500 3125 respondit
514 3045 553 3098 se
569 3019 730 3108 nescire,
754 3047 823 3097 nec
843 3019 1015 3112 credere,
1037 3047 1108 3098 neo
1127 3019 1313 3099 audivisse
1330 3017 1404 3098 dici
1426 3021 1473 3098 de
1489 3021 1676 3101 contentis
1695 3023 1734 3099 in

304 3151 358 3226 eis
384 3148 456 3226 nisi
482 3148 587 3255 quod
611 3151 795 3256 sequitur,
823 3147 913 3256 quia
939 3175 1017 3226 non
1046 3149 1269 3228 interfuerat
1294 3149 1465 3256 capitulis
1485 3177 1638 3244 eorum,
1666 3181 1735 3231 nec

221 3295 222 3298 ’
303 3279 395 3356 vidit
413 3277 580 3386 aliquem
605 3276 722 3356 alium
749 3278 864 3386 recipi
885 3279 925 3356 in
947 3279 1097 3369 ordine,
1120 3280 1210 3358 licet
1233 3281 1448 3360 interfuerit
1473 3283 1628 3390 quando
1656 3283 1734 3364 duo

303 3407 466 3500 Picardi,
481 3434 647 3514 quorum
660 3408 815 3484 nomina
828 3426 866 3486 et
879 3409 1105 3516 cognomina
1125 3410 1290 3518 ignom,
1313 3412 1593 3519 requisiverunt
1610 3414 1736 3492 Ande-

301 3539 401 3648 gavis
421 3566 461 3617 se
475 3533 591 3646 recipi
611 3538 651 3614 in
664 3538 816 3628 ordine,
833 3541 902 3618 sed
916 3540 1072 3617 recessit
1083 3559 1240 3649 propter
1253 3539 1375 3620 officie
1388 3569 1463 3650 que
1479 3544 1634 3651 gerebat
1648 3562 1734 3623 ante

302 3686 432 3748 votum
447 3669 626 3746 emissum
640 3695 708 3775 per
724 3697 788 3746 eos
805 3688 843 3746 et
857 3688 942 3748 ante
958 3669 1208 3749 tradicionem
1229 3671 1416 3764 montelli,
1434 3691 1471 3751 et
1491 3674 1612 3751 nescit
1629 3675 1736 3782 quod

303 3799 356 3877 ibi
379 3818 503 3879 actum
525 3798 607 3879 fuit.
634 3800 738 3879 Dixit
760 3817 888 3881 autem
913 3828 953 3879 sc
978 3800 1092 3879 fuisse
1118 3821 1313 3911 receptum
1339 3829 1408 3911 per
1435 3803 1588 3882 fratrem
1609 3806 1734 3885 Olive-

303 3929 403 4008 rium
437 3929 677 4008 Flamentum
717 3929 876 4010 militem
908 3932 1125 4038 quondam,
1157 3931 1394 4042 inu'quadam
1424 3961 1571 4012 camere
1597 3935 1736 4015 domus

304 4060 452 4167 Templi
474 4061 522 4139 de
548 4061 678 4140 Castro
703 4061 886 4140 bernardi
906 4063 1158 4141 xantonensis
1173 4062 1350 4156 diocesis,
1374 4064 1414 4140 in
1436 4064 1577 4143 octabis
1595 4067 1734 4146 Pesohe

303 4192 474 4298 proximo
493 4188 664 4298 preteriti
686 4192 841 4270 fuerunt
861 4211 946 4272 octo
969 4195 1058 4271 enni
1077 4193 1137 4273 vel
1157 4195 1273 4287 circa,
1294 4195 1533 4302 presentibus
1556 4195 1735 4278 fratribus

302 4322 572 4402 bartholomeo
593 4324 745 4403 Morleti
768 4343 861 4402 tunc
890 4341 1112 4432 preceptore
1136 4325 1276 4404 domus
1296 4325 1344 4404 de
1363 4325 1542 4435 Dompno
1561 4325 1734 4439 Engolis

303 4455 444 4532 mensis
469 4453 647 4546 diocesis,
675 4453 848 4534 Amuldo
874 4456 922 4532 de
947 4454 1175 4562 Aldingena‚
1203 4455 1311 4565 cujus
1334 4485 1545 4567 cognomen
1564 4459 1731 4568 ignorat,

302 4611 399 4692 quos
417 4582 536 4662 credit
551 4585 685 4674 vivere,
706 4602 744 4662 et
758 4587 869 4695 Hugo
887 4585 1104 4676 deiforme,
1126 4602 1222 4666 teste
1242 4585 1357 4666 hodie
1373 4587 1514 4695 jurato,
1531 4588 1597 4698 qui
1613 4591 1735 4670 adfuit

303 4713 490 4821 principio
514 4712 745 4821 recepcionis
768 4743 835 4794 sue
861 4715 927 4793 sed
952 4713 1138 4804 nursini,
1161 4715 1227 4825 qui
1246 4716 1429 4797 recedens
1448 4721 1734 4800 recommenda-
1790 4816 1794 4822 Ι

302 4845 354 4924 vit
373 4844 498 4950 ipsum
511 4861 648 4924 testem
669 4844 771 4923 dicto
785 4848 988 4952 receptori,
1012 4845 1141 4925 dicens
1159 4846 1264 4954 quod
1284 4847 1332 4926 de
1353 4877 1399 4928 eo
1419 4847 1557 4928 faceret
1571 4851 1669 4930 sicut
1683 4850 1731 4928 de
