4242 5890
698 542 896 636 Pnocbs
920 557 1017 632 DES
1041 559 1339 632 TEMPLIERS.
1660 561 1729 636 351

309 729 346 790 et
364 709 579 818 ymaginem
600 704 785 813 predictas
805 719 876 790 ter,
897 699 1064 778 dicentes
1079 701 1149 779 sibi
1164 701 1269 810 quod
1288 703 1454 780 hocerat
1473 719 1652 780 stitutum
1673 729 1734 780 or·
1880 765 1885 779 .

308 842 417 918 dinis.
439 838 516 918 Sed
535 838 615 944 ipse
637 834 758 914 noluit
779 831 980 939 abnegare,
1005 859 1076 910 nec
1098 830 1306 939 predictam
1330 833 1564 939 spuicionem
1582 832 1670 910 fecit
1691 861 1734 911 ex

308 973 441 1060 corde,
462 987 506 1048 ut
521 970 628 1062 dixit,
651 986 690 1046 et
708 967 802 1044 dixit
822 993 892 1071 per
905 966 1164 1074 juramentum
1183 993 1294 1042 suum
1308 965 1414 1072 quod
1431 966 1510 1072 ipse
1529 967 1659 1072 pocius
1676 994 1736 1044 vo·

307 1105 439 1184 luisset
456 1101 562 1210 quod
580 1127 776 1206 nunquam
795 1096 928 1174 luisset
945 1095 1040 1174 ordo
1060 1097 1229 1202 Templi3
1245 1097 1313 1176 scd
1326 1098 1407 1204 ipse
1422 1098 1600 1176 remansit
1618 1098 1657 1174 in
1671 1123 1733 1187 co,

308 1261 376 1341 pro
398 1261 443 1311 eo
465 1232 570 1339 quod
589 1230 751 1308 babebat
775 1227 925 1335 aliquos
948 1227 1089 1306 amicos
1108 1227 1149 1304 in
1170 1226 1307 1306 eodem
1328 1227 1461 1306 ordine
1481 1227 1546 1334 qui
1567 1225 1736 1306 lecerunt

310 1393 398 1443 eum
417 1364 552 1470 recipi,
571 1390 670 1469 quos
689 1362 768 1468 ipse
788 1359 906 1437 modo
922 1376 1078 1466 propter
1091 1358 1230 1436 lactum
1250 1358 1473 1466 hujusmodi
1493 1358 1564 1436 sibi
1580 1385 1657 1435 non
1675 1385 1735 1435 re—

309 1513 415 1600 putat
433 1494 585 1572 amicos.

363 1627 457 1704 ltexn
476 1603 570 1701 dixit
588 1651 657 1730 per
671 1623 929 1731 juramentum
948 1649 1061 1699 suum
1083 1620 1187 1728 quod
1207 1621 1393 1729 recipiens
1410 1603 1506 1698 lecit⁸
1520 1647 1560 1697 se
1575 1620 1734 1697 osculari

309 1756 355 1834 ab
376 1784 422 1834 eo
443 1756 482 1831 in
502 1781 568 1833 ore
589 1772 627 1832 et
646 1755 685 1830 in
704 1754 907 1844 umbilico,
927 1768 966 1830 et
983 1753 1152 1859 precepit
1179 1750 1251 1830 sibi
1271 1751 1377 1857 quod
1396 1751 1628 1829 oscularetur
1649 1779 1735 1828 eum

309 1888 347 1962 in
364 1903 468 1993 parte
486 1885 687 1992 posteriori
709 1885 748 1962 in
768 1885 845 1962 line
866 1885 972 1993 spine
994 1882 1118 1974 dorsi,
1140 1883 1209 1960 sed
1230 1883 1310 1989 ipsc
1335 1883 1462 1960 noluit
1479 1880 1612 1960 facere.

364 2018 460 2094 Item
481 2015 573 2094 dixit
588 2015 694 2122 quod
709 2015 831 2092 credit
850 2013 954 2122 quod
972 2013 1035 2092 alii
1056 2013 1190 2090 fratres
1215 2012 1306 2090 dicti
1325 2013 1471 2090 ordinis
1489 2011 1607 2090 modo
1621 2011 1735 2090 simili

308 2148 547 2253 recipianter.

364 2279 459 2355 Item
480 2278 574 2355 dixit
592 2305 659 2383 per
673 2278 931 2384 juramentum
947 2301 1059 2354 suum
1073 2275 1179 2381 quod
1192 2274 1247 2364 vi,
1261 2273 1319 2352 vel
1339 2291 1445 2352 metu
1461 2290 1736 2354 tormentorum

308 2407 367 2486 vel
386 2407 474 2484 alias
499 2435 576 2485 non
603 2407 696 2484 dixit
719 2407 824 2484 aliud
849 2433 964 2513 quom
990 2405 1204 2494 veritatem,
1233 2433 1303 2482 nec
1331 2405 1372 2480 in
1398 2404 1590 2510 premissis
1610 2405 1736 2481 immi-

310 2539 406 2617 scuit
424 2538 588 2644 aliquam
608 2536 822 2628 lalsitatem,
845 2553 882 2614 et
905 2537 1011 2643 quod
1029 2565 1173 2615 merom
1193 2537 1388 2614 veritatem
1408 2536 1501 2614 dixit
1524 2565 1596 2644 pro
1615 2537 1733 2614 salute

309 2697 432 2748 anime
452 2697 532 2746 sue.

364 2932 459 3009 ltem
478 2928 592 3010 frater
610 2928 770 3008 lacobus
796 2931 845 3008 de
866 2929 1089 3020 Crumellis,
1112 2930 1221 3008 etatis
1241 2957 1308 3012 xxv
1328 2957 1515 3010 annorum
1542 2932 1599 3010 vel
1618 2933 1733 3020 circa,

307 3088 458 3138 morans
475 3076 514 3136 et
528 3087 732 3166 procurans
747 3060 787 3136 in
808 3059 924 3138 domo
946 3059 1243 3149 suessionensis,
1269 3061 1406 3138 eodem
1421 3063 1538 3140 modo
1559 3064 1739 3142 constitu-

308 3210 386 3284 tus,
402 3189 552 3297 juratus
568 3207 606 3266 et
618 3189 839 3295 requisitus,
862 3189 956 3266 dixit
972 3218 1041 3295 per
1050 3189 1312 3296 juramentum
1331 3219 1444 3270 suum
1464 3194 1569 3300 quod
1584 3193 1624 3270 in
1641 3192 1736 3272 festo

307 3321 408 3400 boati
426 3318 683 3398 bartholomei
702 3318 838 3412 ultimo
861 3319 1049 3426 preteriti,
1071 3318 1228 3398 luerunt
1248 3339 1332 3399 octo
1353 3322 1441 3400 anni
1461 3323 1566 3430 quod
1586 3324 1659 3402 luit
1677 3354 1738 3404 re-

309 3471 439 3560 ceptus
458 3451 498 3528 in
519 3451 617 3530 dicta
635 3452 752 3530 domo
771 3477 840 3557 per
859 3449 1011 3528 lratrem
1036 3451 1252 3530 lobanuem
1279 3454 1326 3531 de
1349 3453 1518 3561 Cernuyo
1546 3473 1739 3562 precepto-

308 3613 388 3662 rem
404 3601 495 3660 tunc
515 3583 615 3660 dicte
636 3582 790 3674 domus,
806 3581 1047 3688 presentibus
1065 3581 1180 3660 fratre
1196 3581 1366 3662 Gerardo
1385 3583 1507 3662 milite
1528 3583 1618 3663 dicti
1637 3585 1739 3664 ordi-

310 3715 387 3805 nis,
405 3715 517 3792 lratre
537 3712 704 3793 Robcrto
722 3711 914 3819 capellano
935 3712 1036 3793 dicte
1052 3713 1188 3790 domus
1209 3732 1247 3792 et
1266 3714 1495 3820 quibusdam
1510 3715 1604 3792 eliis.

364 3849 459 3924 Item
489 3845 584 3924 dixit
608 3874 679 3952 per
697 3845 956 3952 jmamentum
977 3871 1088 3922 suum
1109 3845 1232 3951 quod,
1265 3871 1309 3922 eo
1330 3863 1500 3952 recepto,
1522 3848 1737 3955 juramento

309 3977 466 4084 prestito
486 3977 533 4056 ab
553 3978 689 4055 eodem
711 3978 759 4055 de
778 3975 926 4054 statutis
944 3993 986 4056 et
1004 3976 1158 4056 secretis
1177 3976 1322 4056 ordinis
1337 3977 1595 4069 observandis,
1617 3979 1739 4057 dictus

310 4107 418 4185 miles
436 4108 564 4215 posuit
582 4107 653 4186 sibi
675 4107 896 4185 mantellum
916 4107 965 4186 ad
984 4103 1123 4185 collum
1139 4106 1188 4186 de
1208 4107 1385 4186 mandato
1404 4109 1633 4215 preceptoris
1651 4139 1738 4220 pre-

311 4237 421 4327 dicti,
444 4257 482 4315 et
500 4255 593 4315 ωηο
607 4238 730 4317 dictus
743 4237 858 4315 frater
876 4238 1069 4318 lohannes
1085 4239 1213 4344 posuit
1232 4265 1364 4318 omnes
1383 4240 1476 4318 alios
1490 4240 1623 4318 fratres
1639 4257 1739 4318 extra

311 4368 525 4458 ecclesiam,
548 4387 586 4446 et
600 4371 756 4448 retinuit
769 4371 893 4476 ipsum
913 4370 980 4476 qui
998 4369 1169 4476 loquitur
1182 4371 1223 4446 in
1238 4369 1410 4460 ecclesia,
1433 4388 1470 4448 et
1489 4372 1622 4450 clausit
1637 4401 1738 4461 cam,

312 4500 651 4578 etduxiteumdem
667 4500 820 4578 fratrem
837 4498 1018 4578 Jacobum
1026 4516 1128 4576 retro
1136 4499 1268 4587 altare,
1280 4518 1318 4580 et
1333 4499 1499 4580 ostendit
1518 4502 1590 4580 sibi
1605 4528 1739 4610 quam-

313 4631 398 4708 dam
421 4657 572 4708 crucem
591 4629 754 4739 ligneam
776 4659 863 4708 cum
883 4630 1007 4736 effigie
1026 4631 1144 4708 lbesu
1162 4630 1319 4721 Christi,
1341 4631 1471 4710 dicens
1490 4633 1561 4712 sibi
1582 4665 1592 4710 t
1614 4635 1738 4729 Quem

312 4762 436 4840 credis
453 4780 498 4840 tu
516 4761 621 4868 qnod
635 4763 685 4838 sit
702 4763 771 4840 istc
792 4762 899 4869 cujus
918 4762 1131 4870 ymaginem
1150 4761 1256 4842 vidos
1275 4763 1361 4840 hicl
1379 4765 1427 4842 Et
1445 4765 1526 4870 ipse
1537 4765 1603 4873 qui
1620 4765 1739 4872 loqui-

309 4908 372 4968 tur
384 4893 453 4970 sibi
465 4891 772 4998 responditquod
782 4909 862 4970 erat
870 4919 1003 5000 ymago
1013 4894 1130 4972 lbcsu
1145 4894 1284 4973 Cltristi
1295 4894 1360 5002 qui
1370 4895 1629 5000 passuslirerat
1645 4895 1684 4972 in
1695 4925 1738 4974 ea
