4242 5890
396 563 470 635 298
784 541 987 634 anoctis
1013 559 1112 633 Dus
1138 554 1438 631 TEMPLIERS.
1501 543 1504 548 ’

451 705 703 810 Interrogatus
727 729 797 808 per
811 704 1066 811 juramentum
1086 727 1197 778 suum
1223 715 1351 776 uuum
1370 694 1424 783 vi,
1455 692 1513 772 vel
1533 707 1639 770 metu
1659 708 1828 772 tormen-

394 851 522 912 torum
541 834 602 911 vel
623 835 794 923 carceris,
817 851 880 911 aut
900 833 971 910 alia
989 859 1228 940 quacumque
1246 830 1293 906 de
1307 855 1431 917 causa,
1447 825 1611 932 aliquam
1627 822 1827 902 salsitatem

397 963 663 1054 immiscuerit,
682 981 745 1042 aut
754 965 946 1043 veritatem
960 962 1122 1042 tacuerit
1133 962 1172 1038 iu
1187 988 1253 1038 sua
1271 957 1529 1066 deposicione‚
1540 954 1633 1032 dixit
1645 982 1713 1062 per
1722 954 1827 1063 jura-

396 1112 568 1172 mentum
587 1125 697 1173 suum
718 1094 824 1202 quod
843 1123 936 1184 non;
959 1095 1076 1175 immo
1095 1122 1164 1201 pro
1184 1091 1305 1170 salute
1319 1091 1441 1168 anime
1456 1115 1522 1166 sue
1537 1115 1670 1195 puram
1686 1085 1828 1167 dixerat

394 1242 596 1303 veritatem.

456 1489 547 1563 Item
570 1488 776 1565 Richardus
797 1488 843 1564 de
861 1488 1038 1595 Caprosia
1066 1486 1209 1564 ordinis
1229 1482 1549 1592 Templariorum‚
1570 1481 1674 1560 testis
1687 1481 1824 1560 eodem

394 1619 510 1696 modo
527 1619 676 1726 juratus
692 1636 729 1697 et
748 1619 998 1726 interrogatus
1019 1617 1065 1695 de
1084 1618 1201 1696 modo
1222 1644 1288 1695 sue
1307 1615 1553 1721 recepcionis,
1575 1613 1668 1694 dixit
1686 1641 1755 1721 per
1767 1615 1825 1722 ju·

393 1767 606 1828 ramentum
626 1779 738 1829 snum
763 1751 866 1857 quod
891 1767 1064 1856 receptus
1086 1749 1156 1828 fuit
1180 1749 1342 1828 Parisius
1363 1775 1431 1854 per
1449 1745 1601 1825 fratrem
1624 1747 1822 1854 llugouem

394 1879 441 1957 de
464 1881 650 1972 Paraudo‚
674 1882 909 1987 presentibus
922 1882 1049 1987 priore
1069 1880 1180 1958 fratrc
1199 1883 1349 1958 Renero
1369 1879 1417 1958 de
1434 1877 1622 1958 Lerchent
1641 1895 1679 1955 et
1696 1903 1823 1984 prece-

392 2027 501 2116 ptore
527 2012 625 2090 dicte
648 2012 862 2104 domueet
876 2012 1103 2119 quibusdam
1122 2012 1205 2089 aliis
1224 2009 1402 2090 fratribus
1431 2010 1519 2088 dicti
1545 2009 1701 2088 ordinis.
1722 2008 1824 2092 Dixit

393 2141 508 2218 eciam
529 2171 597 2249 per
609 2142 868 2249 juramentum
888 2173 997 2221 suum
1019 2143 1142 2251 quod,
1166 2171 1210 2222 eo
1227 2159 1380 2249 recepto
1401 2159 1438 2219 et
1457 2139 1637 2219 mantello
1657 2139 1726 2218 sibi
1750 2157 1823 2216 tro

392 2271 489 2360 dito,
512 2300 554 2350 ac
569 2269 785 2379 juramento
804 2275 960 2380 prestito
981 2275 1087 2382 qarod
1105 2291 1266 2354 servaret
1286 2290 1421 2352 statuta
1440 2288 1477 2353 et
1496 2289 1637 2350 secreta
1656 2271 1747 2352 dicti
1761 2300 1822 2349 or-

390 2403 502 2492 dinis,
525 2405 684 2509 predicti
707 2406 956 2484 ostenderunt
975 2407 1046 2486 sibi
1069 2433 1217 2485 crucem
1243 2422 1281 2482 et
1303 2405 1515 2514 ymaginem
1538 2404 1657 2482 Jbesu
1680 2401 1821 2482 Christi

390 2531 427 2606 in
447 2533 614 2638 quodam
635 2535 790 2625 missali,
824 2553 861 2613 et
884 2555 1134 2645 preceperunt
1158 2539 1192 2614 ei
1220 2535 1324 2643 quod
1343 2535 1543 2642 abnegaret
1565 2533 1690 2612 Deum
1715 2534 1821 2640 cujus

389 2664 602 2771 ymaginem
613 2664 780 2755 videbat,
793 2683 831 2742 ct
848 2667 954 2773 quod
974 2685 1032 2745 ter
1051 2685 1201 2773 spueret
1219 2695 1332 2774 supra
1344 2695 1493 2744 enicem
1512 2699 1520 2741 :
1537 2692 1613 2772 que
1627 2663 1717 2742 fecit
1735 2643 1817 2754 ore,

389 2793 551 2872 sednon
572 2797 702 2884 corde,
720 2796 816 2874 sicut
836 2796 939 2876 dixit.

446 2924 697 3032 Interrogatus
713 2928 760 3004 de
782 2927 926 3018 osculo,
949 2928 1043 3005 dixit
1058 2955 1126 3035 per
1141 2929 1396 3037 juramentum
1413 2955 1528 3007 suum
1547 2927 1653 3034 qnod
1673 2927 1819 3006 oscula-

388 3071 449 3132 tus
467 3053 540 3132 fixit
560 3056 802 3163 recipientem
822 3058 861 3135 in
881 3087 965 3149 ore,
993 3079 1030 3137 et
1049 3087 1127 3137 non
1147 3059 1249 3138 alibi.
1799 3150 1802 3156 g

445 3187 695 3295 Interrogatus
703 3207 830 3266 utrum
840 3191 891 3280 vi,
904 3189 962 3268 vel
972 3207 1075 3269 metu
1090 3207 1368 3268 tormentorum
1382 3207 1447 3268 aut
1463 3189 1635 3278 carcens,
1653 3189 1817 3296 aliquam

388 3316 584 3396 salsitatem
614 3319 876 3411 immiscuerit,
901 3340 966 3400 aut
997 3324 1191 3400 veritatem
1210 3323 1370 3400 tacuerit
1400 3323 1439 3399 in
1466 3350 1532 3401 sua
1556 3321 1814 3429 depositione,

388 3447 479 3525 dixit
497 3479 566 3558 per
579 3452 837 3559 juramentum
856 3481 968 3530 suum
993 3454 1098 3560 quod
1120 3482 1212 3544 non3
1239 3454 1357 3532 immo
1375 3481 1446 3561 pro
1467 3453 1586 3531 salute
1606 3453 1816 3532 animaene

386 3607 520 3683 puram
541 3579 682 3658 dixerat
698 3583 906 3660 vceritatem.

444 3842 535 3918 Item
556 3842 671 3920 frater
698 3843 930 3923 Gancherius
950 3846 997 3922 de
1017 3847 1245 3924 Lienticuria
1261 3864 1457 3953 preceptor
1476 3845 1686 3932 Remeusis,
1707 3845 1814 3924 etatis

386 3971 658 4079 quinquaginta
682 4003 884 4063 annorum,
917 3993 959 4053 ut
984 3975 1146 4066 dicebat,
1177 3977 1281 4055 testis
1309 3979 1443 4056 eodem
1472 3974 1587 4056 modo
1604 3976 1752 4084 juratus
1776 3993 1815 4052 et

386 4100 631 4209 interrogatus
648 4105 694 4181 de
707 4122 877 4211 tempore
900 4124 937 4184 et
950 4107 1066 4186 modo
1087 4137 1154 4186 sue
1173 4109 1418 4217 recepcionis,
1437 4109 1529 4186 dixit
1545 4135 1613 4215 per
1627 4111 1813 4214 juramen-

385 4248 466 4310 tum
486 4261 597 4310 suum
617 4236 720 4341 quod
748 4255 919 4344 receptus
938 4236 1009 4316 suit
1028 4240 1205 4329 Parisius,
1228 4241 1379 4349 triginta
1401 4257 1561 4346 quatuor
1581 4239 1640 4316 vel
1663 4239 1810 4345 triginta

386 4362 556 4470 quinque
573 4367 661 4442 anni
676 4385 765 4444 sunt
780 4368 892 4475 elapsi
904 4370 962 4446 vel
977 4369 1088 4458 circa,
1106 4399 1173 4477 per
1191 4370 1345 4448 fratrem
1360 4369 1587 4448 Amalricum
1609 4368 1656 4447 de
1679 4371 1810 4476 Ruppe

386 4508 475 4568 tunc
484 4515 743 4601 preceptorem
754 4501 922 4579 Francia.
936 4501 1038 4578 Dixit
1059 4501 1175 4578 eciam
1196 4501 1297 4580 idem
1313 4519 1485 4607 receptus
1504 4500 1627 4609 quod,
1650 4501 1733 4605 ipso
1753 4527 1811 4576 re-

385 4640 494 4729 cepto
506 4643 544 4704 et
553 4628 731 4706 mantello
752 4631 821 4708 sibi
837 4631 993 4720 tradito,
1009 4650 1047 4710 et
1056 4634 1270 4740 juramemo
1287 4632 1333 4710 ab
1351 4661 1397 4711 eo
1410 4633 1567 4740 prestito
1581 4633 1680 4708 inter
1689 4648 1810 4710 cetera

383 4757 488 4860 quod
501 4758 713 4839 observaret
729 4777 863 4840 statuta
879 4781 916 4840 et
933 4781 1073 4842 secreta
1088 4765 1203 4870 ipsius
1217 4764 1374 4855 ordinis,
1393 4764 1470 4842 duo
1485 4761 1631 4853 fratres,
1650 4763 1697 4842 de
1715 4789 1811 4868 quo-

329 4939 332 4950 ·
359 4949 366 4962 .
383 4913 467 4963 rum
483 4890 697 4970 nominibus
717 4921 791 4970 non
812 4893 960 4982 recolit,
981 4895 1047 5000 qui
1068 4913 1154 5009 sum
1174 4896 1330 4984 mortui,
1349 4896 1536 4972 duxerunt
1552 4921 1641 4974 eum
1662 4892 1709 4970 ad
1728 4921 1811 4998 par-
