4320 5898
352 505 400 574 22
745 481 943 577 recens
970 499 1066 574 uns
1093 499 1391 576 Tareninus

351 642 484 750 recipi,
505 642 613 749 quod
631 642 711 750 ipse
730 643 837 722 testis
852 643 1000 722 sciverit
1013 641 1073 720 vel
1092 642 1281 722 audiverit
1301 642 1389 722 dici.
1405 641 1511 723 Vidit
1525 657 1652 720 autem
1667 644 1784 752 recipi

351 775 505 853 fratrem
525 773 778 855 Guillelmum
808 776 854 852 de
883 775 1030 854 Fretive
1056 775 1375 884 Petregoricensis
1394 773 1571 863 diocesis,
1591 775 1715 854 vivum
1741 794 1786 854 ut

351 907 490 996 credit,
513 907 553 985 in
572 908 715 1015 capella
733 907 871 985 domus
885 907 1019 1016 templi
1036 908 1084 986 de
1098 906 1242 986 Siturat
1256 907 1510 986 Xantonensis
1522 907 1700 998 diocesis,
1716 937 1786 1015 per

351 1039 506 1117 fratrem
526 1039 681 1118 Petrum
702 1040 751 1118 de
774 1037 894 1118 Madit
916 1040 1110 1147 quondam
1135 1035 1313 1132 militem,
1333 1057 1428 1118 tuno
1440 1056 1637 1118 tenentem
1656 1039 1784 1120 locum

352 1171 521 1282 magistri
539 1173 718 1268 Pictavie,
739 1190 830 1252 sint
847 1199 871 1251 ιι
889 1169 979 1252 anni
997 1173 1058 1251 vel
1077 1169 1191 1266 circa,
1216 1167 1456 1281 presentibus
1474 1171 1654 1252 fratribus
1672 1173 1785 1252 Petro

351 1303 584 1400 Theobaldi,
604 1318 706 1383 terte
723 1331 837 1412 supra
856 1304 1029 1413 proximo
1045 1303 1287 1398 examinato,
1307 1305 1469 1414 Hugone
1485 1304 1680 1413 Raynaudi
1700 1333 1787 1412 pre-

352 1455 504 1543 ceptore
526 1435 625 1514 dicte
646 1436 783 1516 domus
804 1439 852 1516 de
873 1438 1031 1529 Siturat‚
1051 1436 1143 1516 vivis
1164 1454 1209 1515 ut
1233 1437 1370 1528 credit,
1392 1453 1431 1514 et
1452 1436 1682 1546 quibusdam
1704 1437 1786 1516 aliia
1827 1427 1830 1435 ¹

354 1566 563 1675 dequibus
595 1595 673 1645 non
702 1567 935 1646 recordatur.
959 1567 1065 1650 Vidit
1092 1568 1213 1646 eciam
1240 1567 1357 1674 recipi
1382 1563 1536 1646 fratrem
1562 1565 1786 1646 Amandum

353 1716 531 1805 nepotem
546 1699 638 1777 dicti
660 1699 784 1779 fratris
803 1701 905 1779 Petri
920 1699 1155 1792 Theobaldi,
1173 1699 1212 1776 in
1226 1693 1396 1806 predicta
1411 1698 1614 1808 capellada
1630 1701 1783 1789 Siturat,

352 1846 441 1910 sunt
460 1830 609 1910 circiter
628 1831 817 1924 seranni,
833 1857 902 1940 per
921 1831 1076 1911 fratrem
1091 1831 1363 1912 Theobaldum
1385 1830 1580 1939 qnondam
1600 1827 1783 1923 militem,

350 1979 442 2041 tunc
457 1981 720 2070 preceptorem
731 1964 831 2042 daus
846 1965 1011 2072 Raptus,
1028 1961 1270 2071 presentibus
1284 1962 1386 2040 dicto
1400 1961 1514 2042 fratre
1529 1958 1640 2042 Petro
1657 1964 1786 2043 Theo·-

242 2153 246 2162 «
350 2093 477 2186 baldi,
505 2093 667 2204 Hugone
690 2096 886 2204 Regnandi
915 2094 1028 2174 fratrc
1051 2094 1172 2202 ipsius
1198 2094 1331 2184 testis,¹
1346 2112 1566 2202 preceptore
1587 2095 1687 2174 dicte
1718 2095 1787 2172 do·

352 2255 453 2320 mus.
476 2251 594 2334 quem
614 2225 734 2304 credit
751 2227 893 2318 viverea
913 2229 1043 2335 plures
1064 2249 1146 2305 non
1166 2222 1261 2308 vidit
1279 2226 1412 2333 recipi,
1431 2228 1536 2336 quod
1551 2228 1783 2306 recordetur.

350 2363 434 2442 Non
450 2353 576 2438 credit
594 2358 700 2467 quod
719 2358 920 2437 adorarent
938 2377 1085 2447 catum.
1103 2383 1174 2436 neo
1191 2356 1299 2466 quod
1315 2375 1442 2437 essent
1462 2357 1648 2438 increduli
1664 2355 1785 2437 eccle-

350 2491 508 2571 sinsticis
539 2491 798 2583 sacramentis,
830 2491 972 2598 quibus
1006 2491 1085 2598 ipsa
1119 2489 1262 2580 credit,
1297 2517 1367 2569 nec
1399 2492 1507 2599 qnod
1537 2515 1671 2569 eorum
1700 2491 1785 2571 laici

350 2603 589 2702 absolverent
616 2621 676 2700 vel
704 2640 859 2728 possent
892 2617 1086 2702 absolvere
1118 2647 1139 2699 a
1170 2621 1350 2729 peccatis,
1379 2649 1449 2700 nec
1484 2622 1591 2732 quod
1612 2611 1786 2732 jurarent

351 2751 528 2834 ordinem
551 2779 629 2832 nnn
655 2753 776 2844 exire,
808 2755 876 2833 sed
905 2751 1102 2834 dicebatur
1131 2754 1187 2832 cis
1212 2752 1321 2862 quod
1344 2754 1472 2832 statim
1501 2783 1572 2862 pro
1608 2753 1786 2864 professis

351 2886 601 2967 habebantur.
627 2885 875 2965 Clandestine
898 2884 1198 2993 recipiebantur,
1219 2884 1339 2964 nullis
1359 2886 1602 2993 presentibus
1620 2886 1692 2964 nisi
1712 2885 1785 2963 ira·-

348 3019 472 3096 tribus
498 3017 667 3108 ordinis3
696 3043 767 3094 nec
794 3018 865 3095 scit
891 3019 1000 3125 quod
1029 3017 1101 3094 hec
1131 3033 1218 3094 ante
1246 3017 1465 3124 captionem
1494 3036 1593 3098 esset
1621 3021 1784 3128 suspicio

350 3168 480 3230 conus
508 3177 584 3228 eos.
612 3149 697 3227 Non
727 3149 848 3228 <redit
873 3150 980 3257 quod
1009 3149 1196 3228 haberent
1224 3177 1296 3227 nec
1311 3150 1530 3230 adorarent
1558 3152 1688 3260 ydola,
1715 3181 1785 3230 nec

350 3281 457 3390 quod
476 3279 651 3374 cordule,
674 3280 814 3390 quibus
840 3307 957 3387 super
980 3279 1149 3360 camisias
1177 3307 1265 3359 cum
1295 3281 1435 3388 quibus
1456 3281 1634 3390 jacebant
1656 3284 1786 3394 cinge—

349 3411 500 3508 bantur,
521 3430 720 3521 tangerent
742 3413 862 3520 capita
887 3411 1104 3521 ydolorum.
1134 3409 1409 3522 Injungebrtur
1429 3415 1482 3492 eis
1501 3414 1607 3523 quod
1626 3441 1706 3494 non
1725 3443 1785 3494 re-

349 3525 518 3624 velarent
531 3560 674 3622 secreta
690 3543 963 3650 capitulorum
977 3543 1043 3651 qui
1057 3542 1303 3634 revelassent,
1323 3561 1505 3652 tanquam
1519 3546 1785 3625 inobedientes

349 3677 471 3784 puniti
490 3675 670 3769 fuissent,
691 3676 760 3754 sed
776 3676 896 3754 nescit
914 3674 1089 3784 qualiter.
1106 3675 1304 3770 Quamdiu
1316 3693 1493 3783 poterant
1508 3677 1650 3756 habere
1664 3707 1785 3781 sacer-

350 3811 459 3890 dotes
472 3809 629 3900 ordinis,
646 3835 725 3888 nou
745 3806 938 3885 debebant
950 3803 1034 3884 aliis
1049 3806 1235 3884 confiteri.
1253 3809 1336 3885 Non
1355 3807 1498 3887 audivit
1516 3811 1659 3918 precipi
1679 3815 1784 3920 qaod

349 3941 580 4020 elemosine
607 3937 668 4017 val
697 3937 933 4045 hospitalitas
957 3938 1297 4046 restringerentur,
1334 3939 1401 4017 sed
1429 3942 1678 4033 contrarium,
1714 3973 1785 4022 nec

349 4072 456 4180 quod
476 4071 749 4180 preciperetur,
769 4097 840 4146 nec
860 4097 928 4176 per
947 4067 1051 4148 neira
1067 4070 1329 4178 acquirerent,
1347 4071 1416 4150 scd
1436 4073 1687 4164 contrarium,
1714 4105 1785 4156 nec

349 4207 455 4314 quod
483 4205 640 4284 excubie
675 4221 911 4312 ponerentur
939 4203 983 4280 'in
1008 4203 1202 4311 capitulis,
1229 4231 1305 4313 que
1332 4205 1460 4313 januis
1488 4207 1640 4301 clausis,
1666 4208 1784 4288 nullis

349 4338 588 4445 presentibus
605 4337 677 4414 nisi
695 4336 874 4416 fratribus
893 4336 1056 4425 ordinis,
1072 4338 1316 4416 tenebantur.
1334 4339 1451 4433 Quod
1470 4367 1631 4450 magnus
1649 4342 1784 4450 Magis·

347 4489 406 4549 ter
420 4497 507 4549 cum
520 4487 711 4548 conventu
728 4470 920 4548 statuisset
933 4485 1113 4548 mrvasset
1125 4487 1230 4548 totus
1243 4470 1359 4560 ordo
1376 4471 1569 4580 sibonum
1584 4490 1623 4550 et
1633 4471 1783 4620 justum

344 4603 501 4698 fuisseta
523 4620 652 4680 contra
672 4625 792 4710 quem
819 4601 998 4680 ordinem
1024 4627 1127 4681 nunc
1152 4599 1311 4711 grandia
1337 4575 1534 4692 scandala,
1552 4605 1721 4712 suspicio
1745 4622 1785 4682 et

294 4775 297 4784 ·
346 4733 500 4814 infamia
519 4751 608 4813 suut
627 4753 770 4830 exorta,
791 4752 830 4813 et
846 4753 977 4814 contra
993 4759 1111 4843 quem
1133 4761 1296 4844 magnus
1314 4737 1492 4844 Magister
1509 4755 1547 4815 et
1565 4737 1629 4815 alii
1646 4733 1784 4816 dicun·

346 4881 409 4946 tur
425 4868 551 4976 aliqua
566 4867 679 4947 baisse
694 4866 788 4947 ocni
783 4865 868 4946 essi.
885 4860 993 4958 Item,
1005 4869 1101 4947 dixit
1114 4868 1231 4976 quod,
1249 4884 1407 4974 propter
1421 4886 1611 4948 tormenta
1626 4870 1662 4948 ci
1677 4869 1783 4976 prius
