4486 5890
765 498 961 590 rences
991 517 1082 588 ons
1108 516 1408 589 tournines.
1729 522 1798 592 105

376 661 555 739 Ecclesie.
584 658 817 738 Elemosinas
848 676 887 736 et
914 657 1207 764 hospitalitatem
1237 658 1331 736 vidit
1361 659 1623 736 convenienter
1652 656 1734 734 fieri
1762 677 1800 736 et

377 793 512 870 servari
528 791 566 866 in
579 788 764 867 dormbus
775 789 922 866 ordinis
937 790 976 864 in
989 787 1128 894 quibus
1140 787 1211 864 fuit
1226 805 1474 866 conversatus.
1496 788 1619 864 Nescit
1637 789 1802 892 qualiter

376 922 603 1000 tenebantur.
621 917 812 1027 capitulia,
825 921 912 1026 quia
934 947 1008 996 non
1031 918 1202 996 interfuit
1219 949 1288 996 nec
1309 921 1356 996 de
1378 921 1451 996 hoc
1471 919 1672 1024 inquisivit
1688 918 1800 998 Ordi-

375 1069 458 1128 nnta
474 1081 542 1158 per
563 1050 878 1156 Magistrum-cum
891 1065 1077 1126 conventu
1098 1067 1238 1125 servata
1259 1049 1474 1126 fuissentin
1496 1049 1646 1138 ordine,
1669 1067 1797 1124 contra

376 1209 488 1286 quem
510 1209 609 1258 nunc
629 1179 802 1256 scandala
821 1179 991 1286 grandin,
1014 1180 1178 1283 suspicio
1198 1196 1235 1255 ct
1255 1177 1406 1256 insamia
1421 1195 1510 1254 sunt
1523 1178 1639 1254 modo
1657 1195 1794 1256 exortu.

432 1311 647 1418 Requisitue
666 1310 695 1386 si
715 1310 767 1388 sie
787 1310 963 1418 deposuit
980 1337 1104 1415 prece,
1127 1326 1321 1414 precepto,
1343 1311 1497 1395 timore,
1520 1335 1663 1396 amone,
1687 1308 1795 1402 odio,

375 1441 432 1520 vel
448 1440 646 1546 temporali
667 1439 829 1518 comodo
848 1439 977 1516 habito
992 1437 1051 1516 vel
1068 1439 1261 1525 habendo,
1280 1437 1477 1544 respondit
1496 1435 1601 1543 quod
1613 1441 1801 1526 nom-sed

375 1601 442 1677 pro
473 1572 624 1648 veritate
649 1569 826 1658 dicenda;
857 1570 917 1648 cui
942 1569 1014 1646 suit
1034 1569 1248 1674 injunctum
1270 1570 1374 1674 quod
1399 1597 1475 1646 non
1500 1567 1681 1645 revelaret
1703 1570 1798 1648 hanc

376 1730 481 1778 suem
495 1701 788 1807 depositionem,
799 1729 1000 1805 quousque
1016 1700 1276 1778 attestaciones
1291 1699 1432 1778 [uerint
1445 1698 1651 1806 publicam
1669 1717 1706 1776 et
1721 1728 1797 1777 non

375 1830 564 1908 obtulerat
582 1858 624 1906 se
642 1831 690 1906 ad
711 1829 986 1906 deffensionem
1008 1828 1164 1905 ordinis.

432 1961 521 2036 Acte
536 1958 690 2036 fuerunt
704 1959 774 2034 hee
788 1958 850 2036 die
870 1974 912 2034 et
930 1957 1014 2033 loco
1030 1957 1224 2062 predictis,
1244 1957 1483 2062 presentibus
1504 1958 1680 2064 magistro
1697 1957 1799 2035 Ami-

375 2089 447 2174 sio‚
464 2115 526 2166 me
545 2090 573 2164 F
576 2087 802 2164 loriamonte
821 2086 1041 2172 Dondedei,
1063 2104 1101 2162 et
1113 2086 1198 2162 aliis
1216 2087 1371 2164 notnriis
1386 2115 1496 2192 supra
1512 2087 1797 2164 ultimonomi-

357 2218 481 2308 ,natis
508 2218 640 2294 Diotus
668 2234 795 2292 tamen
816 2218 988 2294 Matheus
1018 2217 1209 2320 predictus
1233 2244 1310 2292 non
1332 2215 1509 2292 interfuit.
1527 2217 1793 2294 examinationi

375 2347 464 2424 dicti
483 2346 607 2425 fratria
627 2346 909 2433 Bartholomni‚
928 2373 966 2422 se
987 2373 1173 2422 excusans.

430 2612 518 2688 Post
536 2612 623 2698 hec,
646 2611 708 2687 die
724 2610 907 2689 Mercurii-
916 2610 1107 2715 sequenti,
1129 2609 1296 2716 quefuit
1314 2637 1418 2688 xxtut
1436 2610 1517 2686 dies
1547 2610 1798 2688 dictimensis

373 2741 518 2830 Marcii,
548 2739 830 2818 fuitadductus
855 2741 901 2816 ad
925 2739 1155 2845 presenciam
1176 2739 1401 2817 eorumdem
1425 2740 1677 2818 dominorum
1693 2767 1797 2819 com·-

374 2871 648 2960 missariorum,
680 2870 719 2944 in
743 2870 859 2946 domo
889 2869 1057 2975 predicta
1085 2868 1231 2946 domini
1257 2869 1357 2946 Petri
1386 2869 1434 2946 de
1456 2869 1659 2961 Sabeudia,
1682 2870 1797 2950 frater

374 3001 527 3078 auditus
544 3001 591 3078 de
612 3001 744 3078 Monte
759 2999 927 3076 Laudato
952 3001 1133 3090 seruiens,
1156 2999 1398 3078 Turonensis·
1411 3001 1585 3092 diocesis,
1606 3004 1711 3078 testis
1734 3032 1796 3080 su-

373 3159 438 3236 pra
449 3130 613 3236 juratus,
633 3129 856 3206 mantellum
879 3129 1076 3206 ordinieet
1090 3128 1246 3206 barbam
1262 3129 1464 3220 defferens,
1480 3132 1796 3237 quadragenarius
1851 3178 1853 3184 ·

374 3259 432 3336 vel
446 3259 558 3346 circa,
578 3287 665 3336 cum
685 3286 763 3364 quo
784 3259 1007 3365 inquisitum
1028 3258 1165 3346 suerat,
1187 3260 1383 3338 absolutus
1400 3277 1438 3336 et
1451 3260 1712 3338 reconciliatus
1727 3291 1796 3368 per

376 3388 917 3494 dominumarchiepisnoprun
938 3391 1211 3468 Turoneusem.
1245 3390 1377 3466 Lectis.
1390 3405 1516 3466 autem
1537 3405 1576 3466 et
1595 3389 1797 3498 diligenter

375 3518 551 3623 expositis
574 3517 646 3596 sibi
666 3518 844 3596 omnibus
865 3535 903 3596 et
922 3519 1079 3625 singulis
1103 3519 1286 3609 articulis,
1315 3519 1591 3624 protestacione
1614 3523 1795 3625 premisse

374 3649 478 3753 quod
491 3674 566 3726 non
582 3648 935 3726 intendit'recedere
949 3677 969 3724 a
984 3647 1224 3753 deposicione
1244 3675 1312 3752 per
1329 3676 1426 3724 eum·
1437 3648 1529 3724 sacta
1550 3677 1675 3726 coram
1692 3650 1795 3728 dicto

375 3778 531 3855 domino
552 3779 848 3884 archiepiscopo,
871 3777 1074 3884 respondit·
1085 3807 1125 3856 se
1138 3779 1298 3866 nescire,
1317 3806 1386 3854 nec
1407 3779 1577 3869 credere,
1601 3808 1669 3856 nec
1687 3782 1796 3859 audi-

375 3908 469 3985 visse
501 3907 574 3984 dici
604 3907 654 3984 de
682 3909 868 3986 contentis
897 3907 936 3984 in
958 3909 1011 3986 eis
1036 3907 1108 3985 nisi
1132 3908 1235 4012 quod
1266 3909 1446 4013 sequitur.
1472 3907 1574 3986 Dixit
1600 3937 1736 4016 nempe
1754 3941 1796 3990 se

374 4034 490 4116 fuisse
503 4055 713 4142 receptum,
745 4039 839 4115 circa
859 4040 1000 4117 instans
1018 4039 1155 4116 festum
1177 4039 1376 4116 nativitatis
1402 4039 1516 4115 sancti
1533 4039 1714 4117 Johannis
1730 4043 1794 4118 Ba-

372 4167 484 4270 ptiste
500 4184 612 4244 erunt
630 4167 777 4244 circiter
795 4193 878 4246 xvru
897 4167 1004 4256 anni,
1023 4167 1060 4242 in
1075 4165 1215 4272 capella
1230 4157 1527 4274 domus-Templi
1547 4169 1788 4276 tinguendo,

373 4323 439 4402 per
463 4295 615 4376 fratrem
635 4298 788 4374 Petrum
816 4299 863 4375 de
889 4297 1058 4376 Mandito
1085 4298 1296 4402 quondam,
1329 4315 1421 4374 tunc
1445 4298 1570 4376 locum
1597 4317 1793 4380 tenentem

372 4426 590 4514 visitatoris,
629 4427 869 4530 presentibus
902 4425 1078 4504 fratribus
1116 4425 1329 4534 Reginaido
1350 4429 1544 4506 Bertrandi
1575 4431 1717 4522 milite„
1757 4453 1794 4512 et

372 4553 562 4661 Stephano
595 4554 644 4632 de
679 4555 855 4636 Ambasia
889 4572 1108 4662 preceptore
1141 4556 1239 4634 dicte
1275 4557 1428 4648 domus,
1460 4561 1645 4638 auunculo
1676 4563 1795 4668 ipsius

372 4684 498 4776 testis,
535 4684 758 4772 deffunctis,
796 4687 835 4760 in
865 4686 968 4762 hunc
1003 4684 1197 4763 modum:
1227 4714 1314 4764 nam
1351 4717 1437 4764 cum
1473 4687 1691 4797 frequenter
1728 4723 1795 4800 pe*

373 4813 496 4890 ciisset
516 4841 649 4918 panem
671 4831 709 4892 et
726 4843 862 4920 aquom
890 4814 1052 4902 ordinis,
1076 4832 1114 4895 et
1138 4815 1336 4894 obtulisset
1358 4847 1398 4896 se
1416 4819 1512 4896 velle
1537 4819 1617 4897 fieri
1646 4851 1793 4900 servum
