4208 5886
685 517 882 614 rnocbs
913 541 1010 612 ons
1041 541 1348 614 runrmnns.
1653 549 1723 620 nst

242 683 247 692 ’
308 686 413 773 dem,
435 683 475 762 in
502 683 694 790 presencia
719 681 969 787 prelatorum,
995 680 1257 790 religiosorum
1282 699 1320 758 ct
1350 681 1524 760 eliorum.
1552 687 1603 764 Ex
1629 688 1730 764 ordi-

306 816 463 894 nacione
485 813 587 892 beati
613 812 795 894 Bernardi
820 813 1080 922 cingebantur,
1107 812 1148 890 in
1178 813 1328 920 signum
1350 815 1542 908 castitatis,
1564 818 1730 895 cordulis

304 945 409 1024 unde
433 943 610 1024 volebant
628 944 845 1050 assumptis,
867 969 981 1049 super
999 943 1168 1021 camisias
1186 971 1273 1020 cum
1294 941 1435 1050 quibus
1453 943 1637 1049 jacebant.
1661 951 1731 1026 lle-

303 1075 470 1156 velantes
493 1092 634 1156 secrete
661 1074 912 1181 capitulorum
936 1091 975 1152 et
1001 1073 1159 1152 modum
1185 1073 1415 1179 recepcionis
1446 1075 1662 1152 incarcerati
1693 1099 1730 1156 et

303 1206 427 1311 puniti
452 1203 623 1286 luissent.
657 1204 853 1298 Quamdiu
886 1219 1060 1310 poterant
1088 1201 1259 1282 confiteri
1297 1203 1553 1282 sacerdotibus
1586 1208 1729 1286 ordinis

303 1363 449 1426 eorum,
468 1362 546 1414 nou
569 1333 763 1412 debebant
779 1332 921 1440 ubsque
942 1359 1077 1412 eorum
1098 1331 1253 1410 licencia
1272 1333 1355 1412 aliis
1374 1333 1559 1412 confiteri.
1580 1338 1728 1414 Fratres
1851 1419 1859 1436 ,

301 1467 446 1546 ordinis
477 1466 619 1574 quibua
647 1465 897 1543 communiter
923 1464 1045 1566 credit
1076 1481 1187 1542 notas
1216 1463 1331 1546 luisse
1366 1464 1658 1572 abnegacionem
1690 1486 1728 1544 et

300 1597 536 1704 spuicionem
555 1595 742 1703 predictas
770 1594 882 1703 [quus
907 1593 1027 1673 credit
1051 1611 1177 1674 ortum
1197 1594 1373 1674 habuisse
1399 1594 1497 1672 ultra
1518 1624 1636 1686 mare,
1659 1599 1726 1674 sed

251 1796 254 1802 ,
299 1729 418 1806 nescit
443 1727 614 1834 quando.
640 1726 784 1804 audivit
813 1739 942 1804 tamen
965 1725 1073 1833 quod
1104 1751 1182 1802 non
1210 1723 1257 1802 ab
1289 1724 1465 1832 antiquo]
1495 1726 1728 1834 negligentes

298 1855 471 1946 fuerunt,
488 1857 578 1964 quia
597 1885 675 1934 non
692 1871 937 1934 correxerunt
957 1883 1027 1934 nec
1042 1855 1365 1934 denunciaverunt
1387 1854 1555 1936 ecclesie.
1576 1857 1727 1936 Elemo-
1755 1961 1758 1970 .

297 1987 397 2066 sinas
418 2005 456 2066 et
470 1986 765 2093 hospitalitatem
790 1986 884 2064 vidit
909 1985 1176 2064 convenienter
1190 1985 1273 2062 lieri
1289 2001 1326 2064 et
1342 1985 1479 2064 servari
1492 1987 1531 2064 iu
1548 1987 1725 2066 domibus

298 2117 442 2196 ordinis
474 2117 515 2195 iu
543 2117 684 2225 quibus
713 2113 835 2194 extitit
866 2131 1133 2194 commoratus.
1168 2114 1451 2222 Pracipiebatur
1482 2116 1536 2196 eis
1570 2147 1639 2223 per
1669 2149 1725 2196 sa·
1782 2217 1788 2228 .

297 2264 533 2326 crumentum
546 2247 650 2353 quod
666 2247 766 2324 bene
783 2261 973 2324 servarent
986 2245 1087 2323 bona
1101 2245 1262 2334 ordinis,
1286 2260 1325 2323 et
1343 2246 1448 2352 quod
1467 2247 1502 2324 ei
1516 2247 1645 2326 debite
1665 2277 1725 2324 ac-

296 2377 502 2484 quirerent.
524 2375 678 2456 Audivit
701 2377 775 2453 dici
800 2376 907 2481 quod
932 2403 1065 2455 sorum
1089 2375 1265 2483 capitalia
1288 2375 1476 2482 generalia
1495 2377 1723 2455 tenebantur

295 2525 381 2612 post
405 2507 556 2586 missam
577 2522 615 2584 et
638 2533 873 2596 sermonem,
890 2505 1131 2612 tempestive,
1156 2505 1273 2584 nullis
1292 2506 1533 2613 presentibus
1556 2508 1627 2584 nisi
1649 2508 1721 2586 lra-

293 2634 418 2714 tribus
440 2635 602 2724 ordinis,
624 2652 662 2714 et
684 2635 955 2743 providebatur
972 2661 1021 2717 ue
1041 2635 1265 2714 audirentur
1285 2636 1448 2716 exterius
1467 2663 1543 2744 que
1562 2637 1720 2716 interius

295 2765 514 2873 agebantur.
543 2765 724 2845 Ordinato
748 2795 817 2872 per
842 2767 1062 2876 Magistrum
1086 2795 1173 2846 cum
1203 2785 1390 2845 conventu
1415 2784 1594 2846 servasset
1619 2785 1721 2846 totus

295 2897 407 2986 ordo,
427 2914 557 2976 contra
575 2925 689 3004 quem
705 2925 809 2975 nuuc
828 2897 984 3004 grandia
1007 2896 1205 2990 scandala,
1220 2898 1384 3003 suspicio
1404 2915 1442 2976 et
1460 2898 1612 2978 infamia
1631 2916 1722 2976 sunt

295 3043 437 3118 exortas
460 3044 499 3106 et
516 3028 638 3106 credit
656 3028 763 3136 quod
778 3029 900 3106 dictus
923 3029 1102 3136 Magister
1116 3046 1154 3106 et
1167 3027 1230 3106 alii
1251 3027 1542 3132 abuegacionem
1562 3045 1600 3104 et
1616 3031 1720 3134 spui·
1860 3057 1865 3065 ·

293 3157 442 3234 cionem
458 3157 509 3236 de
525 3157 667 3263 quibus
683 3158 859 3264 deposuit
874 3159 951 3236 sint
966 3157 1137 3238 confessi.
1157 3161 1240 3234 Nou
1256 3152 1446 3234 obtulerat
1458 3182 1497 3232 se
1513 3155 1561 3232 ed
1575 3157 1719 3236 dellen-

296 3287 442 3366 sionem
459 3287 622 3373 ordinis,
638 3315 710 3383 nec
722 3285 844 3365 iuerat
860 3288 960 3366 ultra
979 3310 1095 3360 mare.

350 3415 566 3522 Reqnisitus
577 3416 608 3496 si
619 3416 671 3492 sic
686 3416 914 3516 deposuerat
921 3439 1051 3517 prece,
1069 3395 1266 3518 precepto,
1281 3414 1420 3492 timore
1432 3477 1442 3505 ‚
1452 3443 1597 3502 amore,
1609 3417 1715 3507 odio,

291 3545 350 3622 vel
378 3545 580 3649 temporali
607 3541 770 3620 comodo
799 3539 930 3619 habito
956 3540 1016 3620 vel
1042 3541 1241 3634 babendo,
1270 3545 1467 3650 respondit
1490 3549 1595 3652 quod
1621 3574 1712 3636 non,

291 3674 358 3753 sed
378 3699 447 3779 pro
472 3671 626 3750 veritate
654 3670 838 3760 dicendn;
869 3670 930 3747 cui
957 3669 1031 3748 luit
1059 3671 1274 3778 injunctum
1301 3673 1407 3779 quod
1434 3701 1513 3752 uon
1535 3676 1715 3755 revelaret

291 3807 387 3882 heare
406 3831 513 3884 suam
532 3801 831 3909 deposicionem‚
853 3829 1053 3909 (proraque
1073 3797 1336 3884 attestationes
1353 3803 1496 3883 fuerint
1512 3805 1711 3912 publicate.

345 4069 475 4146 Frater
494 4068 630 4146 Petrus
647 4065 808 4144 nutandi
829 4065 1010 4156 servieus,
1032 4065 1311 4144 Lemovicensis
1330 4067 1505 4155 diocesis,
1528 4069 1633 4146 testis
1652 4099 1713 4146 su-

291 4227 358 4304 pra
373 4197 539 4304 juratus,
556 4196 802 4305 quadraginta
819 4195 936 4272 trium
955 4221 1140 4272 annorum
1159 4193 1217 4272 vel
1238 4195 1349 4288 circa,
1373 4193 1527 4274 barbam
1547 4197 1616 4276 sed
1635 4227 1711 4276 non

287 4325 512 4406 mantellum
534 4325 737 4419 defferens,
759 4325 847 4432 quia
867 4324 992 4431 ipsum
1013 4323 1208 4404 dimiserat
1223 4341 1404 4402 vetustate
1424 4345 1708 4432 consumptum,

287 4485 373 4534 cum
389 4483 469 4564 quo
482 4457 707 4564 inquisitum
721 4454 860 4544 fuerat,
878 4451 1076 4532 absolutus
1094 4469 1134 4530 et
1148 4454 1411 4534 reconciliatus
1425 4483 1493 4560 per
1508 4457 1709 4534 dominum

287 4587 593 4666 Lemovicensem
609 4587 846 4693 episcopum,
862 4583 972 4663 lectis
986 4600 1025 4660 et
1038 4581 1239 4690 diligenter
1253 4585 1427 4691 expositis
1442 4585 1512 4662 sibi
1529 4586 1708 4665 omuibus

286 4716 497 4826 etsingulis
515 4717 701 4812 articulis
720 4714 918 4822 respondit
937 4713 1044 4821 quod
1063 4713 1213 4792 nullum
1237 4714 1355 4793 elium
1370 4713 1513 4794 viderat
1532 4716 1646 4821 recipi
1667 4718 1706 4794 in

285 4847 438 4940 ordine,
456 4875 527 4926 neo
545 4846 668 4926 luerat
686 4844 920 4937 eluamus,
937 4871 1008 4924 uec
1027 4843 1198 4924 adfuerat
1215 4843 1387 4951 capitulis
1407 4845 1648 4932 eorumdem,
1668 4865 1706 4924 et
