4242 5890
594 613 600 622 ·
701 557 898 652 raoots
925 577 1021 650 ors
1046 579 1348 656 rsurmsas.
1664 587 1737 662 aar

311 717 390 806 nie,
412 715 649 824 presentibus
676 715 788 796 fratre
816 721 978 826 Symone
1005 719 1124 799 Poitel
1154 739 1192 800 et
1218 723 1329 800 fratre
1350 723 1555 804 Guillelmo
1579 728 1680 817 Mor,
1704 747 1741 806 et

310 845 535 955 quibusdam
556 847 639 926 aliis
659 847 707 926 de
727 879 890 957 quorum
913 849 1130 929 nominibus
1149 881 1225 930 non
1242 853 1384 933 recolit.
1411 856 1514 936 Dixit
1537 859 1653 936 eciam
1673 887 1741 965 por

303 982 560 1088 juramentum
580 1007 690 1058 suum
707 980 828 1087 quod,
851 999 937 1088 post
955 981 1092 1060 maxltas
1106 985 1375 1089 promissiones
1390 987 1438 1064 de
1459 989 1607 1066 statutis
1622 1008 1660 1067 et
1680 1019 1739 1067 se-

310 1111 421 1189 cretis
441 1111 529 1189 dicti
551 1112 696 1190 ordinis
715 1112 970 1203 observandis,
991 1131 1028 1191 et
1047 1115 1224 1193 mantello
1240 1116 1288 1192 ad
1308 1117 1446 1194 collum
1467 1119 1608 1225 posito,
1627 1149 1740 1227 apor-

309 1259 383 1318 tata
402 1241 474 1318 lixit
493 1241 562 1318 sibi
581 1239 744 1348 quedam
768 1271 857 1320 crux
878 1271 968 1321 enea
985 1245 1025 1321 in
1044 1271 1119 1351 qua
1139 1261 1216 1321 erat
1236 1245 1359 1353 imago
1376 1247 1492 1326 Jhesu
1518 1248 1672 1338 Christi,
1703 1269 1741 1326 et

310 1390 398 1450 tunc
414 1373 582 1479 precepit
600 1371 671 1452 sibi
687 1373 808 1452 dictus
826 1373 1010 1480 recipiens
1027 1373 1132 1480 quod
1146 1371 1301 1454 Jbesum
1320 1375 1509 1455 Christum
1525 1377 1736 1487 abnegaret,

311 1519 349 1580 et
366 1502 471 1612 quod
483 1520 634 1610 spueret
653 1531 763 1610 supra
778 1532 945 1595 crucem,
967 1505 1072 1612 quod
1087 1503 1176 1582 fecit
1194 1504 1311 1582 semel
1323 1509 1600 1586 tantummodo.
1622 1512 1740 1586 loter-

309 1650 461 1740 rogatus
480 1634 629 1713 devoto
650 1635 843 1725 castitatis,
865 1635 958 1714 dixit
976 1663 1045 1742 per
1059 1635 1317 1743 juramentum
1342 1666 1450 1716 suum
1480 1639 1585 1746 quod
1607 1669 1738 1744 prece-

308 1781 415 1870 ptum
430 1763 501 1842 fuit
520 1765 590 1843 sibi
612 1766 716 1873 quod
736 1767 890 1845 omnino
909 1751 1111 1844 abstineret
1124 1795 1145 1843 a
1160 1765 1404 1861 mulieribus,
1424 1767 1503 1845 etsi
1520 1769 1621 1846 calor
1637 1787 1739 1847 natu·

308 1892 394 1972 ralis
409 1911 559 2003 urgeret
574 1923 678 1985 eum,
696 1895 800 2003 quod
820 1898 1079 1974 commisceret
1094 1925 1133 1972 se
1152 1895 1345 1972 carnaliter
1363 1925 1449 1976 cum
1463 1898 1544 1976 aliis
1563 1896 1738 1977 fratribus

311 2025 401 2103 dicti
422 2025 579 2116 ordinis,
597 2026 664 2104 sed
679 2055 886 2134 numquam
900 2026 1006 2116 lecit,
1023 2044 1067 2104 ut
1080 2027 1185 2104 dixit.

366 2157 616 2264 Interrogatus
625 2176 753 2236 utrum
764 2159 817 2248 vi,
829 2157 887 2236 vel
896 2175 1000 2236 metu
1018 2158 1174 2234 carceris
1186 2171 1251 2234 aut
1265 2157 1747 2265 tormentorum‚aliquam'

311 2285 405 2363 dixit
416 2286 616 2366 falsitatem
626 2288 685 2366 vel
701 2289 949 2367 immiscuerit
962 2287 1000 2365 in
1012 2287 1255 2394 deposicione
1268 2313 1351 2375 sua,
1369 2286 1461 2364 dixit
1472 2315 1540 2393 per
1547 2287 1739 2395 juramen-

309 2433 390 2493 tum
406 2445 516 2495 suum
537 2417 643 2525 quod
663 2447 758 2508 non,
779 2419 896 2496 immo
913 2417 1007 2496 dixit
1021 2419 1225 2496 vamtatem.
1292 2515 1296 2524 ἡ

364 2545 455 2625 Acta
471 2565 557 2625 sunt
574 2547 645 2626 hec
660 2575 775 2638 enno,
797 2549 1005 2639 indicione,
1022 2575 1169 2648 mense,
1184 2548 1246 2626 die
1257 2549 1528 2655 et'poutifiortu
1541 2549 1735 2656 predictis,

308 2679 548 2787 presentibus
567 2679 745 2759 fratribus
765 2681 934 2757 Tierrico
965 2680 1013 2757 de
1032 2678 1196 2768 Amella,
1226 2679 1416 2757 Bernardo
1447 2679 1494 2757 de
1522 2679 1734 2770 Molartico,

308 2809 513 2918 Reginaldo
534 2810 581 2887 de
600 2811 679 2888 lars
704 2810 849 2889 ordinis
863 2810 1163 2900 Predicatorum,
1185 2809 1369 2917 magistris
1385 2809 1591 2918 Reginaldo
1608 2810 1655 2888 de
1669 2810 1736 2889 Al-

309 2941 481 3048 bigniaco
500 2941 759 3030 bituricensis,
783 2957 820 3018 et
838 2939 1009 3018 lohanne
1039 2939 1087 3018 de
1111 2939 1291 3046 Crepiaco
1315 2941 1596 3019 silvanectensis
1621 2939 1737 3019 eccle

308 3071 447 3148 siarum
467 3072 670 3162 canonicis,
694 3089 732 3150 et
750 3070 924 3177 pluribus
943 3071 1025 3148 aliis
1044 3069 1190 3149 clericis
1209 3087 1245 3147 et
1265 3069 1385 3161 laicis,
1406 3071 1565 3150 testibus
1592 3073 1640 3149 ad
1664 3073 1737 3148 hoc

306 3202 444 3279 vocatis
460 3218 497 3278 et
509 3201 659 3309 rogatis.

365 3463 411 3540 Et
427 3490 496 3572 ego
510 3459 677 3539 hmisius
692 3462 741 3539 de
755 3459 955 3539 Aureliano
977 3457 1099 3538 dictus
1119 3459 1154 3538 le
1175 3460 1292 3549 Ratis,
1309 3459 1486 3550 clericus,
1505 3477 1735 3540 sacrosancte

308 3595 472 3672 Romane
494 3591 647 3671 ecclesie
668 3593 886 3671 auctoritate
901 3591 1070 3670 notarius
1083 3590 1278 3698 publicus,
1298 3590 1492 3696 premissis
1505 3591 1681 3670 omnibus
1699 3609 1737 3668 et

308 3725 480 3832 singulis,
495 3741 608 3830 prout
622 3724 662 3800 in
672 3724 743 3802 hac
757 3741 795 3802 et
809 3721 1024 3829 precedenti
1037 3722 1154 3828 peciis
1165 3749 1252 3800 meo
1265 3721 1372 3828 signo
1382 3721 1736 3829 signatiscontinen-

308 3872 382 3944 tur,
404 3883 480 3932 una
500 3883 586 3932 cunr
612 3853 872 3961 suprascriptis
900 3851 1059 3931 testibus
1079 3870 1118 3930 et
1134 3851 1319 3958 magistris
1344 3851 1527 3931 Gaufxido
1547 3852 1737 3960 Enguelor

309 3984 409 4064 dicto
432 3985 593 4094 Chalop,
624 3987 751 4064 Eueno
775 3983 873 4063 Phili
901 4002 939 4062 et
971 3981 1110 4062 lacobo
1137 3983 1184 4061 de
1209 3983 1358 4062 Virtute
1392 3981 1553 4090 publicis
1582 3981 1736 4060 notariis

307 4145 460 4223 presens
477 4116 648 4207 interlui,
676 4145 734 4206 ac,
757 4116 1001 4194 demandato
1029 4114 1118 4192 dieti
1139 4113 1403 4201 commissarii,
1428 4115 1468 4192 in
1495 4113 1570 4192 hoc
1599 4114 1736 4190 instru—
1861 4137 1865 4144 ·

307 4264 434 4326 mento
459 4277 521 4326 me
547 4233 749 4353 subscripsi
774 4245 814 4323 in
843 4246 1105 4326 testimonium
1129 4245 1414 4354 premissorum,
1436 4243 1609 4349 illudque
1628 4244 1735 4352 signo

306 4405 392 4458 meo
414 4379 524 4458 solito
540 4378 677 4486 signavi
698 4395 862 4484 rogatus.

362 4643 409 4719 Et
428 4669 497 4749 ego
512 4639 673 4719 Jacobus
687 4640 736 4718 de
750 4639 902 4719 Virtute
923 4638 1079 4716 clericus
1093 4636 1398 4716 cathalaunensis
1413 4637 1588 4724 diocesis,
1612 4635 1738 4743 publi-

308 4801 372 4851 cus
398 4773 583 4879 imperiali
609 4773 829 4850 auctoritate
851 4770 1035 4859 notarius,
1063 4769 1256 4877 premissis
1276 4767 1575 4848 confessionibus
1600 4785 1638 4844 et
1660 4765 1738 4844 om·

309 4903 420 4981 nibus
446 4902 545 4992 aliis,
564 4919 678 5010 prout
695 4903 735 4978 in
756 4901 974 5009 precedenti
996 4900 1245 4990 continentur,
1272 4929 1347 4978 una
1368 4927 1455 4978 cum
1479 4898 1736 5004 suprascriptis

1514 5046 1564 5112 ltlr.
