<?xml version="1.0" encoding="UTF-8"?>
<!DOCTYPE html PUBLIC "-//W3C//DTD XHTML 1.0 Transitional//EN"
    "http://www.w3.org/TR/xhtml1/DTD/xhtml1-transitional.dtd">
<html xmlns="http://www.w3.org/1999/xhtml" xml:lang="en" lang="en">
 <head>
  <title>
</title>
<meta http-equiv="Content-Type" content="text/html;charset=utf-8" />
  <meta name='ocr-system' content='tesseract 3.04.00' />
  <meta name='ocr-capabilities' content='ocr_page ocr_carea ocr_par ocr_line ocrx_word'/>
</head>
<body>
  <div class='ocr_page' id='page_1' title='image "./procsdestemplie03defegoog/procsdestemplie03defegoog_0301.png"; bbox 0 0 4242 5890; ppageno 0'>
   <div class='ocr_carea' id='block_1_1' title="bbox 306 573 1741 1500">
    <p class='ocr_par' dir='ltr' id='par_1_1' title="bbox 306 573 1740 975">
     <span class='ocr_line' id='line_1_1' title="bbox 701 573 1736 668; baseline 0.004 -4"><span class='ocrx_word' id='word_1_1' title='bbox 701 573 897 667; x_wconf 80' lang='lat' dir='ltr'>rnocns</span> <span class='ocrx_word' id='word_1_2' title='bbox 924 592 1020 666; x_wconf 83' lang='lat' dir='ltr'>uns</span> <span class='ocrx_word' id='word_1_3' title='bbox 1046 593 1346 668; x_wconf 81' lang='lat' dir='ltr'>rnurmsns.</span> <span class='ocrx_word' id='word_1_4' title='bbox 1661 594 1736 668; x_wconf 79' lang='lat' dir='ltr'>sss</span> 
     </span>
     <span class='ocr_line' id='line_1_2' title="bbox 306 733 1740 845; baseline -0.001 -33"><span class='ocrx_word' id='word_1_5' title='bbox 306 734 380 812; x_wconf 92' lang='lat' dir='ltr'>hoc</span> <span class='ocrx_word' id='word_1_6' title='bbox 398 734 498 811; x_wconf 92' lang='lat' dir='ltr'>idem</span> <span class='ocrx_word' id='word_1_7' title='bbox 520 733 691 812; x_wconf 89' lang='lat' dir='ltr'>similiter</span> <span class='ocrx_word' id='word_1_8' title='bbox 705 734 776 812; x_wconf 91' lang='lat' dir='ltr'>sibi</span> <span class='ocrx_word' id='word_1_9' title='bbox 796 733 879 812; x_wconf 87' lang='lat' dir='ltr'>fieri</span> <span class='ocrx_word' id='word_1_10' title='bbox 900 735 946 812; x_wconf 89' lang='lat' dir='ltr'>ab</span> <span class='ocrx_word' id='word_1_11' title='bbox 966 733 1046 813; x_wconf 90' lang='lat' dir='ltr'>aliis</span> <span class='ocrx_word' id='word_1_12' title='bbox 1065 735 1253 816; x_wconf 82' lang='lat' dir='ltr'>iratribus.</span> <span class='ocrx_word' id='word_1_13' title='bbox 1275 737 1378 816; x_wconf 89' lang='lat' dir='ltr'>Dixit</span> <span class='ocrx_word' id='word_1_14' title='bbox 1396 753 1541 833; x_wconf 82' lang='lat' dir='ltr'>tamen,</span> <span class='ocrx_word' id='word_1_15' title='bbox 1562 764 1631 842; x_wconf 89' lang='lat' dir='ltr'>per</span> <span class='ocrx_word' id='word_1_16' title='bbox 1640 735 1740 845; x_wconf 87' lang='lat' dir='ltr'>jura·</span> 
     </span>
     <span class='ocr_line' id='line_1_3' title="bbox 309 863 1171 975; baseline 0 -31"><span class='ocrx_word' id='word_1_17' title='bbox 309 883 479 945; x_wconf 90' lang='lat' dir='ltr'>mentum</span> <span class='ocrx_word' id='word_1_18' title='bbox 495 895 627 956; x_wconf 91' lang='lat' dir='ltr'>suum,</span> <span class='ocrx_word' id='word_1_19' title='bbox 643 867 748 974; x_wconf 93' lang='lat' dir='ltr'>quod</span> <span class='ocrx_word' id='word_1_20' title='bbox 766 865 840 946; x_wconf 91' lang='lat' dir='ltr'>boc</span> <span class='ocrx_word' id='word_1_21' title='bbox 858 895 1051 975; x_wconf 90' lang='lat' dir='ltr'>uunquam</span> <span class='ocrx_word' id='word_1_22' title='bbox 1070 863 1171 946; x_wconf 84' lang='lat' dir='ltr'>lecit.</span> 
     </span>
    </p>

    <p class='ocr_par' dir='ltr' id='par_1_2' title="bbox 307 988 1741 1500">
     <span class='ocr_line' id='line_1_4' title="bbox 364 988 1740 1106; baseline 0 -32"><span class='ocrx_word' id='word_1_23' title='bbox 364 1000 615 1105; x_wconf 81' lang='lat' dir='ltr'><strong>Interrogatus</strong></span> <span class='ocrx_word' id='word_1_24' title='bbox 635 997 682 1074; x_wconf 89' lang='lat' dir='ltr'>de</span> <span class='ocrx_word' id='word_1_25' title='bbox 703 998 915 1104; x_wconf 80' lang='lat' dir='ltr'>supradicto</span> <span class='ocrx_word' id='word_1_26' title='bbox 932 999 1052 1104; x_wconf 90' lang='lat' dir='ltr'>capite</span> <span class='ocrx_word' id='word_1_27' title='bbox 1072 998 1102 1076; x_wconf 91' lang='lat' dir='ltr'>si</span> <span class='ocrx_word' id='word_1_28' title='bbox 1123 997 1268 1106; x_wconf 92' lang='lat' dir='ltr'>aliquid</span> <span class='ocrx_word' id='word_1_29' title='bbox 1286 1000 1397 1076; x_wconf 90' lang='lat' dir='ltr'>sciret</span> <span class='ocrx_word' id='word_1_30' title='bbox 1413 997 1460 1074; x_wconf 93' lang='lat' dir='ltr'>de</span> <span class='ocrx_word' id='word_1_31' title='bbox 1478 988 1629 1086; x_wconf 87' lang='lat' dir='ltr'>eodem,</span> <span class='ocrx_word' id='word_1_32' title='bbox 1648 998 1740 1075; x_wconf 82' lang='lat' dir='ltr'>dixit</span> 
     </span>
     <span class='ocr_line' id='line_1_5' title="bbox 307 1127 1740 1238; baseline -0.001 -32"><span class='ocrx_word' id='word_1_33' title='bbox 307 1157 376 1236; x_wconf 89' lang='lat' dir='ltr'>per</span> <span class='ocrx_word' id='word_1_34' title='bbox 393 1130 647 1237; x_wconf 89' lang='lat' dir='ltr'>jurameutum</span> <span class='ocrx_word' id='word_1_35' title='bbox 675 1157 785 1206; x_wconf 89' lang='lat' dir='ltr'>suum</span> <span class='ocrx_word' id='word_1_36' title='bbox 812 1129 917 1236; x_wconf 93' lang='lat' dir='ltr'>quod</span> <span class='ocrx_word' id='word_1_37' title='bbox 941 1157 1036 1217; x_wconf 92' lang='lat' dir='ltr'>non,</span> <span class='ocrx_word' id='word_1_38' title='bbox 1066 1129 1154 1237; x_wconf 91' lang='lat' dir='ltr'>quia</span> <span class='ocrx_word' id='word_1_39' title='bbox 1177 1158 1370 1238; x_wconf 88' lang='lat' dir='ltr'>nunquam</span> <span class='ocrx_word' id='word_1_40' title='bbox 1396 1129 1468 1207; x_wconf 84' lang='lat' dir='ltr'>fuit</span> <span class='ocrx_word' id='word_1_41' title='bbox 1503 1130 1541 1204; x_wconf 91' lang='lat' dir='ltr'>in</span> <span class='ocrx_word' id='word_1_42' title='bbox 1570 1127 1740 1234; x_wconf 90' lang='lat' dir='ltr'>capitulis</span> 
     </span>
     <span class='ocr_line' id='line_1_6' title="bbox 310 1257 1741 1368; baseline 0 -32"><span class='ocrx_word' id='word_1_43' title='bbox 310 1260 550 1350; x_wconf 86' lang='lat' dir='ltr'>eorumdem,</span> <span class='ocrx_word' id='word_1_44' title='bbox 566 1257 653 1336; x_wconf 93' lang='lat' dir='ltr'>licet</span> <span class='ocrx_word' id='word_1_45' title='bbox 673 1259 746 1338; x_wconf 92' lang='lat' dir='ltr'>hoc</span> <span class='ocrx_word' id='word_1_46' title='bbox 759 1258 900 1368; x_wconf 86' lang='lat' dir='ltr'>pluries</span> <span class='ocrx_word' id='word_1_47' title='bbox 913 1259 1175 1367; x_wconf 81' lang='lat' dir='ltr'>requisivisset.</span> <span class='ocrx_word' id='word_1_48' title='bbox 1191 1260 1293 1338; x_wconf 82' lang='lat' dir='ltr'>Dixit</span> <span class='ocrx_word' id='word_1_49' title='bbox 1307 1260 1424 1337; x_wconf 90' lang='lat' dir='ltr'>eciam</span> <span class='ocrx_word' id='word_1_50' title='bbox 1442 1261 1521 1368; x_wconf 88' lang='lat' dir='ltr'>ipse</span> <span class='ocrx_word' id='word_1_51' title='bbox 1541 1258 1607 1367; x_wconf 92' lang='lat' dir='ltr'>qui</span> <span class='ocrx_word' id='word_1_52' title='bbox 1624 1257 1741 1365; x_wconf 91' lang='lat' dir='ltr'>loqui·</span> 
     </span>
     <span class='ocr_line' id='line_1_7' title="bbox 308 1391 1741 1500; baseline -0.001 -31"><span class='ocrx_word' id='word_1_53' title='bbox 308 1408 382 1480; x_wconf 90' lang='lat' dir='ltr'>tur,</span> <span class='ocrx_word' id='word_1_54' title='bbox 401 1419 469 1497; x_wconf 89' lang='lat' dir='ltr'>per</span> <span class='ocrx_word' id='word_1_55' title='bbox 477 1391 734 1498; x_wconf 84' lang='lat' dir='ltr'>juramentum</span> <span class='ocrx_word' id='word_1_56' title='bbox 755 1421 885 1481; x_wconf 90' lang='lat' dir='ltr'>suum,</span> <span class='ocrx_word' id='word_1_57' title='bbox 902 1392 1006 1500; x_wconf 93' lang='lat' dir='ltr'>quod</span> <span class='ocrx_word' id='word_1_58' title='bbox 1025 1392 1105 1499; x_wconf 91' lang='lat' dir='ltr'>ipse</span> <span class='ocrx_word' id='word_1_59' title='bbox 1127 1410 1165 1472; x_wconf 92' lang='lat' dir='ltr'>et</span> <span class='ocrx_word' id='word_1_60' title='bbox 1184 1392 1313 1470; x_wconf 82' lang='lat' dir='ltr'>fratres</span> <span class='ocrx_word' id='word_1_61' title='bbox 1327 1393 1517 1470; x_wconf 83' lang='lat' dir='ltr'>lohannes</span> <span class='ocrx_word' id='word_1_62' title='bbox 1537 1392 1583 1468; x_wconf 91' lang='lat' dir='ltr'>de</span> <span class='ocrx_word' id='word_1_63' title='bbox 1603 1395 1741 1469; x_wconf 80' lang='lat' dir='ltr'>Rescu-</span> 
     </span>
    </p>
   </div>
   <div class='ocr_carea' id='block_1_2' title="bbox 179 1521 1740 1635">
    <p class='ocr_par' dir='ltr' id='par_1_3' title="bbox 179 1521 1740 1635">
     <span class='ocr_line' id='line_1_8' title="bbox 179 1521 1740 1635; baseline -0.001 -35"><span class='ocrx_word' id='word_1_64' title='bbox 179 1575 181 1578; x_wconf 94' lang='lat'>-</span> <span class='ocrx_word' id='word_1_65' title='bbox 310 1539 436 1610; x_wconf 86' lang='lat' dir='ltr'>court,</span> <span class='ocrx_word' id='word_1_66' title='bbox 455 1521 644 1600; x_wconf 83' lang='lat' dir='ltr'>lohannes</span> <span class='ocrx_word' id='word_1_67' title='bbox 663 1522 712 1600; x_wconf 88' lang='lat' dir='ltr'>de</span> <span class='ocrx_word' id='word_1_68' title='bbox 731 1523 944 1635; x_wconf 84' lang='lat' dir='ltr'>louvignie,</span> <span class='ocrx_word' id='word_1_69' title='bbox 966 1522 1186 1630; x_wconf 84' lang='lat' dir='ltr'>Radulpbus</span> <span class='ocrx_word' id='word_1_70' title='bbox 1205 1523 1253 1600; x_wconf 91' lang='lat' dir='ltr'>de</span> <span class='ocrx_word' id='word_1_71' title='bbox 1269 1522 1525 1612; x_wconf 87' lang='lat' dir='ltr'>Hardevillier,</span> <span class='ocrx_word' id='word_1_72' title='bbox 1551 1523 1740 1600; x_wconf 84' lang='lat' dir='ltr'>lohannes</span> 
     </span>
    </p>
   </div>
   <div class='ocr_carea' id='block_1_3' title="bbox 278 1652 1813 2414">
    <p class='ocr_par' dir='ltr' id='par_1_4' title="bbox 278 1652 1813 2414">
     <span class='ocr_line' id='line_1_9' title="bbox 278 1652 1741 1764; baseline -0.001 -34"><span class='ocrx_word' id='word_1_73' title='bbox 278 1729 287 1746; x_wconf 75' lang='grc'>,</span> <span class='ocrx_word' id='word_1_74' title='bbox 311 1653 358 1730; x_wconf 93' lang='lat' dir='ltr'>de</span> <span class='ocrx_word' id='word_1_75' title='bbox 378 1653 692 1744; x_wconf 87' lang='lat' dir='ltr'>Trocheincourt,</span> <span class='ocrx_word' id='word_1_76' title='bbox 715 1656 846 1732; x_wconf 89' lang='lat' dir='ltr'>Petrus</span> <span class='ocrx_word' id='word_1_77' title='bbox 873 1656 920 1734; x_wconf 89' lang='lat' dir='ltr'>de</span> <span class='ocrx_word' id='word_1_78' title='bbox 956 1655 1169 1764; x_wconf 83' lang='lat' dir='ltr'>Sausauley,</span> <span class='ocrx_word' id='word_1_79' title='bbox 1191 1655 1417 1762; x_wconf 86' lang='lat' dir='ltr'>Reginaldus</span> <span class='ocrx_word' id='word_1_80' title='bbox 1442 1654 1489 1731; x_wconf 88' lang='lat' dir='ltr'>de</span> <span class='ocrx_word' id='word_1_81' title='bbox 1509 1652 1682 1760; x_wconf 83' lang='lat' dir='ltr'>Argivilla</span> <span class='ocrx_word' id='word_1_82' title='bbox 1704 1669 1741 1728; x_wconf 91' lang='lat' dir='ltr'>et</span> 
     </span>
     <span class='ocr_line' id='line_1_10' title="bbox 309 1785 1739 1893; baseline -0.001 -32"><span class='ocrx_word' id='word_1_83' title='bbox 309 1785 518 1863; x_wconf 88' lang='lat' dir='ltr'>Bernardus</span> <span class='ocrx_word' id='word_1_84' title='bbox 532 1785 579 1862; x_wconf 93' lang='lat' dir='ltr'>de</span> <span class='ocrx_word' id='word_1_85' title='bbox 594 1786 842 1864; x_wconf 89' lang='lat' dir='ltr'>Sommereux</span> <span class='ocrx_word' id='word_1_86' title='bbox 867 1786 998 1864; x_wconf 85' lang='lat' dir='ltr'>fratres</span> <span class='ocrx_word' id='word_1_87' title='bbox 1014 1787 1130 1893; x_wconf 91' lang='lat' dir='ltr'>ipsius</span> <span class='ocrx_word' id='word_1_88' title='bbox 1145 1787 1305 1876; x_wconf 86' lang='lat' dir='ltr'>ordinis,</span> <span class='ocrx_word' id='word_1_89' title='bbox 1329 1785 1567 1864; x_wconf 80' lang='lat' dir='ltr'>condixerant</span> <span class='ocrx_word' id='word_1_90' title='bbox 1586 1785 1685 1861; x_wconf 90' lang='lat' dir='ltr'>inter</span> <span class='ocrx_word' id='word_1_91' title='bbox 1701 1813 1739 1861; x_wconf 94' lang='lat' dir='ltr'>se</span> 
     </span>
     <span class='ocr_line' id='line_1_11' title="bbox 309 1912 1740 2027; baseline -0.001 -35"><span class='ocrx_word' id='word_1_92' title='bbox 309 1912 423 2022; x_wconf 83' lang='lat' dir='ltr'>longo</span> <span class='ocrx_word' id='word_1_93' title='bbox 447 1933 618 2022; x_wconf 90' lang='lat' dir='ltr'>tempore</span> <span class='ocrx_word' id='word_1_94' title='bbox 639 1932 762 2006; x_wconf 86' lang='lat' dir='ltr'>antea,</span> <span class='ocrx_word' id='word_1_95' title='bbox 795 1916 898 2023; x_wconf 92' lang='lat' dir='ltr'>quod</span> <span class='ocrx_word' id='word_1_96' title='bbox 927 1918 1024 1994; x_wconf 91' lang='lat' dir='ltr'>irent</span> <span class='ocrx_word' id='word_1_97' title='bbox 1051 1917 1098 1995; x_wconf 93' lang='lat' dir='ltr'>ad</span> <span class='ocrx_word' id='word_1_98' title='bbox 1128 1917 1266 1996; x_wconf 90' lang='lat' dir='ltr'>Sedern</span> <span class='ocrx_word' id='word_1_99' title='bbox 1296 1915 1563 2027; x_wconf 75' lang='lat' dir='ltr'>Apostolicam,</span> <span class='ocrx_word' id='word_1_100' title='bbox 1585 1915 1740 2021; x_wconf 90' lang='lat' dir='ltr'>petituri</span> 
     </span>
     <span class='ocr_line' id='line_1_12' title="bbox 311 2044 1743 2153; baseline -0.001 -31"><span class='ocrx_word' id='word_1_101' title='bbox 311 2044 589 2123; x_wconf 83' lang='lat' dir='ltr'>absolutionem</span> <span class='ocrx_word' id='word_1_102' title='bbox 605 2047 652 2123; x_wconf 93' lang='lat' dir='ltr'>de</span> <span class='ocrx_word' id='word_1_103' title='bbox 669 2045 847 2153; x_wconf 89' lang='lat' dir='ltr'>predictis</span> <span class='ocrx_word' id='word_1_104' title='bbox 868 2063 905 2124; x_wconf 92' lang='lat' dir='ltr'>et</span> <span class='ocrx_word' id='word_1_105' title='bbox 921 2046 1116 2124; x_wconf 84' lang='lat' dir='ltr'>licenciam</span> <span class='ocrx_word' id='word_1_106' title='bbox 1131 2047 1379 2124; x_wconf 80' lang='lat' dir='ltr'>transferendi</span> <span class='ocrx_word' id='word_1_107' title='bbox 1394 2077 1433 2124; x_wconf 92' lang='lat' dir='ltr'>se</span> <span class='ocrx_word' id='word_1_108' title='bbox 1454 2046 1502 2124; x_wconf 88' lang='lat' dir='ltr'>ad</span> <span class='ocrx_word' id='word_1_109' title='bbox 1517 2045 1631 2124; x_wconf 89' lang='lat' dir='ltr'>alium</span> <span class='ocrx_word' id='word_1_110' title='bbox 1646 2047 1743 2123; x_wconf 94' lang='lat' dir='ltr'>ordi·</span> 
     </span>
     <span class='ocr_line' id='line_1_13' title="bbox 310 2158 1744 2284; baseline 0.001 -34"><span class='ocrx_word' id='word_1_111' title='bbox 310 2203 413 2252; x_wconf 91' lang='lat' dir='ltr'>nem.</span> <span class='ocrx_word' id='word_1_112' title='bbox 434 2176 537 2254; x_wconf 83' lang='lat' dir='ltr'>Dixit</span> <span class='ocrx_word' id='word_1_113' title='bbox 554 2177 670 2254; x_wconf 92' lang='lat' dir='ltr'>eciam</span> <span class='ocrx_word' id='word_1_114' title='bbox 693 2158 761 2284; x_wconf 83' lang='lat' dir='ltr'>per</span> <span class='ocrx_word' id='word_1_115' title='bbox 778 2178 1037 2283; x_wconf 90' lang='lat' dir='ltr'>juramentum</span> <span class='ocrx_word' id='word_1_116' title='bbox 1066 2207 1176 2255; x_wconf 90' lang='lat' dir='ltr'>suum</span> <span class='ocrx_word' id='word_1_117' title='bbox 1195 2177 1407 2284; x_wconf 88' lang='lat' dir='ltr'>quodcum</span> <span class='ocrx_word' id='word_1_118' title='bbox 1429 2177 1507 2283; x_wconf 92' lang='lat' dir='ltr'>ipse</span> <span class='ocrx_word' id='word_1_119' title='bbox 1529 2176 1668 2254; x_wconf 86' lang='lat' dir='ltr'>laceret</span> <span class='ocrx_word' id='word_1_120' title='bbox 1684 2193 1744 2253; x_wconf 89' lang='lat' dir='ltr'>ter</span> 
     </span>
     <span class='ocr_line' id='line_1_14' title="bbox 310 2305 1813 2414; baseline -0.001 -31"><span class='ocrx_word' id='word_1_121' title='bbox 310 2307 350 2383; x_wconf 92' lang='lat' dir='ltr'>in</span> <span class='ocrx_word' id='word_1_122' title='bbox 363 2305 570 2412; x_wconf 87' lang='lat' dir='ltr'>septimana</span> <span class='ocrx_word' id='word_1_123' title='bbox 587 2305 767 2384; x_wconf 87' lang='lat' dir='ltr'>celebrari</span> <span class='ocrx_word' id='word_1_124' title='bbox 788 2307 827 2383; x_wconf 93' lang='lat' dir='ltr'>in</span> <span class='ocrx_word' id='word_1_125' title='bbox 848 2308 1010 2414; x_wconf 87' lang='lat' dir='ltr'>quadam</span> <span class='ocrx_word' id='word_1_126' title='bbox 1030 2307 1172 2413; x_wconf 91' lang='lat' dir='ltr'>capella</span> <span class='ocrx_word' id='word_1_127' title='bbox 1192 2307 1327 2384; x_wconf 87' lang='lat' dir='ltr'>domus</span> <span class='ocrx_word' id='word_1_128' title='bbox 1343 2335 1425 2399; x_wconf 91' lang='lat' dir='ltr'>sue,</span> <span class='ocrx_word' id='word_1_129' title='bbox 1447 2307 1560 2384; x_wconf 83' lang='lat' dir='ltr'>frater</span> <span class='ocrx_word' id='word_1_130' title='bbox 1574 2309 1682 2412; x_wconf 88' lang='lat' dir='ltr'>Hugo</span> <span class='ocrx_word' id='word_1_131' title='bbox 1695 2306 1742 2383; x_wconf 86' lang='lat' dir='ltr'>de</span> <span class='ocrx_word' id='word_1_132' title='bbox 1808 2333 1813 2344; x_wconf 93' lang='lat'>·</span> 
     </span>
    </p>
   </div>
   <div class='ocr_carea' id='block_1_4' title="bbox 312 2435 1878 2544">
    <p class='ocr_par' dir='ltr' id='par_1_5' title="bbox 312 2435 1878 2544">
     <span class='ocr_line' id='line_1_15' title="bbox 312 2435 1878 2544; baseline 0.001 -32"><span class='ocrx_word' id='word_1_133' title='bbox 312 2435 481 2512; x_wconf 84' lang='lat' dir='ltr'>Paraudo</span> <span class='ocrx_word' id='word_1_134' title='bbox 505 2436 672 2513; x_wconf 83' lang='lat' dir='ltr'>visitator</span> <span class='ocrx_word' id='word_1_135' title='bbox 697 2436 868 2527; x_wconf 83' lang='lat' dir='ltr'>Francia,</span> <span class='ocrx_word' id='word_1_136' title='bbox 898 2436 944 2512; x_wconf 90' lang='lat' dir='ltr'>ad</span> <span class='ocrx_word' id='word_1_137' title='bbox 969 2438 1095 2515; x_wconf 91' lang='lat' dir='ltr'>locum</span> <span class='ocrx_word' id='word_1_138' title='bbox 1115 2437 1329 2544; x_wconf 90' lang='lat' dir='ltr'>predictum</span> <span class='ocrx_word' id='word_1_139' title='bbox 1354 2437 1564 2527; x_wconf 91' lang='lat' dir='ltr'>declinans,</span> <span class='ocrx_word' id='word_1_140' title='bbox 1590 2437 1742 2514; x_wconf 86' lang='lat' dir='ltr'>calicem</span> <span class='ocrx_word' id='word_1_141' title='bbox 1874 2477 1878 2486; x_wconf 59' lang='lat'>¹</span> 
     </span>
    </p>
   </div>
   <div class='ocr_carea' id='block_1_5' title="bbox 312 2567 1744 2677">
    <p class='ocr_par' dir='ltr' id='par_1_6' title="bbox 312 2567 1744 2677">
     <span class='ocr_line' id='line_1_16' title="bbox 312 2567 1744 2677; baseline 0.001 -34"><span class='ocrx_word' id='word_1_142' title='bbox 312 2583 350 2643; x_wconf 91' lang='lat' dir='ltr'>et</span> <span class='ocrx_word' id='word_1_143' title='bbox 364 2568 491 2643; x_wconf 88' lang='lat' dir='ltr'>omnia</span> <span class='ocrx_word' id='word_1_144' title='bbox 511 2585 730 2644; x_wconf 91' lang='lat' dir='ltr'>ornamenta</span> <span class='ocrx_word' id='word_1_145' title='bbox 749 2596 823 2675; x_wconf 88' lang='lat' dir='ltr'>que</span> <span class='ocrx_word' id='word_1_146' title='bbox 844 2584 950 2644; x_wconf 89' lang='lat' dir='ltr'>erant</span> <span class='ocrx_word' id='word_1_147' title='bbox 969 2568 1009 2644; x_wconf 94' lang='lat' dir='ltr'>in</span> <span class='ocrx_word' id='word_1_148' title='bbox 1022 2568 1161 2674; x_wconf 90' lang='lat' dir='ltr'>capella</span> <span class='ocrx_word' id='word_1_149' title='bbox 1175 2567 1344 2674; x_wconf 90' lang='lat' dir='ltr'>predicta</span> <span class='ocrx_word' id='word_1_150' title='bbox 1359 2568 1576 2677; x_wconf 84' lang='lat' dir='ltr'>asportavit,</span> <span class='ocrx_word' id='word_1_151' title='bbox 1593 2584 1631 2644; x_wconf 89' lang='lat' dir='ltr'>et</span> <span class='ocrx_word' id='word_1_152' title='bbox 1643 2569 1744 2645; x_wconf 93' lang='lat' dir='ltr'>inbi-</span> 
     </span>
    </p>
   </div>
   <div class='ocr_carea' id='block_1_6' title="bbox 312 2697 1863 2806">
    <p class='ocr_par' dir='ltr' id='par_1_7' title="bbox 312 2697 1863 2806">
     <span class='ocr_line' id='line_1_17' title="bbox 312 2697 1863 2806; baseline 0.001 -32"><span class='ocrx_word' id='word_1_153' title='bbox 312 2697 396 2776; x_wconf 89' lang='lat' dir='ltr'>buit</span> <span class='ocrx_word' id='word_1_154' title='bbox 419 2700 453 2774; x_wconf 90' lang='lat' dir='ltr'>ei</span> <span class='ocrx_word' id='word_1_155' title='bbox 475 2726 523 2775; x_wconf 91' lang='lat' dir='ltr'>ne</span> <span class='ocrx_word' id='word_1_156' title='bbox 543 2698 706 2805; x_wconf 90' lang='lat' dir='ltr'>amplius</span> <span class='ocrx_word' id='word_1_157' title='bbox 731 2697 870 2776; x_wconf 87' lang='lat' dir='ltr'>faceret</span> <span class='ocrx_word' id='word_1_158' title='bbox 892 2697 1086 2776; x_wconf 89' lang='lat' dir='ltr'>celebrari.</span> <span class='ocrx_word' id='word_1_159' title='bbox 1112 2698 1295 2806; x_wconf 86' lang='lat' dir='ltr'>Requisiti</span> <span class='ocrx_word' id='word_1_160' title='bbox 1320 2727 1408 2778; x_wconf 85' lang='lat' dir='ltr'>vero</span> <span class='ocrx_word' id='word_1_161' title='bbox 1428 2699 1587 2806; x_wconf 88' lang='lat' dir='ltr'>predicti</span> <span class='ocrx_word' id='word_1_162' title='bbox 1611 2697 1744 2775; x_wconf 83' lang='lat' dir='ltr'>fratres</span> <span class='ocrx_word' id='word_1_163' title='bbox 1860 2711 1863 2716; x_wconf 86' lang='lat'>&#39;</span> 
     </span>
    </p>
   </div>
   <div class='ocr_carea' id='block_1_7' title="bbox 257 2827 1747 3588">
    <p class='ocr_par' dir='ltr' id='par_1_8' title="bbox 257 2827 1747 3588">
     <span class='ocr_line' id='line_1_18' title="bbox 312 2827 1746 2936; baseline -0.001 -30"><span class='ocrx_word' id='word_1_164' title='bbox 312 2831 444 2906; x_wconf 89' lang='lat' dir='ltr'>Petrus</span> <span class='ocrx_word' id='word_1_165' title='bbox 464 2828 511 2905; x_wconf 93' lang='lat' dir='ltr'>de</span> <span class='ocrx_word' id='word_1_166' title='bbox 533 2827 734 2906; x_wconf 88' lang='lat' dir='ltr'>Tortavilla</span> <span class='ocrx_word' id='word_1_167' title='bbox 760 2846 798 2905; x_wconf 93' lang='lat' dir='ltr'>et</span> <span class='ocrx_word' id='word_1_168' title='bbox 816 2829 1005 2918; x_wconf 87' lang='lat' dir='ltr'>Matbeus,</span> <span class='ocrx_word' id='word_1_169' title='bbox 1030 2827 1204 2906; x_wconf 89' lang='lat' dir='ltr'>videlicet</span> <span class='ocrx_word' id='word_1_170' title='bbox 1227 2828 1388 2936; x_wconf 91' lang='lat' dir='ltr'>quilibet</span> <span class='ocrx_word' id='word_1_171' title='bbox 1409 2858 1540 2908; x_wconf 90' lang='lat' dir='ltr'>eorum</span> <span class='ocrx_word' id='word_1_172' title='bbox 1560 2857 1628 2936; x_wconf 90' lang='lat' dir='ltr'>per</span> <span class='ocrx_word' id='word_1_173' title='bbox 1647 2857 1687 2906; x_wconf 88' lang='lat' dir='ltr'>se</span> <span class='ocrx_word' id='word_1_174' title='bbox 1708 2846 1746 2905; x_wconf 95' lang='lat' dir='ltr'>et</span> 
     </span>
     <span class='ocr_line' id='line_1_19' title="bbox 312 2935 1747 3066; baseline -0.001 -29"><span class='ocrx_word' id='word_1_175' title='bbox 312 2958 553 3066; x_wconf 85' lang='lat' dir='ltr'>singulariter</span> <span class='ocrx_word' id='word_1_176' title='bbox 571 2986 640 3065; x_wconf 91' lang='lat' dir='ltr'>per</span> <span class='ocrx_word' id='word_1_177' title='bbox 653 2958 914 3065; x_wconf 87' lang='lat' dir='ltr'>juramentum</span> <span class='ocrx_word' id='word_1_178' title='bbox 935 2986 1063 3046; x_wconf 87' lang='lat' dir='ltr'>suum,</span> <span class='ocrx_word' id='word_1_179' title='bbox 1084 2975 1213 3036; x_wconf 91' lang='lat' dir='ltr'>utrum</span> <span class='ocrx_word' id='word_1_180' title='bbox 1233 2959 1284 3048; x_wconf 83' lang='lat' dir='ltr'>vi,</span> <span class='ocrx_word' id='word_1_181' title='bbox 1306 2935 1461 3050; x_wconf 81' lang='lat' dir='ltr'>timore,</span> <span class='ocrx_word' id='word_1_182' title='bbox 1480 2959 1538 3038; x_wconf 86' lang='lat' dir='ltr'>vel</span> <span class='ocrx_word' id='word_1_183' title='bbox 1552 2961 1666 3038; x_wconf 87' lang='lat' dir='ltr'>minis</span> <span class='ocrx_word' id='word_1_184' title='bbox 1681 2977 1747 3037; x_wconf 92' lang='lat' dir='ltr'>aut</span> 
     </span>
     <span class='ocr_line' id='line_1_20' title="bbox 313 3089 1746 3196; baseline 0.001 -31"><span class='ocrx_word' id='word_1_185' title='bbox 313 3090 383 3167; x_wconf 86' lang='lat' dir='ltr'>alia</span> <span class='ocrx_word' id='word_1_186' title='bbox 397 3117 637 3196; x_wconf 91' lang='lat' dir='ltr'>quacumque</span> <span class='ocrx_word' id='word_1_187' title='bbox 652 3117 779 3177; x_wconf 91' lang='lat' dir='ltr'>causa,</span> <span class='ocrx_word' id='word_1_188' title='bbox 802 3089 840 3165; x_wconf 91' lang='lat' dir='ltr'>in</span> <span class='ocrx_word' id='word_1_189' title='bbox 857 3089 1098 3196; x_wconf 89' lang='lat' dir='ltr'>deposicione</span> <span class='ocrx_word' id='word_1_190' title='bbox 1113 3117 1180 3168; x_wconf 87' lang='lat' dir='ltr'>sua</span> <span class='ocrx_word' id='word_1_191' title='bbox 1195 3089 1374 3168; x_wconf 88' lang='lat' dir='ltr'>dixissent</span> <span class='ocrx_word' id='word_1_192' title='bbox 1386 3092 1746 3170; x_wconf 83' lang='lat' dir='ltr'>autimrniscuissent</span> 
     </span>
     <span class='ocr_line' id='line_1_21' title="bbox 314 3217 1746 3330; baseline 0 -34"><span class='ocrx_word' id='word_1_193' title='bbox 314 3220 479 3327; x_wconf 90' lang='lat' dir='ltr'>aliquam</span> <span class='ocrx_word' id='word_1_194' title='bbox 495 3218 711 3308; x_wconf 88' lang='lat' dir='ltr'>salsitatem,</span> <span class='ocrx_word' id='word_1_195' title='bbox 734 3217 924 3308; x_wconf 87' lang='lat' dir='ltr'>dixerunt,</span> <span class='ocrx_word' id='word_1_196' title='bbox 946 3219 1086 3296; x_wconf 89' lang='lat' dir='ltr'>scilicet</span> <span class='ocrx_word' id='word_1_197' title='bbox 1100 3219 1262 3326; x_wconf 89' lang='lat' dir='ltr'>quilibet</span> <span class='ocrx_word' id='word_1_198' title='bbox 1277 3249 1410 3298; x_wconf 84' lang='lat' dir='ltr'>eorum</span> <span class='ocrx_word' id='word_1_199' title='bbox 1431 3221 1668 3330; x_wconf 85' lang='lat' dir='ltr'>singulariter</span> <span class='ocrx_word' id='word_1_200' title='bbox 1678 3248 1746 3326; x_wconf 91' lang='lat' dir='ltr'>per</span> 
     </span>
     <span class='ocr_line' id='line_1_22' title="bbox 257 3348 1746 3456; baseline 0.002 -32"><span class='ocrx_word' id='word_1_201' title='bbox 257 3411 264 3424; x_wconf 88' lang='lat'>.</span> <span class='ocrx_word' id='word_1_202' title='bbox 314 3379 370 3440; x_wconf 89' lang='lat' dir='ltr'>se,</span> <span class='ocrx_word' id='word_1_203' title='bbox 387 3377 456 3456; x_wconf 90' lang='lat' dir='ltr'>per</span> <span class='ocrx_word' id='word_1_204' title='bbox 469 3350 728 3456; x_wconf 87' lang='lat' dir='ltr'>juramentum</span> <span class='ocrx_word' id='word_1_205' title='bbox 748 3377 876 3437; x_wconf 90' lang='lat' dir='ltr'>suum,</span> <span class='ocrx_word' id='word_1_206' title='bbox 895 3348 1000 3455; x_wconf 80' lang='lat' dir='ltr'>quod</span> <span class='ocrx_word' id='word_1_207' title='bbox 1014 3377 1112 3441; x_wconf 81' lang='lat' dir='ltr'>non3</span> <span class='ocrx_word' id='word_1_208' title='bbox 1128 3351 1247 3427; x_wconf 90' lang='lat' dir='ltr'>immo</span> <span class='ocrx_word' id='word_1_209' title='bbox 1263 3350 1414 3455; x_wconf 91' lang='lat' dir='ltr'>plenam</span> <span class='ocrx_word' id='word_1_210' title='bbox 1434 3369 1470 3428; x_wconf 92' lang='lat' dir='ltr'>et</span> <span class='ocrx_word' id='word_1_211' title='bbox 1490 3381 1632 3430; x_wconf 89' lang='lat' dir='ltr'>meram</span> <span class='ocrx_word' id='word_1_212' title='bbox 1651 3353 1746 3428; x_wconf 83' lang='lat' dir='ltr'>veri-</span> 
     </span>
     <span class='ocr_line' id='line_1_23' title="bbox 312 3477 1069 3588; baseline -0.005 -30"><span class='ocrx_word' id='word_1_213' title='bbox 312 3498 428 3558; x_wconf 86' lang='lat' dir='ltr'>tatem</span> <span class='ocrx_word' id='word_1_214' title='bbox 445 3479 628 3567; x_wconf 86' lang='lat' dir='ltr'>dixerant,</span> <span class='ocrx_word' id='word_1_215' title='bbox 652 3479 733 3556; x_wconf 91' lang='lat' dir='ltr'>sine</span> <span class='ocrx_word' id='word_1_216' title='bbox 753 3477 877 3588; x_wconf 88' lang='lat' dir='ltr'>aliqua</span> <span class='ocrx_word' id='word_1_217' title='bbox 899 3477 1069 3556; x_wconf 81' lang='lat' dir='ltr'>falsitate.</span> 
     </span>
    </p>
   </div>
   <div class='ocr_carea' id='block_1_8' title="bbox 314 3739 1746 5030">
    <p class='ocr_par' dir='ltr' id='par_1_9' title="bbox 314 3739 1746 5030">
     <span class='ocr_line' id='line_1_24' title="bbox 370 3739 1742 3852; baseline 0.003 -34"><span class='ocrx_word' id='word_1_218' title='bbox 370 3739 464 3819; x_wconf 85' lang='lat' dir='ltr'>Item</span> <span class='ocrx_word' id='word_1_219' title='bbox 479 3767 595 3832; x_wconf 88' lang='lat' dir='ltr'>auno,</span> <span class='ocrx_word' id='word_1_220' title='bbox 619 3741 842 3832; x_wconf 79' lang='lat' dir='ltr'>indictione,</span> <span class='ocrx_word' id='word_1_221' title='bbox 865 3769 1010 3832; x_wconf 89' lang='lat' dir='ltr'>mense,</span> <span class='ocrx_word' id='word_1_222' title='bbox 1033 3741 1112 3833; x_wconf 92' lang='lat' dir='ltr'>die,</span> <span class='ocrx_word' id='word_1_223' title='bbox 1133 3743 1354 3851; x_wconf 85' lang='lat' dir='ltr'>pontificatu</span> <span class='ocrx_word' id='word_1_224' title='bbox 1371 3764 1409 3822; x_wconf 92' lang='lat' dir='ltr'>et</span> <span class='ocrx_word' id='word_1_225' title='bbox 1430 3773 1529 3823; x_wconf 90' lang='lat' dir='ltr'>auno</span> <span class='ocrx_word' id='word_1_226' title='bbox 1546 3745 1742 3852; x_wconf 86' lang='lat' dir='ltr'>predictis,</span> 
     </span>
     <span class='ocr_line' id='line_1_25' title="bbox 315 3873 1743 3983; baseline 0.003 -34"><span class='ocrx_word' id='word_1_227' title='bbox 315 3875 353 3951; x_wconf 91' lang='lat' dir='ltr'>iu</span> <span class='ocrx_word' id='word_1_228' title='bbox 373 3874 463 3950; x_wconf 91' lang='lat' dir='ltr'>dicti</span> <span class='ocrx_word' id='word_1_229' title='bbox 484 3873 737 3980; x_wconf 86' lang='lat' dir='ltr'>inquisitoris,</span> <span class='ocrx_word' id='word_1_230' title='bbox 756 3889 926 3951; x_wconf 90' lang='lat' dir='ltr'>nostrum</span> <span class='ocrx_word' id='word_1_231' title='bbox 944 3875 1176 3952; x_wconf 89' lang='lat' dir='ltr'>notariorum</span> <span class='ocrx_word' id='word_1_232' title='bbox 1194 3891 1232 3952; x_wconf 92' lang='lat' dir='ltr'>et</span> <span class='ocrx_word' id='word_1_233' title='bbox 1251 3877 1403 3954; x_wconf 90' lang='lat' dir='ltr'>testium</span> <span class='ocrx_word' id='word_1_234' title='bbox 1422 3875 1743 3983; x_wconf 84' lang='lat' dir='ltr'>infrascriptorum</span> 
     </span>
     <span class='ocr_line' id='line_1_26' title="bbox 314 4003 1746 4110; baseline 0.003 -30"><span class='ocrx_word' id='word_1_235' title='bbox 314 4005 508 4110; x_wconf 85' lang='lat' dir='ltr'>presencia</span> <span class='ocrx_word' id='word_1_236' title='bbox 521 4004 770 4110; x_wconf 91' lang='lat' dir='ltr'>personaliter</span> <span class='ocrx_word' id='word_1_237' title='bbox 785 4006 1010 4083; x_wconf 89' lang='lat' dir='ltr'>constitutus</span> <span class='ocrx_word' id='word_1_238' title='bbox 1024 4003 1333 4085; x_wconf 86' lang='lat' dir='ltr'>lraterJohannes</span> <span class='ocrx_word' id='word_1_239' title='bbox 1353 4008 1401 4085; x_wconf 89' lang='lat' dir='ltr'>de</span> <span class='ocrx_word' id='word_1_240' title='bbox 1411 4007 1614 4086; x_wconf 87' lang='lat' dir='ltr'>Tortavilla</span> <span class='ocrx_word' id='word_1_241' title='bbox 1632 4007 1746 4085; x_wconf 87' lang='lat' dir='ltr'>lrater</span> 
     </span>
     <span class='ocr_line' id='line_1_27' title="bbox 316 4135 1744 4243; baseline 0.002 -31"><span class='ocrx_word' id='word_1_242' title='bbox 316 4135 405 4213; x_wconf 89' lang='lat' dir='ltr'>dicti</span> <span class='ocrx_word' id='word_1_243' title='bbox 427 4135 585 4224; x_wconf 91' lang='lat' dir='ltr'>ordinis,</span> <span class='ocrx_word' id='word_1_244' title='bbox 615 4135 723 4228; x_wconf 79' lang='lat' dir='ltr'>etatis</span> <span class='ocrx_word' id='word_1_245' title='bbox 742 4136 892 4243; x_wconf 84' lang='lat' dir='ltr'>triginta</span> <span class='ocrx_word' id='word_1_246' title='bbox 920 4164 1107 4216; x_wconf 88' lang='lat' dir='ltr'>annorum</span> <span class='ocrx_word' id='word_1_247' title='bbox 1127 4137 1187 4216; x_wconf 82' lang='lat' dir='ltr'>vel</span> <span class='ocrx_word' id='word_1_248' title='bbox 1212 4139 1324 4228; x_wconf 87' lang='lat' dir='ltr'>circa,</span> <span class='ocrx_word' id='word_1_249' title='bbox 1353 4156 1395 4217; x_wconf 90' lang='lat' dir='ltr'>ut</span> <span class='ocrx_word' id='word_1_250' title='bbox 1420 4137 1584 4230; x_wconf 63' lang='lat' dir='ltr'>diceban</span> <span class='ocrx_word' id='word_1_251' title='bbox 1610 4137 1744 4217; x_wconf 91' lang='lat' dir='ltr'>eodem</span> 
     </span>
     <span class='ocr_line' id='line_1_28' title="bbox 317 4265 1746 4376; baseline 0.002 -35"><span class='ocrx_word' id='word_1_252' title='bbox 317 4265 432 4344; x_wconf 89' lang='lat' dir='ltr'>modo</span> <span class='ocrx_word' id='word_1_253' title='bbox 442 4267 608 4374; x_wconf 87' lang='lat' dir='ltr'>juratus,</span> <span class='ocrx_word' id='word_1_254' title='bbox 622 4283 659 4342; x_wconf 89' lang='lat' dir='ltr'>et</span> <span class='ocrx_word' id='word_1_255' title='bbox 673 4266 877 4372; x_wconf 89' lang='lat' dir='ltr'>requisitus</span> <span class='ocrx_word' id='word_1_256' title='bbox 891 4266 938 4344; x_wconf 94' lang='lat' dir='ltr'>de</span> <span class='ocrx_word' id='word_1_257' title='bbox 952 4285 1124 4374; x_wconf 88' lang='lat' dir='ltr'>tempore</span> <span class='ocrx_word' id='word_1_258' title='bbox 1135 4284 1173 4346; x_wconf 91' lang='lat' dir='ltr'>et</span> <span class='ocrx_word' id='word_1_259' title='bbox 1182 4269 1298 4346; x_wconf 91' lang='lat' dir='ltr'>modo</span> <span class='ocrx_word' id='word_1_260' title='bbox 1314 4297 1380 4347; x_wconf 89' lang='lat' dir='ltr'>sue</span> <span class='ocrx_word' id='word_1_261' title='bbox 1393 4270 1639 4376; x_wconf 89' lang='lat' dir='ltr'>recepcionis,</span> <span class='ocrx_word' id='word_1_262' title='bbox 1653 4269 1746 4346; x_wconf 89' lang='lat' dir='ltr'>dixit</span> 
     </span>
     <span class='ocr_line' id='line_1_29' title="bbox 315 4396 1746 4508; baseline 0.003 -34"><span class='ocrx_word' id='word_1_263' title='bbox 315 4425 383 4503; x_wconf 91' lang='lat' dir='ltr'>per</span> <span class='ocrx_word' id='word_1_264' title='bbox 397 4398 656 4505; x_wconf 89' lang='lat' dir='ltr'>juramentum</span> <span class='ocrx_word' id='word_1_265' title='bbox 676 4424 787 4474; x_wconf 88' lang='lat' dir='ltr'>suum</span> <span class='ocrx_word' id='word_1_266' title='bbox 807 4396 914 4502; x_wconf 91' lang='lat' dir='ltr'>quod</span> <span class='ocrx_word' id='word_1_267' title='bbox 932 4415 1075 4504; x_wconf 89' lang='lat' dir='ltr'>septem</span> <span class='ocrx_word' id='word_1_268' title='bbox 1097 4399 1183 4476; x_wconf 93' lang='lat' dir='ltr'>anni</span> <span class='ocrx_word' id='word_1_269' title='bbox 1209 4416 1295 4476; x_wconf 89' lang='lat' dir='ltr'>sunt</span> <span class='ocrx_word' id='word_1_270' title='bbox 1319 4399 1433 4507; x_wconf 88' lang='lat' dir='ltr'>elapsi</span> <span class='ocrx_word' id='word_1_271' title='bbox 1451 4400 1510 4477; x_wconf 84' lang='lat' dir='ltr'>vel</span> <span class='ocrx_word' id='word_1_272' title='bbox 1524 4402 1620 4478; x_wconf 89' lang='lat' dir='ltr'>circa</span> <span class='ocrx_word' id='word_1_273' title='bbox 1641 4400 1746 4508; x_wconf 93' lang='lat' dir='ltr'>quod</span> 
     </span>
     <span class='ocr_line' id='line_1_30' title="bbox 316 4525 1745 4636; baseline 0.002 -33"><span class='ocrx_word' id='word_1_274' title='bbox 316 4527 387 4604; x_wconf 85' lang='lat' dir='ltr'>luit</span> <span class='ocrx_word' id='word_1_275' title='bbox 413 4544 587 4635; x_wconf 89' lang='lat' dir='ltr'>receptus</span> <span class='ocrx_word' id='word_1_276' title='bbox 617 4525 717 4634; x_wconf 90' lang='lat' dir='ltr'>apud</span> <span class='ocrx_word' id='word_1_277' title='bbox 754 4527 1014 4634; x_wconf 84' lang='lat' dir='ltr'>Savigniscum</span> <span class='ocrx_word' id='word_1_278' title='bbox 1039 4528 1268 4608; x_wconf 80' lang='lat' dir='ltr'>senonensis</span> <span class='ocrx_word' id='word_1_279' title='bbox 1294 4529 1467 4620; x_wconf 87' lang='lat' dir='ltr'>diocesis,</span> <span class='ocrx_word' id='word_1_280' title='bbox 1501 4557 1569 4636; x_wconf 92' lang='lat' dir='ltr'>per</span> <span class='ocrx_word' id='word_1_281' title='bbox 1593 4531 1745 4608; x_wconf 83' lang='lat' dir='ltr'>fratrem</span> 
     </span>
     <span class='ocr_line' id='line_1_31' title="bbox 316 4656 1745 4766; baseline 0 -29"><span class='ocrx_word' id='word_1_282' title='bbox 316 4657 516 4737; x_wconf 91' lang='lat' dir='ltr'>Girardum</span> <span class='ocrx_word' id='word_1_283' title='bbox 553 4659 601 4736; x_wconf 90' lang='lat' dir='ltr'>de</span> <span class='ocrx_word' id='word_1_284' title='bbox 630 4656 833 4736; x_wconf 86' lang='lat' dir='ltr'>Villaribus</span> <span class='ocrx_word' id='word_1_285' title='bbox 864 4675 955 4734; x_wconf 91' lang='lat' dir='ltr'>tunc</span> <span class='ocrx_word' id='word_1_286' title='bbox 986 4660 1203 4766; x_wconf 86' lang='lat' dir='ltr'>magistrum</span> <span class='ocrx_word' id='word_1_287' title='bbox 1238 4689 1305 4738; x_wconf 87' lang='lat' dir='ltr'>seu</span> <span class='ocrx_word' id='word_1_288' title='bbox 1334 4661 1562 4738; x_wconf 81' lang='lat' dir='ltr'>visitatorem</span> <span class='ocrx_word' id='word_1_289' title='bbox 1590 4662 1745 4739; x_wconf 83' lang='lat' dir='ltr'>Francia</span> 
     </span>
     <span class='ocr_line' id='line_1_32' title="bbox 315 4787 1744 4900; baseline 0.003 -34"><span class='ocrx_word' id='word_1_290' title='bbox 315 4788 551 4896; x_wconf 88' lang='lat' dir='ltr'>generalem,</span> <span class='ocrx_word' id='word_1_291' title='bbox 568 4787 810 4895; x_wconf 88' lang='lat' dir='ltr'>presentibus</span> <span class='ocrx_word' id='word_1_292' title='bbox 830 4789 1002 4895; x_wconf 92' lang='lat' dir='ltr'>pluribus</span> <span class='ocrx_word' id='word_1_293' title='bbox 1021 4788 1198 4867; x_wconf 81' lang='lat' dir='ltr'>fratribus</span> <span class='ocrx_word' id='word_1_294' title='bbox 1220 4789 1309 4869; x_wconf 91' lang='lat' dir='ltr'>dicti</span> <span class='ocrx_word' id='word_1_295' title='bbox 1331 4791 1490 4883; x_wconf 89' lang='lat' dir='ltr'>ordinis,</span> <span class='ocrx_word' id='word_1_296' title='bbox 1514 4792 1562 4870; x_wconf 92' lang='lat' dir='ltr'>de</span> <span class='ocrx_word' id='word_1_297' title='bbox 1581 4819 1744 4900; x_wconf 90' lang='lat' dir='ltr'>quorum</span> 
     </span>
     <span class='ocr_line' id='line_1_33' title="bbox 316 4918 1743 5030; baseline 0.004 -36"><span class='ocrx_word' id='word_1_298' title='bbox 316 4918 533 4998; x_wconf 92' lang='lat' dir='ltr'>nominibus</span> <span class='ocrx_word' id='word_1_299' title='bbox 556 4946 632 4996; x_wconf 93' lang='lat' dir='ltr'>non</span> <span class='ocrx_word' id='word_1_300' title='bbox 656 4919 805 5010; x_wconf 76' lang='lat' dir='ltr'>recolit3</span> <span class='ocrx_word' id='word_1_301' title='bbox 833 4937 871 4996; x_wconf 90' lang='lat' dir='ltr'>et</span> <span class='ocrx_word' id='word_1_302' title='bbox 890 4919 983 4998; x_wconf 87' lang='lat' dir='ltr'>dixit</span> <span class='ocrx_word' id='word_1_303' title='bbox 1006 4947 1074 5026; x_wconf 89' lang='lat' dir='ltr'>per</span> <span class='ocrx_word' id='word_1_304' title='bbox 1093 4920 1351 5028; x_wconf 89' lang='lat' dir='ltr'>juramentum</span> <span class='ocrx_word' id='word_1_305' title='bbox 1377 4951 1490 5000; x_wconf 89' lang='lat' dir='ltr'>suum</span> <span class='ocrx_word' id='word_1_306' title='bbox 1509 4921 1629 5030; x_wconf 93' lang='lat' dir='ltr'>quod,</span> <span class='ocrx_word' id='word_1_307' title='bbox 1657 4940 1743 5028; x_wconf 88' lang='lat' dir='ltr'>post</span> 
     </span>
    </p>
   </div>
   <div class='ocr_carea' id='block_1_9' title="bbox 0 0 2135 5890">
    <p class='ocr_par' dir='ltr' id='par_1_10' title="bbox 0 0 2135 5890">
     <span class='ocr_line' id='line_1_34' title="bbox 0 0 2135 5890; baseline 0 0"><span class='ocrx_word' id='word_1_308' title='bbox 0 0 2135 5890; x_wconf 95' lang='lat' dir='ltr'> </span> 
     </span>
    </p>
   </div>
  </div>
 </body>
</html>
