4208 5886
396 514 469 585 rsa
776 511 972 584 raoeas
1003 511 1098 584 ons
1130 511 1438 586 rademons.

395 654 485 728 bant
518 654 716 760 assumptis
748 654 996 761 cingebantur
1021 681 1134 760 super
1159 653 1328 732 camisias
1355 681 1442 730 cum
1470 652 1610 760 quibua
1628 652 1819 759 jacebant,

280 815 285 827 ·
395 813 472 862 non
491 805 617 862 tamen
635 786 776 863 audivit
794 785 897 893 quod
910 803 1108 892 tangerent
1119 785 1238 892 capita
1255 786 1476 894 ydolorum
1495 812 1565 862 nec
1583 784 1683 862 ultra
1699 815 1819 878 mare,

395 947 464 994 nec
485 920 591 1006 citra,
614 919 755 996 audivit
774 917 855 996 fieri
876 917 1113 996 mencionem
1136 917 1184 994 de
1205 917 1388 1023 capitibus
1411 917 1617 1023 dequibus
1638 919 1824 1026 deposue-

395 1068 477 1124 rant
496 1051 672 1157 magister
687 1049 872 1126 Antonius
892 1049 940 1125 de
953 1047 1131 1126 Vercellis
1149 1064 1187 1124 et
1203 1048 1317 1126 frater
1332 1050 1441 1154 Hugo
1458 1049 1506 1126 de
1521 1051 1660 1139 Faur03
1680 1047 1825 1127 audivit

394 1197 520 1255 tamen
535 1179 790 1257 communiter
802 1179 874 1256 dici
884 1178 990 1255 'ultra
1004 1206 1106 1255 mare
1119 1179 1224 1285 quod
1237 1179 1464 1285 antiquitus,
1483 1196 1683 1286 antequam
1700 1197 1824 1258 essent

396 1311 554 1386 instituti
577 1310 728 1388 ordines
745 1308 893 1415 Templi
915 1326 953 1386 et
972 1308 1194 1414 Hospitalis,
1216 1311 1417 1416 apparebat
1438 1309 1632 1387 interdum
1650 1311 1689 1388 in
1710 1313 1819 1404 mari,

395 1443 433 1515 in
453 1442 598 1546 gurgite
618 1456 745 1516 vocato
762 1439 810 1516 de
830 1439 1007 1527 Setalias,
1033 1438 1229 1544 quoddam
1247 1437 1370 1545 capud
1387 1457 1473 1544 post
1491 1440 1599 1546 cujus
1618 1442 1823 1547 apparicio-

394 1599 481 1646 nem
498 1570 806 1676 periclitabantur
825 1597 935 1646 naves
955 1569 993 1645 in
1012 1569 1114 1647 dicto
1129 1569 1275 1676 gurgite
1296 1570 1507 1648 existentes.
1528 1572 1568 1649 Si
1584 1573 1650 1678 qui
1669 1573 1823 1650 revelas

395 1721 477 1778 sent
499 1707 638 1778 secreta
665 1699 949 1806 capitoliorum,
976 1700 1134 1808 graviter
1157 1699 1281 1805 puniti
1302 1699 1476 1790 luissent,
1502 1719 1540 1779 et
1565 1701 1759 1781 dicebatur
1781 1705 1821 1780 in

396 1833 528 1908 ordine
549 1830 655 1937 quod
677 1832 819 1936 absque
839 1829 994 1906 licencia
1021 1857 1098 1907 non
1127 1847 1302 1936 poterant
1323 1829 1405 1908 aliis
1428 1860 1542 1939 quam
1566 1832 1822 1912 sacerdotibus

325 1949 327 1954 ’
396 1962 540 2040 ordinis
559 1961 752 2050 confiteris
782 1962 890 2068 cujus
912 1959 1056 2036 ordinis
1073 1958 1251 2037 fratribus
1274 1961 1394 2038 credit
1418 1978 1528 2040 notos
1547 1961 1661 2040 luisse
1677 1990 1822 2042 errores

396 2093 622 2170 consessatos
641 2119 711 2198 per
726 2121 812 2168 eum
827 2149 835 2179 ‚
853 2091 892 2166 in
908 2117 1070 2197 quorum
1093 2091 1330 2168 correccione
1350 2089 1507 2169 suerum
1521 2091 1770 2200 negligentes,
1785 2109 1823 2170 et

396 2224 574 2327 quianon
591 2222 915 2299 denunciaverunt
927 2219 1104 2298 Ecclesie.
1118 2221 1353 2299 Elemosinas
1367 2238 1405 2298 et
1424 2221 1717 2330 hospitalitatem
1733 2224 1823 2303 vidit

396 2353 662 2428 convenienter
681 2352 762 2428 sieri
791 2369 828 2428 et
855 2350 988 2428 servari
1015 2351 1055 2428 in
1083 2351 1262 2429 domibus
1290 2351 1440 2430 ordinis.
1462 2351 1502 2428 in
1532 2329 1673 2460 quibus
1703 2353 1823 2432 extitit

395 2500 665 2575 commoratus,
681 2501 718 2560 et
735 2479 979 2561 inhibebatur
990 2481 1043 2558 eia
1062 2509 1109 2558 ne
1125 2481 1256 2558 illicite
1269 2482 1507 2589 acquirerent
1519 2483 1655 2562 ordini.
1671 2485 1823 2563 audivit

395 2615 467 2690 dici
493 2614 598 2722 quod
619 2643 750 2692 eorum
772 2613 946 2721 capitulia
966 2611 1062 2690 clam
1085 2613 1323 2705 tenebantur,
1349 2613 1464 2692 nullis
1489 2615 1728 2721 presentibus
1750 2617 1822 2695 nisi

396 2743 572 2819 fratribus
598 2743 752 2820 ordinis.
784 2742 965 2821 Ordinata
991 2769 1059 2847 per
1079 2743 1299 2850 Magistrum
1322 2772 1409 2820 cum
1436 2762 1622 2822 conventu
1644 2764 1823 2824 servasset

394 2891 497 2949 totus
512 2872 624 2958 ordo,
650 2890 778 2949 contra
793 2901 908 2978 quem
924 2900 1027 2948 nunc
1041 2873 1196 2980 grandia
1211 2873 1401 2962 scandala,
1428 2874 1590 2981 suspicio
1609 2891 1648 2952 et
1669 2875 1822 2954 infamia

395 3021 483 3080 sunt
501 3020 638 3079 exorta.
661 3005 743 3080 Non
765 3002 954 3080 obtulerat
970 3031 1009 3080 se
1029 3003 1078 3080 ad
1095 3003 1369 3081 deffensionem
1385 3003 1540 3082 ordinis.

451 3133 665 3240 Requisitus
679 3133 708 3209 si
722 3135 774 3210 sic
790 3119 1014 3240 deposuerat
1023 3161 1150 3240 prece,
1167 3151 1362 3241 precepto,
1379 3133 1533 3225 timore,
1550 3164 1696 3222 amore,
1713 3136 1818 3224 odio,

395 3264 452 3338 vel
467 3263 663 3369 temporali
682 3264 842 3340 comodo
864 3263 993 3341 habito
1012 3263 1072 3339 vel
1087 3264 1283 3352 habendo,
1301 3265 1497 3370 respondit
1513 3263 1617 3372 quod
1635 3293 1730 3356 non,
1755 3267 1823 3344 sed

396 3422 463 3498 pro
485 3394 635 3472 veritate
657 3395 834 3482 dicenda;
869 3395 927 3472 cui
954 3393 1027 3470 luit
1051 3395 1262 3502 injunctum
1290 3394 1395 3501 quod
1421 3422 1498 3473 non
1520 3395 1703 3474 revelaret
1725 3397 1822 3474 hanc

396 3553 500 3600 suam
517 3525 817 3630 deposicionem‚
837 3553 1036 3631 quousque
1053 3525 1314 3603 attestaciones
1335 3523 1476 3602 luerint
1489 3525 1691 3632 publicata.

449 3787 579 3861 Frater
610 3786 741 3863 Petrus
770 3785 931 3862 Maurini
961 3785 1141 3873 serviens,
1167 3784 1486 3863 Claramontensis
1511 3785 1689 3876 diocesis,
1716 3785 1822 3864 testis

395 3942 503 4018 supra
527 3917 691 4022 juratus,
719 3913 1064 4020 quinquagenarius
1084 3912 1143 3991 vel
1158 3914 1268 4004 circa,
1291 3915 1357 4021 qui
1372 3914 1581 3993 voluntarie
1599 3913 1822 3993 mantellum

395 4044 587 4120 dimiserat
607 4061 645 4119 et
665 4044 746 4122 radi
765 4042 904 4120 lecerat
923 4042 994 4120 sibi
1014 4043 1191 4135 barbam,
1216 4072 1305 4122 cum
1332 4071 1409 4150 quo
1432 4043 1657 4151 inquisitum
1679 4044 1820 4134 luerat,

393 4174 588 4252 absolutus
602 4190 640 4250 et
654 4173 916 4250 reconciliatus
928 4201 997 4278 per
1011 4173 1211 4252 dominum
1225 4175 1446 4282 episcopum
1460 4175 1819 4269 Claramontensem,

393 4305 497 4380 lectis
518 4320 555 4379 et
575 4303 776 4412 diligenter
803 4304 979 4411 expositis
998 4304 1069 4382 sibi
1095 4305 1275 4383 omnibus
1300 4322 1338 4383 et
1367 4304 1525 4412 singulis
1550 4305 1731 4395 articulis,
1762 4335 1822 4384 re-

393 4434 546 4540 spondit
556 4463 594 4510 se
605 4435 766 4525 nescire,
789 4461 858 4511 nec
875 4434 1044 4524 credere,
1067 4463 1137 4512 nec
1150 4435 1334 4514 audivisse
1352 4435 1425 4514 diei
1442 4437 1490 4512 de
1507 4437 1692 4514 contentis
1706 4436 1746 4514 in
1767 4437 1822 4514 eis

394 4563 464 4641 nisi
484 4564 589 4669 quod
610 4565 781 4671 sequitur
797 4597 806 4642 r
822 4563 998 4642 videlicet
1015 4565 1122 4671 quod
1141 4567 1220 4673 ipse
1245 4581 1419 4672 receptus
1438 4565 1561 4644 fuerat
1579 4566 1680 4644 ultra
1698 4595 1819 4656 mare,

395 4697 432 4770 in
451 4694 612 4801 quadam
634 4722 780 4771 camera
800 4697 936 4774 domus
956 4697 1108 4803 Templi
1129 4697 1178 4775 de
1196 4698 1329 4776 Castro
1349 4698 1558 4806 Peregrini,
1578 4725 1648 4805 per
1665 4695 1820 4776 bamam

392 4824 659 4920 Theobaldum
680 4824 789 4902 Galdi
810 4825 970 4903 militem
986 4827 1195 4934 quondam,
1219 4843 1310 4904 tuno
1331 4846 1593 4934 preceptorem
1615 4827 1703 4906 dicti
1723 4827 1818 4916 loci,
