4202 5876
392 539 465 616 ase
780 522 977 616 enoons
1006 541 1102 614 ons
1127 539 1429 612 cruentans.

340 720 347 732 ·
390 684 527 762 milites
547 682 716 791 ejusdem
737 684 882 763 ordinis
902 700 1054 791 portant
1073 681 1273 760 mantellos
1289 681 1395 761 albos
1415 682 1454 762 in
1469 679 1609 788 quibus
1623 701 1821 760 consutum

390 835 426 893 et
445 816 560 894 fixum
582 833 638 894 est
659 815 870 895 venerabile
892 817 1040 924 signum
1055 815 1178 892 rubee
1199 814 1336 904 crucis,
1359 813 1566 922 insignum
1586 814 1821 892 sacratissimi

389 947 579 1055 sanguinis
596 945 713 1024 Jhesu
728 947 866 1026 Christi
885 976 999 1055 quem
1024 947 1103 1054 ipse
1129 943 1168 1022 in
1189 945 1290 1053 ligno
1312 945 1432 1024 crucis
1458 943 1601 1022 vivifice
1629 943 1727 1024 ludit
1754 975 1821 1052 pro

390 1080 471 1188 ejus
491 1077 669 1156 fidelibus
687 1096 724 1156 et
744 1107 813 1185 pro
834 1080 936 1186 ipsis.
961 1079 1065 1157 Dixit
1085 1078 1201 1155 eciam
1221 1076 1326 1184 quod
1347 1077 1570 1155 eorumdem
1589 1078 1824 1184 Templario-

390 1238 476 1287 rum
496 1209 647 1288 habitus
664 1226 864 1296 constatet
883 1227 939 1287 est
958 1211 997 1286 in
1014 1236 1121 1286 cruce
1141 1208 1328 1316 predicta,
1351 1237 1425 1318 que
1455 1225 1510 1286 est
1530 1208 1647 1288 rubea
1669 1227 1707 1286 et
1726 1238 1824 1288 com-

390 1341 515 1418 munis
534 1357 609 1418 tam
630 1338 812 1418 militibus
828 1369 941 1448 quam
957 1367 1033 1416 non
1053 1338 1238 1419 militibus
1252 1337 1429 1417 iratribus
1447 1340 1590 1417 ordinis
1606 1340 1821 1446 supradicti.

390 1471 548 1550 Addidit
566 1499 718 1578 quoque
739 1472 844 1580 quod
864 1472 935 1578 ipsi
961 1471 1183 1578 Templarii,
1205 1471 1364 1579 singulis
1383 1472 1505 1561 annis,
1526 1472 1565 1548 in
1587 1470 1648 1548 die
1668 1473 1822 1552 Veneris

390 1622 536 1693 sancta,
563 1602 764 1681 discalciati
789 1621 826 1680 et
854 1604 933 1681 sine
958 1602 1084 1712 gladio
1110 1603 1237 1710 aliquo
1259 1620 1297 1682 et
1315 1603 1491 1682 omnibus
1512 1601 1604 1681 colis
1624 1603 1820 1710 depositis,

390 1751 427 1811 et
446 1736 550 1814 nudo
571 1735 708 1842 capite,
732 1736 887 1814 veniunt
911 1736 959 1812 ad
985 1735 1210 1814 adorandam
1236 1763 1400 1825 crucem,
1427 1734 1532 1814 flexis
1555 1734 1716 1844 genibus
1737 1755 1822 1813 ante

390 1893 483 1944 eam.
499 1867 547 1943 Et
561 1867 665 1943 idem
677 1865 818 1944 faciunt
837 1866 1030 1944 annuatim
1046 1866 1178 1944 fratres
1199 1867 1321 1944 omnis
1339 1865 1428 1945 dicti
1445 1865 1591 1944 ordinis
1611 1867 1649 1944 in
1670 1866 1821 1946 duobus

389 1999 493 2076 lestis
508 1998 642 2077 Sancte
665 1998 816 2086 Crucis,
833 1997 1008 2076 videlicet
1027 1998 1214 2076 mensium
1244 1997 1331 2076 maii
1360 2014 1400 2076 et
1428 1998 1667 2106 septembris,
1694 1999 1823 2081 dicen-

388 2149 470 2208 tes:
489 2130 724 2209 «Adoramus
742 2152 796 2221 te,
818 2131 983 2222 Christe,
1002 2150 1045 2210 et
1056 2131 1318 2211 benedicimus
1335 2133 1422 2224 tibi,
1444 2131 1551 2240 quod
1570 2160 1638 2238 per
1661 2149 1821 2209 sanctam

390 2289 538 2341 crucem
559 2280 662 2338 tuam
688 2262 882 2342 redemisti
904 2264 1132 2342 mundum.»
1157 2266 1319 2371 Excepto
1346 2263 1453 2372 quod
1478 2265 1516 2340 in
1541 2263 1650 2342 dictis
1673 2263 1823 2341 duobus

387 2393 491 2472 festis
512 2395 645 2474 Sancte
665 2393 796 2472 Crucis
815 2395 969 2473 veniunt
995 2395 1043 2470 ad
1070 2395 1187 2501 ipsam
1221 2423 1369 2474 crucem
1400 2393 1630 2472 adorandam
1663 2394 1824 2501 pedibus

389 2523 562 2603 calciatis.
1026 2621 1029 2628 .

445 2656 502 2735 Ad
517 2683 722 2734 xm—-xxm
744 2655 920 2734 articulos
944 2658 1139 2743 inclusive.
1163 2657 1365 2765 diligenter
1383 2675 1421 2736 et
1444 2657 1633 2765 sigillatim
1664 2656 1824 2734 interro-

388 2806 512 2896 gatus,
534 2790 768 2896 respondens
788 2788 881 2865 dixit
909 2807 945 2864 et
979 2789 1125 2896 negavit
1154 2817 1286 2869 omnes
1320 2807 1358 2868 et
1389 2788 1555 2896 singulos
1586 2787 1762 2866 articulos
1787 2806 1824 2864 et

389 2921 516 2996 omnia
537 2937 573 2996 et
593 2919 736 3026 singula
756 2936 930 2997 contenta
951 2921 990 2996 in
1010 2921 1082 3010 eis,
1106 2921 1272 2998 adiciens
1292 2921 1398 3029 quod
1418 2921 1497 3027 ipse
1519 2937 1557 2997 et
1575 2920 1708 2997 fratres
1733 2919 1822 2996 dicti

389 3050 533 3129 ordinis
552 3070 610 3129 ter
629 3052 668 3129 in
686 3079 784 3129 anno
803 3052 992 3157 recipiunt
1007 3079 1141 3159 corpus
1154 3053 1306 3143 Christi,
1329 3052 1503 3130 videlicet
1522 3052 1561 3128 in
1575 3051 1680 3129 lestis
1694 3051 1824 3129 Resur-

388 3184 564 3261 rectionis
581 3184 798 3275 Dominice,
820 3183 1097 3274 Penthecostes‚
1119 3201 1158 3263 et
1176 3186 1381 3264 Natiuitatis
1396 3184 1494 3292 ejus,
1513 3212 1618 3292 spem
1639 3213 1745 3263 suam
1762 3182 1824 3259 fir'-

388 3343 490 3394 mam
509 3315 689 3394 habentes
709 3315 749 3393 in
769 3315 870 3394 dicto
897 3344 1000 3394 sacro
1029 3343 1186 3422 corpore
1210 3315 1326 3394 Jhesu
1350 3317 1490 3395 Christi
1515 3315 1620 3424 quod
1648 3317 1686 3393 in
1715 3315 1822 3392 dictis

388 3446 647 3526 festivitatibus
659 3448 863 3554 recipiunt,
882 3465 926 3526 ut
939 3475 1009 3554 per
1019 3447 1145 3554 ipsum
1162 3473 1294 3526 eorum
1307 3449 1431 3525 anime
1448 3447 1543 3526 salve
1557 3446 1666 3540 fiant,
1679 3463 1716 3524 et
1728 3447 1823 3524 sicut

389 3580 548 3658 credunt
565 3581 612 3657 de
633 3580 735 3657 dicto
754 3605 858 3656 seem
880 3607 1037 3686 corpore
1062 3579 1178 3657 Jhesu
1197 3578 1338 3658 Christi
1359 3579 1466 3687 quod
1485 3579 1533 3656 sit
1550 3579 1649 3656 salus
1670 3605 1821 3668 eorum,

389 3711 441 3789 sic
462 3729 499 3788 et
519 3711 655 3788 eodem
674 3710 789 3788 modo
811 3708 969 3786 credunt
988 3709 1035 3786 ad
1056 3708 1214 3787 salutem
1236 3737 1341 3787 suam
1357 3727 1481 3788 sancte
1495 3709 1659 3787 Ecclesia
1680 3709 1823 3816 reliqua

389 3861 706 3950 sacramentaque
720 3841 1039 3948 suntbaptismus‚
1058 3840 1298 3920 confirmacio
1313 3843 1509 3932 crismatis,
1529 3841 1756 3920 consecratio
1765 3869 1822 3917 sa-

389 3976 439 4051 cri
462 3975 629 4082 corporis
649 3993 688 4051 et
706 3973 866 4082 preciosi
884 3972 1074 4080 sanguinis
1088 3972 1205 4050 Jhesu
1220 3972 1359 4052 Christi
1375 3973 1481 4081 quod
1494 3971 1538 4050 lit
1552 4001 1621 4080 per
1639 3973 1822 4080 presbite-

309 4131 335 4168 ἰι
351 4175 364 4215 e.
372 4165 378 4202 ,
386 4135 451 4184 ros
471 4107 510 4182 in
530 4105 653 4196 altari,
675 4105 975 4195 matrimonium,
997 4133 1100 4182 sacer
1118 4105 1213 4184 ordo
1235 4104 1473 4196 clericorum,
1492 4103 1675 4183 consessio
1695 4132 1822 4211 pecca-

388 4243 513 4314 torum
538 4255 575 4314 et
597 4236 780 4344 injunctio
809 4235 1019 4343 penitencie
1043 4235 1228 4325 salutaris,
1258 4254 1296 4315 et
1314 4237 1493 4316 ultimum
1515 4253 1675 4315 extrema
1691 4236 1820 4356 unctio

255 4415 259 4433 ι
389 4397 476 4445 cum
491 4385 618 4446 sancto
633 4367 719 4445 oleo
737 4365 991 4444 infirmorum.

446 4501 503 4577 Ad
522 4524 788 4581 trun-xxvm
809 4498 983 4577 articulos
1004 4498 1200 4589 inclusive,
1224 4499 1424 4608 diligenter
1443 4517 1482 4576 et
1500 4499 1689 4607 sigillatim
1712 4499 1820 4576 inter-

387 4649 554 4741 rogatus,
583 4632 728 4739 negavit
749 4631 850 4738 ipsos
873 4631 1048 4742 articulos
1074 4649 1112 4708 et
1132 4631 1259 4710 omnia
1285 4648 1323 4709 et
1337 4631 1482 4739 singula
1498 4648 1673 4710 contenta
1694 4631 1733 4707 in
1749 4631 1817 4714 eis,

389 4764 488 4844 salvo
504 4766 610 4874 quod
628 4761 821 4842 confessus
834 4781 889 4841 est
905 4762 1010 4872 quod
1024 4763 1199 4872 Magister
1220 4781 1258 4840 et
1277 4763 1339 4840 alii
1355 4780 1594 4871 preceptores
1614 4762 1702 4842 dicti
1715 4744 1820 4841 ¹ordi-

388 4897 446 4972 nis
467 4896 643 5006 infligunt
663 4913 700 4973 et
720 4911 876 5002 possunt
894 4895 1064 5001 inlligere
1083 4923 1153 5002 pro
1173 4895 1341 4974 comissis
1361 4894 1582 4972 criminibus
1602 4922 1716 5001 penas
1739 4921 1819 4970 cor-
