4242 5890
673 555 868 647 raucis
894 570 990 648 oss
1014 570 1314 649 inarmans
1633 577 1706 649 355

287 743 374 791 eum
391 731 449 790 ter
463 739 544 802 ora,
565 730 601 790 et
615 739 693 792 non
709 713 840 802 corde,
861 731 906 793 ut
923 711 1030 808 dicit,
1054 731 1092 792 et
1110 716 1212 822 spuit
1227 733 1287 794 ter
1301 715 1350 793 ad
1368 732 1524 801 terram,
1545 713 1613 792 sed
1632 737 1707 793 nort

285 873 412 952 supra,
434 846 521 952 quia
539 843 612 922 boc
626 844 785 924 iaciebat
803 845 912 923 valde
925 845 1082 934 invitus,
1100 863 1145 924 ut
1164 847 1267 924 dicit.

341 977 433 1054 Item
455 975 664 1082 dicitquod
683 976 802 1053 credit
819 977 926 1083 quod
946 975 1007 1055 alii
1029 976 1159 1055 iratres
1179 977 1269 1055 dicti
1290 977 1436 1056 ordinis
1453 977 1570 1054 modo
1595 976 1708 1053 simili

284 1105 528 1212 recipiuntur.

342 1239 436 1314 uem
455 1236 547 1313 dixit
563 1264 632 1344 per
640 1238 898 1345 juramentum
919 1257 1029 1314 suum
1043 1238 1149 1343 quod
1164 1239 1217 1327 vi,
1229 1238 1288 1315 vel
1304 1253 1410 1314 metu
1429 1254 1708 1316 tormentorum

285 1367 343 1443 vel
363 1366 451 1443 alias
469 1393 547 1442 non
563 1366 657 1443 dixit
675 1366 777 1444 aliud
791 1393 904 1473 quarn
923 1367 1135 1458 veritatem,
1157 1395 1227 1444 nec
1247 1369 1286 1444 in
1301 1365 1494 1473 premissis
1506 1366 1713 1444 immiscuit

286 1497 448 1604 aliquam
468 1495 688 1587 falsitatem,
711 1515 750 1576 et
768 1499 873 1606 quod
891 1525 1026 1605 puram
1043 1499 1238 1576 veritatem
1256 1499 1350 1576 dixit
1363 1523 1431 1604 pro
1452 1497 1571 1578 salute
1586 1499 1714 1574 anime

286 1655 364 1704 sue.

342 1891 435 1965 ltem
463 1889 578 1966 frater
602 1889 832 1998 Reginaldus
857 1905 1054 1996 preceptor
1074 1890 1213 1968 domus
1237 1842 1387 1994 Templi
1413 1887 1711 1976 Aurelianensis,

287 2021 394 2096 etatis
412 2020 564 2127 triginta
583 2049 646 2097 sex
669 2047 856 2098 annorum
877 2020 1067 2107 velcirca,
1098 2019 1234 2098 eodem
1254 2019 1370 2096 modo
1392 2019 1636 2106 constimtus,
1653 2020 1715 2125 ju-

286 2167 389 2226 ratus
420 2167 457 2228 et
484 2151 704 2259 requisims,
731 2151 825 2229 dixit
852 2177 922 2258 per
943 2151 1204 2256 juramentum
1228 2176 1341 2228 suum
1369 2149 1475 2256 quod
1500 2148 1598 2226 bene
1624 2166 1715 2226 suut

287 2281 505 2388 quindecim
537 2283 624 2360 anni
654 2281 769 2389 elapsi
798 2282 857 2361 vel
886 2282 982 2359 circa
1005 2281 1111 2388 thod
1140 2282 1220 2388 ipse
1245 2277 1317 2358 luit
1340 2299 1514 2387 receptus
1532 2280 1572 2355 in
1599 2281 1714 2357 domo

286 2409 435 2516 Templi
458 2411 506 2487 de
525 2411 710 2503 Provide,
737 2411 776 2487 in
796 2411 960 2516 quadam
986 2409 1127 2517 capella
1154 2409 1243 2487 dicti
1268 2408 1358 2500 loci,
1378 2409 1474 2486 circa
1491 2409 1710 2494 meridiem,

287 2569 355 2646 per
380 2539 532 2618 fratrem
566 2539 828 2618 Godcfredum
858 2557 1052 2618 tenentem
1081 2540 1209 2618 locum
1235 2539 1466 2646 preceptoris
1490 2537 1640 2616 ballivis
1666 2539 1714 2616 de

287 2671 387 2761 Bria,
417 2671 657 2778 presentibus
685 2669 798 2747 smne
825 2672 991 2776 quaedem
1023 2671 1089 2776 qui
1118 2671 1318 2748 voeabamr
1338 2671 1464 2778 Hugo,
1496 2687 1534 2746 et
1563 2670 1645 2747 aliis
1665 2671 1713 2747 de

288 2828 452 2908 quorum
473 2801 690 2878 nominibus
705 2827 783 2878 non
802 2799 951 2890 recolit,
971 2800 1038 2908 qui
1060 2817 1148 2878 sunt
1167 2827 1299 2880 omnes
1317 2801 1472 2878 mortui.

345 2933 439 3009 Item
457 2931 551 3008 dixit
565 2958 634 3037 per
646 2931 907 3038 janamentum
922 2955 1033 3009 suum
1047 2930 1170 3038 quod,
1192 2929 1321 3008 multis
1340 2929 1560 3037 parentibus
1575 2946 1614 3007 et
1629 2933 1716 3006 ami-

184 3080 190 3092 ·
289 3064 342 3142 eis
358 3064 436 3142 suis
457 3078 494 3138 et
511 3089 623 3168 quam
640 3059 814 3168 pluribus
828 3061 911 3140 aliis
930 3061 1175 3140 existentibus
1195 3079 1234 3140 et
1251 3061 1532 3169 expectantibus
1556 3060 1605 3138 ad
1621 3062 1716 3139 ostia

290 3191 388 3270 dicte
406 3191 549 3298 capelle
575 3209 611 3268 et
631 3193 725 3269 circa
745 3193 865 3298 ipsam
885 3177 1067 3299 capellim
1086 3191 1303 3300 queelausa
1320 3207 1415 3284 erat,
1437 3191 1623 3301 recipiens
1637 3191 1717 3298 ipse

290 3323 355 3427 qui
376 3321 545 3428 loquitur
559 3339 596 3400 et
620 3321 682 3398 alii
702 3321 833 3400 fratres
855 3320 945 3399 dicti
973 3321 1117 3401 ordinis
1141 3341 1248 3402 erant
1266 3323 1306 3400 in
1325 3324 1405 3430 ipsa
1421 3321 1561 3428 capella
1581 3319 1716 3398 inclusi

289 3477 358 3556 pro
374 3451 595 3558 receptione
609 3453 794 3560 predicta,
816 3469 855 3530 at
873 3452 968 3530 dixit
983 3479 1053 3560 per
1062 3454 1324 3561 juramentum
1339 3479 1451 3532 suum
1460 3452 1584 3560 quod,
1601 3479 1718 3530 eore-

291 3598 415 3688 ceptc,
427 3583 644 3689 juramento
665 3581 711 3660 ab
727 3609 774 3660 eo
793 3583 952 3687 prestito
968 3582 1017 3662 da
1030 3583 1181 3662 statutis
1198 3600 1236 3662 et
1255 3583 1410 3662 secretis
1427 3581 1572 3660 ordinis
1590 3581 1719 3660 obser-

290 3710 436 3800 randis,
460 3729 498 3790 et
511 3713 693 3791 mantello
708 3712 779 3791 sibi
799 3713 847 3790 ed
863 3711 1003 3792 collum
1019 3715 1159 3820 pou'to,
1176 3714 1333 3822 waiam
1348 3711 1525 3790 dedistis
1542 3709 1720 3790 iratribus

293 3843 340 3920 de
359 3842 464 3950 cujus
481 3843 639 3924 nomine
654 3871 732 3922 non
746 3842 880 3922 recolit
897 3844 1064 3925 ostendit
1083 3845 1154 3922 sibi
1170 3844 1210 3922 in
1230 3843 1397 3952 quodam
1412 3841 1553 3922 missali
1568 3869 1719 3920 crucem

293 3971 481 4078 depictam
491 3999 577 4050 cum
591 3973 763 4084 ymagine
778 3973 896 4052 Jhesu
903 3973 1044 4054 Christi
1053 3975 1093 4052 in
1109 4001 1151 4053 ea
1163 3976 1360 4064 existente,
1380 3991 1419 4052 et
1430 3972 1591 4081 quesivit
1604 3973 1652 4050 ab
1673 3999 1719 4050 eo

290 4129 359 4208 per
373 4104 444 4181 bec
457 4103 568 4181 verba
585 4135 593 4179 ε
610 4104 799 4184 Credis-tu
812 4104 853 4181 in
866 4106 979 4184 stimi
993 4105 1041 4184 Et
1054 4107 1136 4214 ipse
1148 4107 1215 4214 qui
1231 4103 1607 4214 loqnimrrespondit
1615 4103 1722 4211 quod

292 4256 394 4325 none
414 4250 453 4311 at
476 4235 602 4312 statim
621 4235 778 4344 quidam
801 4235 900 4314 alius
924 4236 971 4314 de
992 4234 1170 4316 iratribus
1192 4235 1374 4344 predictis
1390 4233 1629 4345 presentibus
1653 4234 1719 4340 qui

122 4469 127 4476 .
291 4363 492 4442 vocabatur
506 4367 632 4473 Hugo,
654 4381 769 4472 prout
786 4364 938 4458 recolit,
963 4365 1056 4446 dixit
1075 4368 1148 4446 sibi
1162 4368 1234 4446 bec
1253 4367 1365 4446 verba
1382 4396 1391 4442 :
1411 4368 1473 4443 Tu
1491 4366 1590 4445 bene
1610 4364 1718 4454 dicte,

292 4493 381 4600 quia
399 4495 480 4601 ipse
501 4513 558 4574 cst
575 4522 676 4574 unus
695 4494 808 4575 salsus
828 4494 1023 4604 propbeta.
1044 4499 1093 4576 Et
1109 4498 1192 4606 ipse
1214 4497 1282 4606 qui
1299 4497 1470 4606 loquitur
1488 4495 1723 4604 intelligebat

293 4626 333 4701 in
353 4626 568 4720 cardamo,
590 4645 634 4706 ut
649 4627 757 4720 dicit,
778 4627 883 4736 quod
905 4629 982 4706 non
1001 4630 1181 4708 credebat
1204 4630 1243 4707 in
1265 4630 1479 4738 ymaginem
1497 4629 1719 4737 predictam,

293 4755 420 4834 sedin
442 4785 531 4835 eum
547 4759 654 4867 cujus
672 4775 752 4837 erat
766 4785 901 4868 ymago
922 4760 1112 4868 prodictu
1144 4779 1183 4838 et
1196 4778 1289 4840 tunc
1303 4761 1460 4869 quidam
1482 4761 1578 4838 alius
1598 4758 1647 4837 de
1669 4758 1724 4833 di-

250 4949 267 4972 .
293 4886 362 4964 ctis
380 4885 559 4967 frauibus
577 4888 672 4966 dixit
693 4887 796 4969 dicto
816 4887 920 4967 fratri
940 4891 1008 4998 qui
1033 4892 1087 4970 sic
1105 4890 1254 4972 locutus
1278 4890 1401 4970 iuerat
1421 4892 1523 4970 dicto
1548 4905 1723 4995 recepto:

1501 5036 1552 5104 65.
