<?xml version="1.0" encoding="UTF-8"?>
<!DOCTYPE html PUBLIC "-//W3C//DTD XHTML 1.0 Transitional//EN"
    "http://www.w3.org/TR/xhtml1/DTD/xhtml1-transitional.dtd">
<html xmlns="http://www.w3.org/1999/xhtml" xml:lang="en" lang="en">
 <head>
  <title>
</title>
<meta http-equiv="Content-Type" content="text/html;charset=utf-8" />
  <meta name='ocr-system' content='tesseract 3.04.00' />
  <meta name='ocr-capabilities' content='ocr_page ocr_carea ocr_par ocr_line ocrx_word'/>
</head>
<body>
  <div class='ocr_page' id='page_1' title='image "./procsdestemplie03defegoog/procsdestemplie03defegoog_0353.png"; bbox 0 0 4242 5890; ppageno 0'>
   <div class='ocr_carea' id='block_1_1' title="bbox 730 517 1764 612">
    <p class='ocr_par' dir='ltr' id='par_1_1' title="bbox 730 517 1764 612">
     <span class='ocr_line' id='line_1_1' title="bbox 730 517 1764 612; baseline 0.002 -2"><span class='ocrx_word' id='word_1_1' title='bbox 730 517 1048 612; x_wconf 74' lang='lat' dir='ltr'><strong>procusum</strong></span> <span class='ocrx_word' id='word_1_2' title='bbox 1076 536 1376 610; x_wconf 81' lang='lat' dir='ltr'><strong>rnumrnns.</strong></span> <span class='ocrx_word' id='word_1_3' title='bbox 1558 605 1561 612; x_wconf 85' lang='grc'><em>,</em></span> <span class='ocrx_word' id='word_1_4' title='bbox 1690 541 1764 612; x_wconf 82' lang='lat' dir='ltr'><strong>sss</strong></span> 
     </span>
    </p>
   </div>
   <div class='ocr_carea' id='block_1_2' title="bbox 274 677 1767 918">
    <p class='ocr_par' dir='ltr' id='par_1_2' title="bbox 274 677 1767 918">
     <span class='ocr_line' id='line_1_2' title="bbox 274 677 1767 790; baseline -0.001 -32"><span class='ocrx_word' id='word_1_5' title='bbox 274 723 287 758; x_wconf 71' lang='grc' dir='ltr'><em>ι</em></span> <span class='ocrx_word' id='word_1_6' title='bbox 344 679 537 760; x_wconf 74' lang='lat' dir='ltr'><strong>Montibus</strong></span> <span class='ocrx_word' id='word_1_7' title='bbox 557 680 596 756; x_wconf 93' lang='lat' dir='ltr'><strong>in</strong></span> <span class='ocrx_word' id='word_1_8' title='bbox 615 680 801 768; x_wconf 79' lang='lat' dir='ltr'><strong>Hanouia,</strong></span> <span class='ocrx_word' id='word_1_9' title='bbox 829 695 867 756; x_wconf 89' lang='lat' dir='ltr'><strong>et</strong></span> <span class='ocrx_word' id='word_1_10' title='bbox 885 677 1057 785; x_wconf 91' lang='lat' dir='ltr'><strong>Philippo</strong></span> <span class='ocrx_word' id='word_1_11' title='bbox 1084 678 1131 754; x_wconf 90' lang='lat' dir='ltr'><strong>de</strong></span> <span class='ocrx_word' id='word_1_12' title='bbox 1155 678 1316 790; x_wconf 82' lang='lat' dir='ltr'><strong>l’srisius</strong></span> <span class='ocrx_word' id='word_1_13' title='bbox 1341 677 1483 756; x_wconf 88' lang='lat' dir='ltr'><strong>ordinis</strong></span> <span class='ocrx_word' id='word_1_14' title='bbox 1507 678 1630 756; x_wconf 88' lang='lat' dir='ltr'><strong>Sancti</strong></span> <span class='ocrx_word' id='word_1_15' title='bbox 1659 678 1767 758; x_wconf 89' lang='lat' dir='ltr'><strong>Guil-</strong></span> 
     </span>
     <span class='ocr_line' id='line_1_3' title="bbox 344 807 1410 918; baseline -0.004 -28"><span class='ocrx_word' id='word_1_16' title='bbox 344 811 465 901; x_wconf 87' lang='lat' dir='ltr'><strong>lelmi,</strong></span> <span class='ocrx_word' id='word_1_17' title='bbox 481 811 642 890; x_wconf 85' lang='lat' dir='ltr'><strong>testibus</strong></span> <span class='ocrx_word' id='word_1_18' title='bbox 660 811 708 888; x_wconf 87' lang='lat' dir='ltr'><strong>ad</strong></span> <span class='ocrx_word' id='word_1_19' title='bbox 727 809 802 890; x_wconf 90' lang='lat' dir='ltr'><strong>hoc</strong></span> <span class='ocrx_word' id='word_1_20' title='bbox 820 809 958 888; x_wconf 85' lang='lat' dir='ltr'><strong>vocatis</strong></span> <span class='ocrx_word' id='word_1_21' title='bbox 976 807 1185 914; x_wconf 79' lang='lat' dir='ltr'><strong>specialiter</strong></span> <span class='ocrx_word' id='word_1_22' title='bbox 1205 825 1242 886; x_wconf 90' lang='lat' dir='ltr'><strong>et</strong></span> <span class='ocrx_word' id='word_1_23' title='bbox 1261 809 1410 918; x_wconf 85' lang='lat' dir='ltr'><strong>rogatis.</strong></span> 
     </span>
    </p>
   </div>
   <div class='ocr_carea' id='block_1_3' title="bbox 344 1069 1775 1827">
    <p class='ocr_par' dir='ltr' id='par_1_3' title="bbox 344 1069 1775 1827">
     <span class='ocr_line' id='line_1_4' title="bbox 399 1069 1771 1180; baseline 0 -30"><span class='ocrx_word' id='word_1_24' title='bbox 399 1076 447 1150; x_wconf 87' lang='lat' dir='ltr'><strong>Et</strong></span> <span class='ocrx_word' id='word_1_25' title='bbox 475 1101 545 1180; x_wconf 89' lang='lat' dir='ltr'><strong>ego</strong></span> <span class='ocrx_word' id='word_1_26' title='bbox 569 1073 716 1150; x_wconf 83' lang='lat' dir='ltr'><strong>Evenus</strong></span> <span class='ocrx_word' id='word_1_27' title='bbox 739 1071 846 1178; x_wconf 79' lang='lat' dir='ltr'><strong>Phily</strong></span> <span class='ocrx_word' id='word_1_28' title='bbox 876 1071 925 1151; x_wconf 89' lang='lat' dir='ltr'><strong>de</strong></span> <span class='ocrx_word' id='word_1_29' title='bbox 956 1071 1091 1148; x_wconf 87' lang='lat' dir='ltr'><strong>Sancto</strong></span> <span class='ocrx_word' id='word_1_30' title='bbox 1120 1070 1263 1148; x_wconf 87' lang='lat' dir='ltr'><strong>Nicasio</strong></span> <span class='ocrx_word' id='word_1_31' title='bbox 1295 1069 1452 1148; x_wconf 90' lang='lat' dir='ltr'><strong>clericus</strong></span> <span class='ocrx_word' id='word_1_32' title='bbox 1484 1072 1771 1178; x_wconf 90' lang='lat' dir='ltr'><strong>Corisopitensis</strong></span> 
     </span>
     <span class='ocr_line' id='line_1_5' title="bbox 344 1183 1775 1309; baseline 0.001 -29"><span class='ocrx_word' id='word_1_33' title='bbox 344 1204 519 1291; x_wconf 87' lang='lat' dir='ltr'><strong>diocesis,</strong></span> <span class='ocrx_word' id='word_1_34' title='bbox 541 1201 740 1309; x_wconf 84' lang='lat' dir='ltr'><strong>apostolica</strong></span> <span class='ocrx_word' id='word_1_35' title='bbox 759 1199 935 1309; x_wconf 88' lang='lat' dir='ltr'><strong>publicus</strong></span> <span class='ocrx_word' id='word_1_36' title='bbox 954 1201 1171 1278; x_wconf 81' lang='lat' dir='ltr'><strong>auctoritate</strong></span> <span class='ocrx_word' id='word_1_37' title='bbox 1187 1200 1372 1289; x_wconf 86' lang='lat' dir='ltr'><strong>notarius,</strong></span> <span class='ocrx_word' id='word_1_38' title='bbox 1389 1201 1580 1306; x_wconf 83' lang='lat' dir='ltr'><strong>premissis</strong></span> <span class='ocrx_word' id='word_1_39' title='bbox 1593 1183 1775 1282; x_wconf 78' lang='lat' dir='ltr'><strong>omnibus</strong></span> 
     </span>
     <span class='ocr_line' id='line_1_6' title="bbox 344 1329 1769 1440; baseline 0.001 -32"><span class='ocrx_word' id='word_1_40' title='bbox 344 1350 382 1410; x_wconf 86' lang='lat' dir='ltr'><strong>st</strong></span> <span class='ocrx_word' id='word_1_41' title='bbox 400 1331 555 1440; x_wconf 90' lang='lat' dir='ltr'><strong>singulis</strong></span> <span class='ocrx_word' id='word_1_42' title='bbox 574 1333 614 1409; x_wconf 90' lang='lat' dir='ltr'><strong>in</strong></span> <span class='ocrx_word' id='word_1_43' title='bbox 631 1332 798 1439; x_wconf 80' lang='lat' dir='ltr'><strong>presenti</strong></span> <span class='ocrx_word' id='word_1_44' title='bbox 819 1348 857 1408; x_wconf 86' lang='lat' dir='ltr'><strong>et</strong></span> <span class='ocrx_word' id='word_1_45' title='bbox 877 1330 1092 1436; x_wconf 78' lang='lat' dir='ltr'><strong>precedenti</strong></span> <span class='ocrx_word' id='word_1_46' title='bbox 1114 1331 1220 1408; x_wconf 85' lang='lat' dir='ltr'><strong>cartis</strong></span> <span class='ocrx_word' id='word_1_47' title='bbox 1236 1329 1348 1408; x_wconf 93' lang='lat' dir='ltr'><strong>simul</strong></span> <span class='ocrx_word' id='word_1_48' title='bbox 1367 1331 1476 1418; x_wconf 89' lang='lat' dir='ltr'><strong>sutis,</strong></span> <span class='ocrx_word' id='word_1_49' title='bbox 1499 1348 1536 1408; x_wconf 90' lang='lat' dir='ltr'><strong>ct</strong></span> <span class='ocrx_word' id='word_1_50' title='bbox 1555 1330 1663 1438; x_wconf 91' lang='lat' dir='ltr'><strong>signo</strong></span> <span class='ocrx_word' id='word_1_51' title='bbox 1682 1360 1769 1410; x_wconf 86' lang='lat' dir='ltr'><strong>meo</strong></span> 
     </span>
     <span class='ocr_line' id='line_1_7' title="bbox 344 1460 1771 1568; baseline 0 -28"><span class='ocrx_word' id='word_1_52' title='bbox 344 1480 523 1540; x_wconf 87' lang='lat' dir='ltr'><strong>consueto</strong></span> <span class='ocrx_word' id='word_1_53' title='bbox 543 1462 696 1568; x_wconf 76' lang='lat' dir='ltr'><strong>signastis</strong></span> <span class='ocrx_word' id='word_1_54' title='bbox 714 1461 916 1548; x_wconf 86' lang='lat' dir='ltr'><strong>contentis,</strong></span> <span class='ocrx_word' id='word_1_55' title='bbox 939 1485 1014 1538; x_wconf 81' lang='lat' dir='ltr'><strong>una</strong></span> <span class='ocrx_word' id='word_1_56' title='bbox 1032 1489 1120 1538; x_wconf 87' lang='lat' dir='ltr'><strong>cunr</strong></span> <span class='ocrx_word' id='word_1_57' title='bbox 1139 1460 1298 1540; x_wconf 89' lang='lat' dir='ltr'><strong>testibus</strong></span> <span class='ocrx_word' id='word_1_58' title='bbox 1322 1460 1596 1568; x_wconf 84' lang='lat' dir='ltr'><strong>suprascriptis,</strong></span> <span class='ocrx_word' id='word_1_59' title='bbox 1618 1489 1771 1566; x_wconf 89' lang='lat' dir='ltr'><strong>presens</strong></span> 
     </span>
     <span class='ocr_line' id='line_1_8' title="bbox 344 1590 1770 1699; baseline 0.001 -31"><span class='ocrx_word' id='word_1_60' title='bbox 344 1592 512 1681; x_wconf 73' lang='lat' dir='ltr'><strong>interlui,</strong></span> <span class='ocrx_word' id='word_1_61' title='bbox 527 1619 588 1670; x_wconf 80' lang='lat' dir='ltr'><strong>mc</strong></span> <span class='ocrx_word' id='word_1_62' title='bbox 614 1592 831 1698; x_wconf 86' lang='lat' dir='ltr'><strong>subscripsi,</strong></span> <span class='ocrx_word' id='word_1_63' title='bbox 849 1609 887 1668; x_wconf 88' lang='lat' dir='ltr'><strong>et</strong></span> <span class='ocrx_word' id='word_1_64' title='bbox 905 1591 1052 1698; x_wconf 88' lang='lat' dir='ltr'><strong>signum</strong></span> <span class='ocrx_word' id='word_1_65' title='bbox 1073 1617 1201 1670; x_wconf 87' lang='lat' dir='ltr'><strong>mcum</strong></span> <span class='ocrx_word' id='word_1_66' title='bbox 1225 1590 1376 1668; x_wconf 87' lang='lat' dir='ltr'><strong>solitum</strong></span> <span class='ocrx_word' id='word_1_67' title='bbox 1398 1590 1460 1668; x_wconf 94' lang='lat' dir='ltr'><strong>hic</strong></span> <span class='ocrx_word' id='word_1_68' title='bbox 1483 1592 1638 1696; x_wconf 86' lang='lat' dir='ltr'><strong>apposui</strong></span> <span class='ocrx_word' id='word_1_69' title='bbox 1664 1619 1770 1699; x_wconf 88' lang='lat' dir='ltr'><strong>roga·</strong></span> 
     </span>
     <span class='ocr_line' id='line_1_9' title="bbox 345 1721 1063 1827; baseline -0.001 -29"><span class='ocrx_word' id='word_1_70' title='bbox 345 1740 422 1810; x_wconf 90' lang='lat' dir='ltr'><strong>tus,</strong></span> <span class='ocrx_word' id='word_1_71' title='bbox 445 1724 483 1799; x_wconf 92' lang='lat' dir='ltr'><strong>in</strong></span> <span class='ocrx_word' id='word_1_72' title='bbox 502 1723 764 1801; x_wconf 90' lang='lat' dir='ltr'><strong>testimonium</strong></span> <span class='ocrx_word' id='word_1_73' title='bbox 783 1721 1063 1827; x_wconf 89' lang='lat' dir='ltr'><strong>premissorum.</strong></span> 
     </span>
    </p>
   </div>
   <div class='ocr_carea' id='block_1_4' title="bbox 223 1981 1772 4953">
    <p class='ocr_par' dir='ltr' id='par_1_4' title="bbox 223 1981 1772 4953">
     <span class='ocr_line' id='line_1_10' title="bbox 402 1981 1770 2089; baseline 0.001 -33"><span class='ocrx_word' id='word_1_74' title='bbox 402 1984 442 2058; x_wconf 91' lang='lat' dir='ltr'><strong>ln</strong></span> <span class='ocrx_word' id='word_1_75' title='bbox 462 1981 600 2074; x_wconf 77' lang='lat' dir='ltr'><strong>Christi</strong></span> <span class='ocrx_word' id='word_1_76' title='bbox 622 1982 775 2058; x_wconf 91' lang='lat' dir='ltr'><strong>nomine</strong></span> <span class='ocrx_word' id='word_1_77' title='bbox 795 2009 918 2058; x_wconf 86' lang='lat' dir='ltr'><strong>amen.</strong></span> <span class='ocrx_word' id='word_1_78' title='bbox 941 1982 1066 2060; x_wconf 87' lang='lat' dir='ltr'><strong>Pateat</strong></span> <span class='ocrx_word' id='word_1_79' title='bbox 1084 1981 1266 2060; x_wconf 85' lang='lat' dir='ltr'><strong>universis</strong></span> <span class='ocrx_word' id='word_1_80' title='bbox 1289 2011 1358 2088; x_wconf 90' lang='lat' dir='ltr'><strong>per</strong></span> <span class='ocrx_word' id='word_1_81' title='bbox 1377 1984 1451 2060; x_wconf 87' lang='lat' dir='ltr'><strong>hoc</strong></span> <span class='ocrx_word' id='word_1_82' title='bbox 1470 2010 1625 2089; x_wconf 82' lang='lat' dir='ltr'><strong>presens</strong></span> <span class='ocrx_word' id='word_1_83' title='bbox 1644 1983 1770 2088; x_wconf 91' lang='lat' dir='ltr'><strong>publi-</strong></span> 
     </span>
     <span class='ocr_line' id='line_1_11' title="bbox 345 2111 1771 2219; baseline 0.001 -31"><span class='ocrx_word' id='word_1_84' title='bbox 345 2141 432 2190; x_wconf 89' lang='lat' dir='ltr'><strong>cum</strong></span> <span class='ocrx_word' id='word_1_85' title='bbox 447 2113 755 2202; x_wconf 89' lang='lat' dir='ltr'><strong>instrumentum,</strong></span> <span class='ocrx_word' id='word_1_86' title='bbox 772 2111 878 2218; x_wconf 83' lang='lat' dir='ltr'><strong>quod</strong></span> <span class='ocrx_word' id='word_1_87' title='bbox 892 2139 988 2190; x_wconf 90' lang='lat' dir='ltr'><strong>anno</strong></span> <span class='ocrx_word' id='word_1_88' title='bbox 1002 2111 1155 2190; x_wconf 91' lang='lat' dir='ltr'><strong>Domini</strong></span> <span class='ocrx_word' id='word_1_89' title='bbox 1170 2111 1368 2190; x_wconf 88' lang='lat' dir='ltr'><strong>millesimo</strong></span> <span class='ocrx_word' id='word_1_90' title='bbox 1383 2127 1464 2190; x_wconf 86' lang='lat' dir='ltr'><strong>ccc⁰</strong></span> <span class='ocrx_word' id='word_1_91' title='bbox 1478 2114 1655 2219; x_wconf 89' lang='lat' dir='ltr'><strong>septimo,</strong></span> <span class='ocrx_word' id='word_1_92' title='bbox 1671 2114 1771 2190; x_wconf 90' lang='lat' dir='ltr'><strong>indi-</strong></span> 
     </span>
     <span class='ocr_line' id='line_1_12' title="bbox 345 2219 1772 2347; baseline 0 -28"><span class='ocrx_word' id='word_1_93' title='bbox 345 2243 580 2333; x_wconf 83' lang='lat' dir='ltr'><strong>cioneserta,</strong></span> <span class='ocrx_word' id='word_1_94' title='bbox 592 2240 829 2347; x_wconf 87' lang='lat' dir='ltr'><strong>pontificatus</strong></span> <span class='ocrx_word' id='word_1_95' title='bbox 839 2241 1057 2320; x_wconf 77' lang='lat' dir='ltr'><strong>sanctissimi</strong></span> <span class='ocrx_word' id='word_1_96' title='bbox 1071 2241 1190 2318; x_wconf 89' lang='lat' dir='ltr'><strong>Patris</strong></span> <span class='ocrx_word' id='word_1_97' title='bbox 1200 2261 1238 2318; x_wconf 90' lang='lat' dir='ltr'><strong>et</strong></span> <span class='ocrx_word' id='word_1_98' title='bbox 1251 2219 1393 2320; x_wconf 85' lang='lat' dir='ltr'><strong>domini</strong></span> <span class='ocrx_word' id='word_1_99' title='bbox 1410 2242 1556 2320; x_wconf 90' lang='lat' dir='ltr'><strong>domini</strong></span> <span class='ocrx_word' id='word_1_100' title='bbox 1565 2241 1772 2320; x_wconf 85' lang='lat' dir='ltr'><strong>Clementis</strong></span> 
     </span>
     <span class='ocr_line' id='line_1_13' title="bbox 346 2370 1771 2478; baseline -0.001 -30"><span class='ocrx_word' id='word_1_101' title='bbox 346 2372 468 2448; x_wconf 89' lang='lat' dir='ltr'><strong>divina</strong></span> <span class='ocrx_word' id='word_1_102' title='bbox 483 2399 604 2477; x_wconf 90' lang='lat' dir='ltr'><strong>pappe</strong></span> <span class='ocrx_word' id='word_1_103' title='bbox 618 2372 739 2478; x_wconf 87' lang='lat' dir='ltr'><strong>quinti</strong></span> <span class='ocrx_word' id='word_1_104' title='bbox 758 2399 858 2448; x_wconf 87' lang='lat' dir='ltr'><strong>anno</strong></span> <span class='ocrx_word' id='word_1_105' title='bbox 873 2372 1055 2460; x_wconf 87' lang='lat' dir='ltr'><strong>seeundo,</strong></span> <span class='ocrx_word' id='word_1_106' title='bbox 1071 2370 1134 2448; x_wconf 90' lang='lat' dir='ltr'><strong>die</strong></span> <span class='ocrx_word' id='word_1_107' title='bbox 1150 2373 1248 2448; x_wconf 88' lang='lat' dir='ltr'><strong>Jovis</strong></span> <span class='ocrx_word' id='word_1_108' title='bbox 1260 2371 1299 2448; x_wconf 91' lang='lat' dir='ltr'><strong>in</strong></span> <span class='ocrx_word' id='word_1_109' title='bbox 1311 2373 1470 2451; x_wconf 90' lang='lat' dir='ltr'><strong>crastino</strong></span> <span class='ocrx_word' id='word_1_110' title='bbox 1487 2371 1572 2450; x_wconf 88' lang='lat' dir='ltr'><strong>lesti</strong></span> <span class='ocrx_word' id='word_1_111' title='bbox 1587 2371 1771 2464; x_wconf 85' lang='lat' dir='ltr'><strong>Omnium</strong></span> 
     </span>
     <span class='ocr_line' id='line_1_14' title="bbox 223 2501 1770 2612; baseline -0.001 -32"><span class='ocrx_word' id='word_1_112' title='bbox 223 2516 227 2524; x_wconf 84' lang='lat'>&#39;</span> <span class='ocrx_word' id='word_1_113' title='bbox 346 2504 583 2591; x_wconf 88' lang='lat' dir='ltr'><strong>Sanctorum,</strong></span> <span class='ocrx_word' id='word_1_114' title='bbox 611 2501 752 2579; x_wconf 89' lang='lat' dir='ltr'><strong>scilicet</strong></span> <span class='ocrx_word' id='word_1_115' title='bbox 775 2501 940 2579; x_wconf 88' lang='lat' dir='ltr'><strong>secunda</strong></span> <span class='ocrx_word' id='word_1_116' title='bbox 966 2502 1028 2579; x_wconf 90' lang='lat' dir='ltr'><strong>die</strong></span> <span class='ocrx_word' id='word_1_117' title='bbox 1052 2501 1285 2591; x_wconf 82' lang='lat' dir='ltr'><strong>novembris,</strong></span> <span class='ocrx_word' id='word_1_118' title='bbox 1309 2503 1348 2579; x_wconf 91' lang='lat' dir='ltr'><strong>in</strong></span> <span class='ocrx_word' id='word_1_119' title='bbox 1373 2502 1536 2612; x_wconf 82' lang='lat' dir='ltr'><strong>religiosi</strong></span> <span class='ocrx_word' id='word_1_120' title='bbox 1561 2519 1599 2580; x_wconf 89' lang='lat' dir='ltr'><strong>et</strong></span> <span class='ocrx_word' id='word_1_121' title='bbox 1622 2502 1770 2580; x_wconf 90' lang='lat' dir='ltr'><strong>honesti</strong></span> 
     </span>
     <span class='ocr_line' id='line_1_15' title="bbox 344 2629 1771 2738; baseline 0.001 -30"><span class='ocrx_word' id='word_1_122' title='bbox 344 2633 412 2708; x_wconf 84' lang='lat' dir='ltr'><strong>viri</strong></span> <span class='ocrx_word' id='word_1_123' title='bbox 432 2629 555 2738; x_wconf 80' lang='lat' dir='ltr'><strong>fratris</strong></span> <span class='ocrx_word' id='word_1_124' title='bbox 572 2629 712 2707; x_wconf 89' lang='lat' dir='ltr'><strong>Nicolai</strong></span> <span class='ocrx_word' id='word_1_125' title='bbox 733 2629 780 2706; x_wconf 94' lang='lat' dir='ltr'><strong>de</strong></span> <span class='ocrx_word' id='word_1_126' title='bbox 801 2631 998 2709; x_wconf 84' lang='lat' dir='ltr'><strong>Anessiaco</strong></span> <span class='ocrx_word' id='word_1_127' title='bbox 1019 2630 1162 2708; x_wconf 87' lang='lat' dir='ltr'><strong>ordinis</strong></span> <span class='ocrx_word' id='word_1_128' title='bbox 1180 2629 1337 2709; x_wconf 79' lang='lat' dir='ltr'><strong>fratrum</strong></span> <span class='ocrx_word' id='word_1_129' title='bbox 1348 2632 1646 2721; x_wconf 87' lang='lat' dir='ltr'><strong>Predicatorum,</strong></span> <span class='ocrx_word' id='word_1_130' title='bbox 1674 2661 1771 2710; x_wconf 91' lang='lat' dir='ltr'><strong>com-</strong></span> 
     </span>
     <span class='ocr_line' id='line_1_16' title="bbox 344 2759 1771 2866; baseline 0.001 -26"><span class='ocrx_word' id='word_1_131' title='bbox 344 2761 503 2840; x_wconf 88' lang='lat' dir='ltr'><strong>missarii</strong></span> <span class='ocrx_word' id='word_1_132' title='bbox 523 2761 600 2838; x_wconf 87' lang='lat' dir='ltr'><strong>dati</strong></span> <span class='ocrx_word' id='word_1_133' title='bbox 620 2789 644 2838; x_wconf 82' lang='lat' dir='ltr'><strong>a</strong></span> <span class='ocrx_word' id='word_1_134' title='bbox 657 2759 835 2866; x_wconf 89' lang='lat' dir='ltr'><strong>religioso</strong></span> <span class='ocrx_word' id='word_1_135' title='bbox 850 2761 929 2838; x_wconf 87' lang='lat' dir='ltr'><strong>viro</strong></span> <span class='ocrx_word' id='word_1_136' title='bbox 945 2777 988 2860; x_wconf 86' lang='lat' dir='ltr'><strong>et</strong></span> <span class='ocrx_word' id='word_1_137' title='bbox 1007 2760 1170 2838; x_wconf 70' lang='lat' dir='ltr'><strong>‘honesto</strong></span> <span class='ocrx_word' id='word_1_138' title='bbox 1184 2759 1298 2839; x_wconf 86' lang='lat' dir='ltr'><strong>lretre</strong></span> <span class='ocrx_word' id='word_1_139' title='bbox 1316 2761 1520 2841; x_wconf 89' lang='lat' dir='ltr'><strong>Guillelmo</strong></span> <span class='ocrx_word' id='word_1_140' title='bbox 1542 2763 1589 2839; x_wconf 92' lang='lat' dir='ltr'><strong>de</strong></span> <span class='ocrx_word' id='word_1_141' title='bbox 1611 2762 1771 2841; x_wconf 90' lang='lat' dir='ltr'><strong>Parisius</strong></span> 
     </span>
     <span class='ocr_line' id='line_1_17' title="bbox 346 2890 1771 3000; baseline 0.002 -32"><span class='ocrx_word' id='word_1_142' title='bbox 346 2891 434 2968; x_wconf 90' lang='lat' dir='ltr'><strong>dicti</strong></span> <span class='ocrx_word' id='word_1_143' title='bbox 455 2891 616 2980; x_wconf 84' lang='lat' dir='ltr'><strong>ordinis,</strong></span> <span class='ocrx_word' id='word_1_144' title='bbox 639 2890 859 2996; x_wconf 84' lang='lat' dir='ltr'><strong>inquisitore</strong></span> <span class='ocrx_word' id='word_1_145' title='bbox 873 2890 1037 2968; x_wconf 80' lang='lat' dir='ltr'><strong>heretice</strong></span> <span class='ocrx_word' id='word_1_146' title='bbox 1055 2890 1242 2998; x_wconf 85' lang='lat' dir='ltr'><strong>pravitatis</strong></span> <span class='ocrx_word' id='word_1_147' title='bbox 1268 2892 1307 2968; x_wconf 91' lang='lat' dir='ltr'><strong>in</strong></span> <span class='ocrx_word' id='word_1_148' title='bbox 1331 2919 1446 3000; x_wconf 88' lang='lat' dir='ltr'><strong>regno</strong></span> <span class='ocrx_word' id='word_1_149' title='bbox 1465 2892 1620 2972; x_wconf 84' lang='lat' dir='ltr'><strong>Francis</strong></span> <span class='ocrx_word' id='word_1_150' title='bbox 1646 2910 1771 2972; x_wconf 89' lang='lat' dir='ltr'><strong>aucto·</strong></span> 
     </span>
     <span class='ocr_line' id='line_1_18' title="bbox 345 3020 1771 3128; baseline 0.003 -30"><span class='ocrx_word' id='word_1_151' title='bbox 345 3024 452 3100; x_wconf 77' lang='lat' dir='ltr'><strong>ritate</strong></span> <span class='ocrx_word' id='word_1_152' title='bbox 466 3020 667 3128; x_wconf 87' lang='lat' dir='ltr'><strong>apostolica</strong></span> <span class='ocrx_word' id='word_1_153' title='bbox 677 3021 873 3126; x_wconf 89' lang='lat' dir='ltr'><strong>deputato,</strong></span> <span class='ocrx_word' id='word_1_154' title='bbox 887 3037 1061 3098; x_wconf 86' lang='lat' dir='ltr'><strong>nostrum</strong></span> <span class='ocrx_word' id='word_1_155' title='bbox 1072 3021 1305 3098; x_wconf 87' lang='lat' dir='ltr'><strong>notariorum</strong></span> <span class='ocrx_word' id='word_1_156' title='bbox 1318 3020 1558 3128; x_wconf 90' lang='lat' dir='ltr'><strong>publicorum</strong></span> <span class='ocrx_word' id='word_1_157' title='bbox 1573 3040 1611 3100; x_wconf 91' lang='lat' dir='ltr'><strong>et</strong></span> <span class='ocrx_word' id='word_1_158' title='bbox 1619 3023 1771 3102; x_wconf 90' lang='lat' dir='ltr'><strong>testium</strong></span> 
     </span>
     <span class='ocr_line' id='line_1_19' title="bbox 345 3150 1771 3257; baseline 0.001 -29"><span class='ocrx_word' id='word_1_159' title='bbox 345 3151 662 3257; x_wconf 81' lang='lat' dir='ltr'><strong>infrascriptorum</strong></span> <span class='ocrx_word' id='word_1_160' title='bbox 690 3150 881 3254; x_wconf 88' lang='lat' dir='ltr'><strong>presencia</strong></span> <span class='ocrx_word' id='word_1_161' title='bbox 912 3150 1158 3256; x_wconf 83' lang='lat' dir='ltr'><strong>personaliter</strong></span> <span class='ocrx_word' id='word_1_162' title='bbox 1190 3151 1412 3230; x_wconf 87' lang='lat' dir='ltr'><strong>constitutus</strong></span> <span class='ocrx_word' id='word_1_163' title='bbox 1443 3150 1556 3230; x_wconf 85' lang='lat' dir='ltr'><strong>frater</strong></span> <span class='ocrx_word' id='word_1_164' title='bbox 1584 3153 1771 3237; x_wconf 81' lang='lat' dir='ltr'><strong>lohannes</strong></span> 
     </span>
     <span class='ocr_line' id='line_1_20' title="bbox 345 3280 1771 3387; baseline 0.001 -26"><span class='ocrx_word' id='word_1_165' title='bbox 345 3282 393 3361; x_wconf 91' lang='lat' dir='ltr'><strong>de</strong></span> <span class='ocrx_word' id='word_1_166' title='bbox 413 3285 615 3360; x_wconf 87' lang='lat' dir='ltr'><strong>Basemont</strong></span> <span class='ocrx_word' id='word_1_167' title='bbox 638 3280 763 3370; x_wconf 85' lang='lat' dir='ltr'><strong>miles,</strong></span> <span class='ocrx_word' id='word_1_168' title='bbox 792 3281 899 3357; x_wconf 87' lang='lat' dir='ltr'><strong>etatis</strong></span> <span class='ocrx_word' id='word_1_169' title='bbox 925 3281 1053 3387; x_wconf 88' lang='lat' dir='ltr'><strong>viginti</strong></span> <span class='ocrx_word' id='word_1_170' title='bbox 1078 3281 1246 3387; x_wconf 89' lang='lat' dir='ltr'><strong>quinque</strong></span> <span class='ocrx_word' id='word_1_171' title='bbox 1269 3310 1454 3361; x_wconf 86' lang='lat' dir='ltr'><strong>annorum</strong></span> <span class='ocrx_word' id='word_1_172' title='bbox 1476 3283 1534 3360; x_wconf 89' lang='lat' dir='ltr'><strong>vel</strong></span> <span class='ocrx_word' id='word_1_173' title='bbox 1559 3283 1670 3372; x_wconf 86' lang='lat' dir='ltr'><strong>circa,</strong></span> <span class='ocrx_word' id='word_1_174' title='bbox 1692 3311 1771 3362; x_wconf 91' lang='lat' dir='ltr'><strong>mo-</strong></span> 
     </span>
     <span class='ocr_line' id='line_1_21' title="bbox 344 3409 1769 3519; baseline 0.001 -31"><span class='ocrx_word' id='word_1_175' title='bbox 344 3441 431 3490; x_wconf 82' lang='lat' dir='ltr'><strong>rans</strong></span> <span class='ocrx_word' id='word_1_176' title='bbox 454 3413 494 3487; x_wconf 91' lang='lat' dir='ltr'><strong>in</strong></span> <span class='ocrx_word' id='word_1_177' title='bbox 520 3411 634 3489; x_wconf 90' lang='lat' dir='ltr'><strong>domo</strong></span> <span class='ocrx_word' id='word_1_178' title='bbox 658 3412 705 3488; x_wconf 90' lang='lat' dir='ltr'><strong>de</strong></span> <span class='ocrx_word' id='word_1_179' title='bbox 732 3412 903 3519; x_wconf 86' lang='lat' dir='ltr'><strong>Prunayo</strong></span> <span class='ocrx_word' id='word_1_180' title='bbox 922 3410 1028 3516; x_wconf 80' lang='lat' dir='ltr'><strong>juxta</strong></span> <span class='ocrx_word' id='word_1_181' title='bbox 1052 3409 1289 3499; x_wconf 82' lang='lat' dir='ltr'><strong>Medontam,</strong></span> <span class='ocrx_word' id='word_1_182' title='bbox 1311 3411 1459 3518; x_wconf 89' lang='lat' dir='ltr'><strong>juratus</strong></span> <span class='ocrx_word' id='word_1_183' title='bbox 1484 3412 1530 3490; x_wconf 88' lang='lat' dir='ltr'><strong>ad</strong></span> <span class='ocrx_word' id='word_1_184' title='bbox 1556 3429 1681 3490; x_wconf 86' lang='lat' dir='ltr'><strong>sancta</strong></span> <span class='ocrx_word' id='word_1_185' title='bbox 1700 3414 1769 3491; x_wconf 87' lang='lat' dir='ltr'><strong>Dei</strong></span> 
     </span>
     <span class='ocr_line' id='line_1_22' title="bbox 344 3539 1770 3648; baseline 0 -30"><span class='ocrx_word' id='word_1_186' title='bbox 344 3540 557 3647; x_wconf 80' lang='lat' dir='ltr'><strong>Evangelia,</strong></span> <span class='ocrx_word' id='word_1_187' title='bbox 574 3556 668 3617; x_wconf 84' lang='lat' dir='ltr'><strong>tacta</strong></span> <span class='ocrx_word' id='word_1_188' title='bbox 684 3539 927 3646; x_wconf 86' lang='lat' dir='ltr'><strong>corporaliter</strong></span> <span class='ocrx_word' id='word_1_189' title='bbox 941 3539 987 3617; x_wconf 90' lang='lat' dir='ltr'><strong>ab</strong></span> <span class='ocrx_word' id='word_1_190' title='bbox 1004 3540 1156 3627; x_wconf 84' lang='lat' dir='ltr'><strong>eodem,</strong></span> <span class='ocrx_word' id='word_1_191' title='bbox 1170 3541 1316 3618; x_wconf 80' lang='lat' dir='ltr'><strong>desset</strong></span> <span class='ocrx_word' id='word_1_192' title='bbox 1330 3541 1412 3618; x_wconf 86' lang='lat' dir='ltr'><strong>aliis</strong></span> <span class='ocrx_word' id='word_1_193' title='bbox 1426 3542 1485 3621; x_wconf 91' lang='lat' dir='ltr'><strong>sui</strong></span> <span class='ocrx_word' id='word_1_194' title='bbox 1501 3541 1645 3620; x_wconf 90' lang='lat' dir='ltr'><strong>ordinis</strong></span> <span class='ocrx_word' id='word_1_195' title='bbox 1660 3569 1770 3648; x_wconf 90' lang='lat' dir='ltr'><strong>super</strong></span> 
     </span>
     <span class='ocr_line' id='line_1_23' title="bbox 345 3669 1768 3779; baseline 0 -31"><span class='ocrx_word' id='word_1_196' title='bbox 345 3671 446 3750; x_wconf 87' lang='lat' dir='ltr'><strong>dicto</strong></span> <span class='ocrx_word' id='word_1_197' title='bbox 462 3671 615 3748; x_wconf 87' lang='lat' dir='ltr'><strong>crimine</strong></span> <span class='ocrx_word' id='word_1_198' title='bbox 639 3670 771 3748; x_wconf 88' lang='lat' dir='ltr'><strong>delatis</strong></span> <span class='ocrx_word' id='word_1_199' title='bbox 790 3671 829 3746; x_wconf 91' lang='lat' dir='ltr'><strong>in</strong></span> <span class='ocrx_word' id='word_1_200' title='bbox 848 3699 955 3747; x_wconf 88' lang='lat' dir='ltr'><strong>causa</strong></span> <span class='ocrx_word' id='word_1_201' title='bbox 972 3669 1063 3748; x_wconf 90' lang='lat' dir='ltr'><strong>fidei</strong></span> <span class='ocrx_word' id='word_1_202' title='bbox 1084 3669 1209 3748; x_wconf 90' lang='lat' dir='ltr'><strong>dicere</strong></span> <span class='ocrx_word' id='word_1_203' title='bbox 1227 3672 1431 3748; x_wconf 87' lang='lat' dir='ltr'><strong>veritatem.</strong></span> <span class='ocrx_word' id='word_1_204' title='bbox 1444 3673 1493 3748; x_wconf 89' lang='lat' dir='ltr'><strong>Et</strong></span> <span class='ocrx_word' id='word_1_205' title='bbox 1505 3674 1768 3779; x_wconf 89' lang='lat' dir='ltr'><strong>interrogatus,</strong></span> 
     </span>
     <span class='ocr_line' id='line_1_24' title="bbox 345 3798 1771 3912; baseline 0 -32"><span class='ocrx_word' id='word_1_206' title='bbox 345 3831 413 3908; x_wconf 87' lang='lat' dir='ltr'><strong>per</strong></span> <span class='ocrx_word' id='word_1_207' title='bbox 426 3802 682 3906; x_wconf 87' lang='lat' dir='ltr'><strong>juramentum</strong></span> <span class='ocrx_word' id='word_1_208' title='bbox 702 3829 830 3890; x_wconf 90' lang='lat' dir='ltr'><strong>suurn,</strong></span> <span class='ocrx_word' id='word_1_209' title='bbox 855 3798 902 3878; x_wconf 90' lang='lat' dir='ltr'><strong>de</strong></span> <span class='ocrx_word' id='word_1_210' title='bbox 921 3819 1093 3908; x_wconf 89' lang='lat' dir='ltr'><strong>tempora</strong></span> <span class='ocrx_word' id='word_1_211' title='bbox 1118 3819 1155 3878; x_wconf 87' lang='lat' dir='ltr'><strong>et</strong></span> <span class='ocrx_word' id='word_1_212' title='bbox 1175 3801 1292 3912; x_wconf 82' lang='lat' dir='ltr'><strong>modo</strong></span> <span class='ocrx_word' id='word_1_213' title='bbox 1311 3802 1543 3909; x_wconf 91' lang='lat' dir='ltr'><strong>recepcionis</strong></span> <span class='ocrx_word' id='word_1_214' title='bbox 1567 3830 1651 3889; x_wconf 88' lang='lat' dir='ltr'><strong>suc,</strong></span> <span class='ocrx_word' id='word_1_215' title='bbox 1679 3800 1771 3880; x_wconf 83' lang='lat' dir='ltr'><strong>dixit</strong></span> 
     </span>
     <span class='ocr_line' id='line_1_25' title="bbox 345 3928 1770 4039; baseline 0.001 -31"><span class='ocrx_word' id='word_1_216' title='bbox 345 3961 413 4038; x_wconf 87' lang='lat' dir='ltr'><strong>per</strong></span> <span class='ocrx_word' id='word_1_217' title='bbox 421 3932 679 4039; x_wconf 82' lang='lat' dir='ltr'><strong>juramentum</strong></span> <span class='ocrx_word' id='word_1_218' title='bbox 692 3950 820 4020; x_wconf 88' lang='lat' dir='ltr'><strong>suum,</strong></span> <span class='ocrx_word' id='word_1_219' title='bbox 846 3929 955 4038; x_wconf 90' lang='lat' dir='ltr'><strong>quod</strong></span> <span class='ocrx_word' id='word_1_220' title='bbox 975 3928 1047 4009; x_wconf 89' lang='lat' dir='ltr'><strong>luit</strong></span> <span class='ocrx_word' id='word_1_221' title='bbox 1065 3947 1236 4036; x_wconf 86' lang='lat' dir='ltr'><strong>receptus</strong></span> <span class='ocrx_word' id='word_1_222' title='bbox 1253 3931 1413 4012; x_wconf 88' lang='lat' dir='ltr'><strong>Parisius</strong></span> <span class='ocrx_word' id='word_1_223' title='bbox 1426 3961 1494 4038; x_wconf 91' lang='lat' dir='ltr'><strong>per</strong></span> <span class='ocrx_word' id='word_1_224' title='bbox 1507 3933 1709 4039; x_wconf 90' lang='lat' dir='ltr'><strong>Hugonem</strong></span> <span class='ocrx_word' id='word_1_225' title='bbox 1721 3932 1770 4010; x_wconf 92' lang='lat' dir='ltr'><strong>de</strong></span> 
     </span>
     <span class='ocr_line' id='line_1_26' title="bbox 344 4059 1770 4154; baseline 0.001 -16"><span class='ocrx_word' id='word_1_226' title='bbox 344 4063 513 4142; x_wconf 88' lang='lat' dir='ltr'><strong>Paraudo</strong></span> <span class='ocrx_word' id='word_1_227' title='bbox 535 4063 762 4140; x_wconf 85' lang='lat' dir='ltr'><strong>visitatorem</strong></span> <span class='ocrx_word' id='word_1_228' title='bbox 788 4062 959 4154; x_wconf 75' lang='lat' dir='ltr'><strong>Francis,</strong></span> <span class='ocrx_word' id='word_1_229' title='bbox 984 4062 1023 4138; x_wconf 91' lang='lat' dir='ltr'><strong>in</strong></span> <span class='ocrx_word' id='word_1_230' title='bbox 1050 4059 1146 4140; x_wconf 81' lang='lat' dir='ltr'><strong>festo</strong></span> <span class='ocrx_word' id='word_1_231' title='bbox 1165 4061 1337 4142; x_wconf 87' lang='lat' dir='ltr'><strong>instantis</strong></span> <span class='ocrx_word' id='word_1_232' title='bbox 1356 4062 1638 4140; x_wconf 85' lang='lat' dir='ltr'><strong>Purificacionis</strong></span> <span class='ocrx_word' id='word_1_233' title='bbox 1661 4061 1770 4140; x_wconf 82' lang='lat' dir='ltr'><strong>beate</strong></span> 
     </span>
     <span class='ocr_line' id='line_1_27' title="bbox 345 4190 1769 4300; baseline 0.001 -30"><span class='ocrx_word' id='word_1_234' title='bbox 345 4193 460 4270; x_wconf 77' lang='lat' dir='ltr'><strong>Mario</strong></span> <span class='ocrx_word' id='word_1_235' title='bbox 480 4197 537 4270; x_wconf 88' lang='lat' dir='ltr'><strong>vel</strong></span> <span class='ocrx_word' id='word_1_236' title='bbox 558 4194 653 4270; x_wconf 87' lang='lat' dir='ltr'><strong>circa</strong></span> <span class='ocrx_word' id='word_1_237' title='bbox 673 4194 746 4271; x_wconf 89' lang='lat' dir='ltr'><strong>erit</strong></span> <span class='ocrx_word' id='word_1_238' title='bbox 762 4220 900 4280; x_wconf 82' lang='lat' dir='ltr'><strong>annus,</strong></span> <span class='ocrx_word' id='word_1_239' title='bbox 916 4190 1154 4297; x_wconf 88' lang='lat' dir='ltr'><strong>presentibus</strong></span> <span class='ocrx_word' id='word_1_240' title='bbox 1174 4191 1286 4270; x_wconf 83' lang='lat' dir='ltr'><strong>fratre</strong></span> <span class='ocrx_word' id='word_1_241' title='bbox 1311 4193 1481 4270; x_wconf 74' lang='lat' dir='ltr'><strong>Iohanne</strong></span> <span class='ocrx_word' id='word_1_242' title='bbox 1507 4194 1555 4270; x_wconf 89' lang='lat' dir='ltr'><strong>de</strong></span> <span class='ocrx_word' id='word_1_243' title='bbox 1576 4192 1769 4300; x_wconf 83' lang='lat' dir='ltr'><strong>Foylleyo,</strong></span> 
     </span>
     <span class='ocr_line' id='line_1_28' title="bbox 345 4321 1770 4428; baseline 0.001 -31"><span class='ocrx_word' id='word_1_244' title='bbox 345 4321 456 4400; x_wconf 86' lang='lat' dir='ltr'><strong>lratre</strong></span> <span class='ocrx_word' id='word_1_245' title='bbox 468 4322 635 4400; x_wconf 79' lang='lat' dir='ltr'><strong>Oliverio</strong></span> <span class='ocrx_word' id='word_1_246' title='bbox 652 4324 699 4400; x_wconf 83' lang='lat' dir='ltr'><strong>de</strong></span> <span class='ocrx_word' id='word_1_247' title='bbox 716 4325 861 4410; x_wconf 80' lang='lat' dir='ltr'><strong>Penne,</strong></span> <span class='ocrx_word' id='word_1_248' title='bbox 879 4338 918 4400; x_wconf 84' lang='lat' dir='ltr'><strong>et</strong></span> <span class='ocrx_word' id='word_1_249' title='bbox 936 4321 1021 4399; x_wconf 84' lang='lat' dir='ltr'><strong>aliis</strong></span> <span class='ocrx_word' id='word_1_250' title='bbox 1040 4323 1087 4401; x_wconf 90' lang='lat' dir='ltr'><strong>de</strong></span> <span class='ocrx_word' id='word_1_251' title='bbox 1108 4349 1271 4428; x_wconf 89' lang='lat' dir='ltr'><strong>quorum</strong></span> <span class='ocrx_word' id='word_1_252' title='bbox 1291 4323 1509 4401; x_wconf 91' lang='lat' dir='ltr'><strong>nominibus</strong></span> <span class='ocrx_word' id='word_1_253' title='bbox 1530 4353 1606 4402; x_wconf 94' lang='lat' dir='ltr'><strong>non</strong></span> <span class='ocrx_word' id='word_1_254' title='bbox 1626 4323 1770 4402; x_wconf 88' lang='lat' dir='ltr'><strong>recolit.</strong></span> 
     </span>
     <span class='ocr_line' id='line_1_29' title="bbox 345 4448 1769 4558; baseline 0.003 -30"><span class='ocrx_word' id='word_1_255' title='bbox 345 4448 393 4529; x_wconf 84' lang='lat' dir='ltr'><strong>Et</strong></span> <span class='ocrx_word' id='word_1_256' title='bbox 408 4453 501 4528; x_wconf 85' lang='lat' dir='ltr'><strong>dixit</strong></span> <span class='ocrx_word' id='word_1_257' title='bbox 513 4481 581 4558; x_wconf 84' lang='lat' dir='ltr'><strong>per</strong></span> <span class='ocrx_word' id='word_1_258' title='bbox 588 4453 845 4558; x_wconf 88' lang='lat' dir='ltr'><strong>juramentum</strong></span> <span class='ocrx_word' id='word_1_259' title='bbox 857 4480 969 4529; x_wconf 87' lang='lat' dir='ltr'><strong>suurn</strong></span> <span class='ocrx_word' id='word_1_260' title='bbox 985 4453 1107 4558; x_wconf 90' lang='lat' dir='ltr'><strong>quod,</strong></span> <span class='ocrx_word' id='word_1_261' title='bbox 1126 4470 1212 4558; x_wconf 91' lang='lat' dir='ltr'><strong>post</strong></span> <span class='ocrx_word' id='word_1_262' title='bbox 1226 4453 1514 4558; x_wconf 87' lang='lat' dir='ltr'><strong>promissionem</strong></span> <span class='ocrx_word' id='word_1_263' title='bbox 1528 4453 1769 4532; x_wconf 84' lang='lat' dir='ltr'><strong>aheolactam</strong></span> 
     </span>
     <span class='ocr_line' id='line_1_30' title="bbox 346 4581 1772 4689; baseline 0.001 -31"><span class='ocrx_word' id='word_1_264' title='bbox 346 4581 393 4658; x_wconf 88' lang='lat' dir='ltr'><strong>de</strong></span> <span class='ocrx_word' id='word_1_265' title='bbox 413 4582 655 4660; x_wconf 86' lang='lat' dir='ltr'><strong>observandis</strong></span> <span class='ocrx_word' id='word_1_266' title='bbox 674 4584 821 4660; x_wconf 82' lang='lat' dir='ltr'><strong>statutis</strong></span> <span class='ocrx_word' id='word_1_267' title='bbox 837 4600 875 4660; x_wconf 91' lang='lat' dir='ltr'><strong>et</strong></span> <span class='ocrx_word' id='word_1_268' title='bbox 894 4584 1045 4660; x_wconf 87' lang='lat' dir='ltr'><strong>secretis</strong></span> <span class='ocrx_word' id='word_1_269' title='bbox 1065 4582 1223 4670; x_wconf 86' lang='lat' dir='ltr'><strong>ordinis,</strong></span> <span class='ocrx_word' id='word_1_270' title='bbox 1245 4583 1315 4676; x_wconf 83' lang='lat' dir='ltr'><strong>luit</strong></span> <span class='ocrx_word' id='word_1_271' title='bbox 1335 4583 1404 4660; x_wconf 91' lang='lat' dir='ltr'><strong>sihi</strong></span> <span class='ocrx_word' id='word_1_272' title='bbox 1429 4585 1593 4689; x_wconf 91' lang='lat' dir='ltr'><strong>positum</strong></span> <span class='ocrx_word' id='word_1_273' title='bbox 1615 4584 1772 4662; x_wconf 87' lang='lat' dir='ltr'><strong>mantel·</strong></span> 
     </span>
     <span class='ocr_line' id='line_1_31' title="bbox 345 4711 1769 4822; baseline 0.002 -35"><span class='ocrx_word' id='word_1_274' title='bbox 345 4711 423 4788; x_wconf 91' lang='lat' dir='ltr'><strong>lum</strong></span> <span class='ocrx_word' id='word_1_275' title='bbox 438 4714 485 4790; x_wconf 89' lang='lat' dir='ltr'><strong>ad</strong></span> <span class='ocrx_word' id='word_1_276' title='bbox 495 4712 632 4791; x_wconf 92' lang='lat' dir='ltr'><strong>collum</strong></span> <span class='ocrx_word' id='word_1_277' title='bbox 642 4773 651 4803; x_wconf 95' lang='lat'><strong>,</strong></span> <span class='ocrx_word' id='word_1_278' title='bbox 662 4729 699 4790; x_wconf 88' lang='lat' dir='ltr'><strong>et</strong></span> <span class='ocrx_word' id='word_1_279' title='bbox 708 4712 895 4819; x_wconf 86' lang='lat' dir='ltr'><strong>preposita</strong></span> <span class='ocrx_word' id='word_1_280' title='bbox 908 4713 978 4789; x_wconf 92' lang='lat' dir='ltr'><strong>sibi</strong></span> <span class='ocrx_word' id='word_1_281' title='bbox 992 4741 1100 4790; x_wconf 90' lang='lat' dir='ltr'><strong>cruce</strong></span> <span class='ocrx_word' id='word_1_282' title='bbox 1114 4713 1153 4788; x_wconf 95' lang='lat' dir='ltr'><strong>in</strong></span> <span class='ocrx_word' id='word_1_283' title='bbox 1169 4742 1242 4819; x_wconf 91' lang='lat' dir='ltr'><strong>qua</strong></span> <span class='ocrx_word' id='word_1_284' title='bbox 1253 4731 1330 4790; x_wconf 90' lang='lat' dir='ltr'><strong>erat</strong></span> <span class='ocrx_word' id='word_1_285' title='bbox 1341 4743 1472 4822; x_wconf 83' lang='lat' dir='ltr'><strong>ymago</strong></span> <span class='ocrx_word' id='word_1_286' title='bbox 1484 4715 1602 4792; x_wconf 86' lang='lat' dir='ltr'><strong>lhesu</strong></span> <span class='ocrx_word' id='word_1_287' title='bbox 1615 4714 1769 4802; x_wconf 89' lang='lat' dir='ltr'><strong>Christi,</strong></span> 
     </span>
     <span class='ocr_line' id='line_1_32' title="bbox 345 4842 1768 4953; baseline 0.002 -34"><span class='ocrx_word' id='word_1_288' title='bbox 345 4843 529 4950; x_wconf 82' lang='lat' dir='ltr'><strong>recipiens</strong></span> <span class='ocrx_word' id='word_1_289' title='bbox 546 4845 677 4949; x_wconf 78' lang='lat' dir='ltr'><strong>petivit</strong></span> <span class='ocrx_word' id='word_1_290' title='bbox 691 4843 737 4921; x_wconf 89' lang='lat' dir='ltr'><strong>ab</strong></span> <span class='ocrx_word' id='word_1_291' title='bbox 761 4871 806 4922; x_wconf 89' lang='lat' dir='ltr'><strong>eo</strong></span> <span class='ocrx_word' id='word_1_292' title='bbox 825 4861 952 4920; x_wconf 87' lang='lat' dir='ltr'><strong>utrum</strong></span> <span class='ocrx_word' id='word_1_293' title='bbox 973 4842 1145 4920; x_wconf 88' lang='lat' dir='ltr'><strong>crederet·</strong></span> <span class='ocrx_word' id='word_1_294' title='bbox 1159 4843 1197 4920; x_wconf 88' lang='lat' dir='ltr'><strong>in</strong></span> <span class='ocrx_word' id='word_1_295' title='bbox 1220 4873 1307 4920; x_wconf 91' lang='lat' dir='ltr'><strong>eum</strong></span> <span class='ocrx_word' id='word_1_296' title='bbox 1327 4844 1434 4951; x_wconf 88' lang='lat' dir='ltr'><strong>cujus</strong></span> <span class='ocrx_word' id='word_1_297' title='bbox 1451 4873 1584 4953; x_wconf 87' lang='lat' dir='ltr'><strong>ymago</strong></span> <span class='ocrx_word' id='word_1_298' title='bbox 1602 4862 1681 4922; x_wconf 85' lang='lat' dir='ltr'><strong>erat</strong></span> <span class='ocrx_word' id='word_1_299' title='bbox 1700 4844 1768 4923; x_wconf 82' lang='lat' dir='ltr'><strong>ihi,</strong></span> 
     </span>
    </p>
   </div>
   <div class='ocr_carea' id='block_1_5' title="bbox 0 0 2126 5890">
    <p class='ocr_par' dir='ltr' id='par_1_5' title="bbox 0 0 2126 5890">
     <span class='ocr_line' id='line_1_33' title="bbox 0 0 2126 5890; baseline 0 0"><span class='ocrx_word' id='word_1_300' title='bbox 0 0 2126 5890; x_wconf 95' lang='lat' dir='ltr'><strong> </strong></span> 
     </span>
    </p>
   </div>
  </div>
 </body>
</html>
