<?xml version="1.0" encoding="UTF-8"?>
<!DOCTYPE html PUBLIC "-//W3C//DTD XHTML 1.0 Transitional//EN"
    "http://www.w3.org/TR/xhtml1/DTD/xhtml1-transitional.dtd">
<html xmlns="http://www.w3.org/1999/xhtml" xml:lang="en" lang="en">
 <head>
  <title>
</title>
<meta http-equiv="Content-Type" content="text/html;charset=utf-8" />
  <meta name='ocr-system' content='tesseract 3.04.00' />
  <meta name='ocr-capabilities' content='ocr_page ocr_carea ocr_par ocr_line ocrx_word'/>
</head>
<body>
  <div class='ocr_page' id='page_1' title='image "./procsdestemplie03defegoog/procsdestemplie03defegoog_0513.png"; bbox 0 0 4202 5876; ppageno 0'>
   <div class='ocr_carea' id='block_1_1' title="bbox 657 507 1696 600">
    <p class='ocr_par' dir='ltr' id='par_1_1' title="bbox 657 507 1696 600">
     <span class='ocr_line' id='line_1_1' title="bbox 657 507 1696 600; baseline -0.002 -2"><span class='ocrx_word' id='word_1_1' title='bbox 657 507 855 600; x_wconf 78' lang='lat' dir='ltr'>enocss</span> <span class='ocrx_word' id='word_1_2' title='bbox 881 525 977 597; x_wconf 87' lang='lat' dir='ltr'>uss</span> <span class='ocrx_word' id='word_1_3' title='bbox 1003 523 1303 597; x_wconf 80' lang='lat' dir='ltr'>rnursrsns.</span> <span class='ocrx_word' id='word_1_4' title='bbox 1623 523 1696 596; x_wconf 79' lang='lat' dir='ltr'>aas</span> 
     </span>
    </p>
   </div>
   <div class='ocr_carea' id='block_1_2' title="bbox 168 663 1701 2472">
    <p class='ocr_par' dir='ltr' id='par_1_2' title="bbox 267 663 1698 1038">
     <span class='ocr_line' id='line_1_2' title="bbox 267 663 1698 775; baseline -0.005 -31"><span class='ocrx_word' id='word_1_5' title='bbox 267 667 393 774; x_wconf 90' lang='lat' dir='ltr'>tingit,</span> <span class='ocrx_word' id='word_1_6' title='bbox 417 667 506 744; x_wconf 87' lang='lat' dir='ltr'>alias</span> <span class='ocrx_word' id='word_1_7' title='bbox 525 666 698 744; x_wconf 78' lang='lat' dir='ltr'>cordulae</span> <span class='ocrx_word' id='word_1_8' title='bbox 717 669 906 774; x_wconf 91' lang='lat' dir='ltr'>recipiunt</span> <span class='ocrx_word' id='word_1_9' title='bbox 926 667 1097 775; x_wconf 90' lang='lat' dir='ltr'>ejusdem</span> <span class='ocrx_word' id='word_1_10' title='bbox 1107 664 1351 772; x_wconf 86' lang='lat' dir='ltr'>longitudinis</span> <span class='ocrx_word' id='word_1_11' title='bbox 1365 663 1422 740; x_wconf 86' lang='lat' dir='ltr'>vel</span> <span class='ocrx_word' id='word_1_12' title='bbox 1435 663 1585 742; x_wconf 90' lang='lat' dir='ltr'>alterius</span> <span class='ocrx_word' id='word_1_13' title='bbox 1605 665 1698 742; x_wconf 83' lang='lat' dir='ltr'>sicut</span> 
     </span>
     <span class='ocr_line' id='line_1_3' title="bbox 267 795 1696 906; baseline -0.002 -30"><span class='ocrx_word' id='word_1_14' title='bbox 267 797 404 904; x_wconf 79' lang='lat' dir='ltr'>placet3</span> <span class='ocrx_word' id='word_1_15' title='bbox 426 827 497 876; x_wconf 88' lang='lat' dir='ltr'>nec</span> <span class='ocrx_word' id='word_1_16' title='bbox 517 799 570 876; x_wconf 89' lang='lat' dir='ltr'>cis</span> <span class='ocrx_word' id='word_1_17' title='bbox 589 816 810 906; x_wconf 80' lang='lat' dir='ltr'>preceptum</span> <span class='ocrx_word' id='word_1_18' title='bbox 827 797 873 876; x_wconf 90' lang='lat' dir='ltr'>fit</span> <span class='ocrx_word' id='word_1_19' title='bbox 892 798 939 876; x_wconf 87' lang='lat' dir='ltr'>ab</span> <span class='ocrx_word' id='word_1_20' title='bbox 956 797 1082 905; x_wconf 84' lang='lat' dir='ltr'>aliquo</span> <span class='ocrx_word' id='word_1_21' title='bbox 1099 798 1138 874; x_wconf 91' lang='lat' dir='ltr'>in</span> <span class='ocrx_word' id='word_1_22' title='bbox 1156 798 1258 876; x_wconf 87' lang='lat' dir='ltr'>dicto</span> <span class='ocrx_word' id='word_1_23' title='bbox 1279 795 1410 874; x_wconf 84' lang='lat' dir='ltr'>ordine</span> <span class='ocrx_word' id='word_1_24' title='bbox 1426 796 1641 901; x_wconf 73' lang='lat' dir='ltr'>presidente</span> <span class='ocrx_word' id='word_1_25' title='bbox 1657 816 1696 874; x_wconf 90' lang='lat' dir='ltr'>ut</span> 
     </span>
     <span class='ocr_line' id='line_1_4' title="bbox 268 926 1667 1038; baseline -0.001 -32"><span class='ocrx_word' id='word_1_26' title='bbox 268 930 315 1006; x_wconf 90' lang='lat' dir='ltr'>ad</span> <span class='ocrx_word' id='word_1_27' title='bbox 331 948 470 1008; x_wconf 88' lang='lat' dir='ltr'>certam</span> <span class='ocrx_word' id='word_1_28' title='bbox 486 931 761 1038; x_wconf 79' lang='lat' dir='ltr'>longitudinem</span> <span class='ocrx_word' id='word_1_29' title='bbox 780 929 837 1008; x_wconf 89' lang='lat' dir='ltr'>vel</span> <span class='ocrx_word' id='word_1_30' title='bbox 855 958 1070 1008; x_wconf 88' lang='lat' dir='ltr'>mensuram</span> <span class='ocrx_word' id='word_1_31' title='bbox 1090 947 1243 1035; x_wconf 88' lang='lat' dir='ltr'>portent</span> <span class='ocrx_word' id='word_1_32' title='bbox 1263 926 1435 1006; x_wconf 79' lang='lat' dir='ltr'>cordulae</span> <span class='ocrx_word' id='word_1_33' title='bbox 1455 927 1667 1004; x_wconf 86' lang='lat' dir='ltr'>antedictas.</span> 
     </span>
    </p>

    <p class='ocr_par' dir='ltr' id='par_1_3' title="bbox 267 1056 1700 1554">
     <span class='ocr_line' id='line_1_5' title="bbox 323 1056 1697 1168; baseline -0.001 -33"><span class='ocrx_word' id='word_1_34' title='bbox 323 1059 481 1138; x_wconf 83' lang='lat' dir='ltr'>Addidit</span> <span class='ocrx_word' id='word_1_35' title='bbox 501 1091 652 1167; x_wconf 90' lang='lat' dir='ltr'>quoque</span> <span class='ocrx_word' id='word_1_36' title='bbox 676 1079 713 1139; x_wconf 90' lang='lat' dir='ltr'>et</span> <span class='ocrx_word' id='word_1_37' title='bbox 741 1061 833 1138; x_wconf 88' lang='lat' dir='ltr'>dixit</span> <span class='ocrx_word' id='word_1_38' title='bbox 854 1061 958 1167; x_wconf 88' lang='lat' dir='ltr'>quod</span> <span class='ocrx_word' id='word_1_39' title='bbox 978 1057 1040 1136; x_wconf 91' lang='lat' dir='ltr'>illa</span> <span class='ocrx_word' id='word_1_40' title='bbox 1061 1089 1135 1168; x_wconf 92' lang='lat' dir='ltr'>que</span> <span class='ocrx_word' id='word_1_41' title='bbox 1156 1076 1319 1166; x_wconf 87' lang='lat' dir='ltr'>aguntur</span> <span class='ocrx_word' id='word_1_42' title='bbox 1339 1075 1375 1133; x_wconf 89' lang='lat' dir='ltr'>et</span> <span class='ocrx_word' id='word_1_43' title='bbox 1390 1056 1485 1133; x_wconf 87' lang='lat' dir='ltr'>liunt</span> <span class='ocrx_word' id='word_1_44' title='bbox 1505 1059 1543 1132; x_wconf 92' lang='lat' dir='ltr'>in</span> <span class='ocrx_word' id='word_1_45' title='bbox 1566 1087 1697 1135; x_wconf 87' lang='lat' dir='ltr'>eorum</span> 
     </span>
     <span class='ocr_line' id='line_1_6' title="bbox 268 1189 1698 1298; baseline -0.003 -28"><span class='ocrx_word' id='word_1_46' title='bbox 268 1191 442 1298; x_wconf 82' lang='lat' dir='ltr'>capitulis</span> <span class='ocrx_word' id='word_1_47' title='bbox 461 1191 601 1270; x_wconf 88' lang='lat' dir='ltr'>debent</span> <span class='ocrx_word' id='word_1_48' title='bbox 615 1209 653 1268; x_wconf 89' lang='lat' dir='ltr'>et</span> <span class='ocrx_word' id='word_1_49' title='bbox 666 1210 844 1269; x_wconf 88' lang='lat' dir='ltr'>tenentur</span> <span class='ocrx_word' id='word_1_50' title='bbox 863 1193 901 1268; x_wconf 90' lang='lat' dir='ltr'>in</span> <span class='ocrx_word' id='word_1_51' title='bbox 923 1208 1067 1268; x_wconf 90' lang='lat' dir='ltr'>secreto</span> <span class='ocrx_word' id='word_1_52' title='bbox 1087 1189 1243 1278; x_wconf 86' lang='lat' dir='ltr'>habere,</span> <span class='ocrx_word' id='word_1_53' title='bbox 1265 1206 1394 1266; x_wconf 89' lang='lat' dir='ltr'>tenere</span> <span class='ocrx_word' id='word_1_54' title='bbox 1415 1207 1452 1264; x_wconf 89' lang='lat' dir='ltr'>et</span> <span class='ocrx_word' id='word_1_55' title='bbox 1468 1189 1609 1264; x_wconf 89' lang='lat' dir='ltr'>nemini</span> <span class='ocrx_word' id='word_1_56' title='bbox 1630 1219 1698 1295; x_wconf 90' lang='lat' dir='ltr'>pu·</span> 
     </span>
     <span class='ocr_line' id='line_1_7' title="bbox 267 1319 1700 1425; baseline -0.002 -26"><span class='ocrx_word' id='word_1_57' title='bbox 267 1323 569 1425; x_wconf 81' lang='lat' dir='ltr'>blicare3penam</span> <span class='ocrx_word' id='word_1_58' title='bbox 591 1337 715 1396; x_wconf 89' lang='lat' dir='ltr'>autem</span> <span class='ocrx_word' id='word_1_59' title='bbox 735 1323 799 1424; x_wconf 90' lang='lat' dir='ltr'>qui</span> <span class='ocrx_word' id='word_1_60' title='bbox 821 1338 949 1399; x_wconf 85' lang='lat' dir='ltr'>contra</span> <span class='ocrx_word' id='word_1_61' title='bbox 964 1321 1119 1408; x_wconf 85' lang='lat' dir='ltr'>laceret,</span> <span class='ocrx_word' id='word_1_62' title='bbox 1137 1320 1356 1409; x_wconf 81' lang='lat' dir='ltr'>sustineret,</span> <span class='ocrx_word' id='word_1_63' title='bbox 1378 1319 1465 1425; x_wconf 90' lang='lat' dir='ltr'>quia</span> <span class='ocrx_word' id='word_1_64' title='bbox 1487 1319 1700 1396; x_wconf 83' lang='lat' dir='ltr'>amitterent</span> 
     </span>
     <span class='ocr_line' id='line_1_8' title="bbox 268 1449 761 1554; baseline 0 -28"><span class='ocrx_word' id='word_1_65' title='bbox 268 1451 425 1528; x_wconf 91' lang='lat' dir='ltr'>comoda</span> <span class='ocrx_word' id='word_1_66' title='bbox 448 1451 583 1528; x_wconf 90' lang='lat' dir='ltr'>domus</span> <span class='ocrx_word' id='word_1_67' title='bbox 601 1449 761 1554; x_wconf 88' lang='lat' dir='ltr'>Templi.</span> 
     </span>
    </p>

    <p class='ocr_par' dir='ltr' id='par_1_4' title="bbox 168 1577 1701 2472">
     <span class='ocr_line' id='line_1_9' title="bbox 324 1577 1699 1687; baseline -0.001 -29"><span class='ocrx_word' id='word_1_68' title='bbox 324 1584 417 1659; x_wconf 89' lang='lat' dir='ltr'>ltem</span> <span class='ocrx_word' id='word_1_69' title='bbox 439 1583 531 1658; x_wconf 82' lang='lat' dir='ltr'>dixit</span> <span class='ocrx_word' id='word_1_70' title='bbox 550 1581 655 1687; x_wconf 90' lang='lat' dir='ltr'>quod</span> <span class='ocrx_word' id='word_1_71' title='bbox 675 1581 722 1657; x_wconf 93' lang='lat' dir='ltr'>de</span> <span class='ocrx_word' id='word_1_72' title='bbox 744 1580 816 1656; x_wconf 91' lang='lat' dir='ltr'>hiis</span> <span class='ocrx_word' id='word_1_73' title='bbox 837 1607 912 1686; x_wconf 87' lang='lat' dir='ltr'>que</span> <span class='ocrx_word' id='word_1_74' title='bbox 933 1596 1011 1657; x_wconf 86' lang='lat' dir='ltr'>acta</span> <span class='ocrx_word' id='word_1_75' title='bbox 1032 1596 1120 1658; x_wconf 91' lang='lat' dir='ltr'>sunt</span> <span class='ocrx_word' id='word_1_76' title='bbox 1139 1579 1214 1654; x_wconf 84' lang='lat' dir='ltr'>sire</span> <span class='ocrx_word' id='word_1_77' title='bbox 1236 1578 1333 1654; x_wconf 90' lang='lat' dir='ltr'>dicta</span> <span class='ocrx_word' id='word_1_78' title='bbox 1353 1577 1391 1654; x_wconf 91' lang='lat' dir='ltr'>in</span> <span class='ocrx_word' id='word_1_79' title='bbox 1411 1578 1583 1684; x_wconf 78' lang='lat' dir='ltr'>capitulis</span> <span class='ocrx_word' id='word_1_80' title='bbox 1602 1581 1699 1686; x_wconf 86' lang='lat' dir='ltr'>ejus·</span> 
     </span>
     <span class='ocr_line' id='line_1_10' title="bbox 270 1706 1701 1817; baseline 0 -29"><span class='ocrx_word' id='word_1_81' title='bbox 270 1712 356 1789; x_wconf 89' lang='lat' dir='ltr'>dem</span> <span class='ocrx_word' id='word_1_82' title='bbox 377 1713 522 1790; x_wconf 87' lang='lat' dir='ltr'>ordinis</span> <span class='ocrx_word' id='word_1_83' title='bbox 540 1739 616 1789; x_wconf 91' lang='lat' dir='ltr'>non</span> <span class='ocrx_word' id='word_1_84' title='bbox 643 1711 732 1787; x_wconf 92' lang='lat' dir='ltr'>lieet</span> <span class='ocrx_word' id='word_1_85' title='bbox 758 1711 931 1817; x_wconf 87' lang='lat' dir='ltr'>cuiquam</span> <span class='ocrx_word' id='word_1_86' title='bbox 959 1739 1091 1788; x_wconf 90' lang='lat' dir='ltr'>eorum</span> <span class='ocrx_word' id='word_1_87' title='bbox 1117 1708 1222 1816; x_wconf 93' lang='lat' dir='ltr'>loqui</span> <span class='ocrx_word' id='word_1_88' title='bbox 1245 1707 1414 1815; x_wconf 91' lang='lat' dir='ltr'>personis</span> <span class='ocrx_word' id='word_1_89' title='bbox 1441 1706 1524 1786; x_wconf 88' lang='lat' dir='ltr'>aliis</span> <span class='ocrx_word' id='word_1_90' title='bbox 1545 1738 1701 1814; x_wconf 90' lang='lat' dir='ltr'>prorsus</span> 
     </span>
     <span class='ocr_line' id='line_1_11' title="bbox 168 1829 1700 1948; baseline 0 -30"><span class='ocrx_word' id='word_1_91' title='bbox 168 1829 173 1842; x_wconf 51' lang='lat'><strong>¹</strong></span> <span class='ocrx_word' id='word_1_92' title='bbox 270 1845 469 1932; x_wconf 86' lang='lat' dir='ltr'>extraneis,</span> <span class='ocrx_word' id='word_1_93' title='bbox 498 1870 567 1920; x_wconf 90' lang='lat' dir='ltr'>nec</span> <span class='ocrx_word' id='word_1_94' title='bbox 593 1843 664 1919; x_wconf 88' lang='lat' dir='ltr'>nisi</span> <span class='ocrx_word' id='word_1_95' title='bbox 690 1842 939 1920; x_wconf 76' lang='lat' dir='ltr'>confratribus</span> <span class='ocrx_word' id='word_1_96' title='bbox 962 1842 1028 1948; x_wconf 90' lang='lat' dir='ltr'>qui</span> <span class='ocrx_word' id='word_1_97' title='bbox 1055 1839 1163 1918; x_wconf 89' lang='lat' dir='ltr'>dietis</span> <span class='ocrx_word' id='word_1_98' title='bbox 1188 1839 1356 1947; x_wconf 89' lang='lat' dir='ltr'>capitulis</span> <span class='ocrx_word' id='word_1_99' title='bbox 1383 1839 1583 1918; x_wconf 80' lang='lat' dir='ltr'>affuerunt.</span> <span class='ocrx_word' id='word_1_100' title='bbox 1611 1843 1700 1918; x_wconf 89' lang='lat' dir='ltr'>Plus</span> 
     </span>
     <span class='ocr_line' id='line_1_12' title="bbox 270 1970 1701 2078; baseline -0.002 -28"><span class='ocrx_word' id='word_1_101' title='bbox 270 1974 386 2050; x_wconf 88' lang='lat' dir='ltr'>eciam</span> <span class='ocrx_word' id='word_1_102' title='bbox 404 1973 507 2050; x_wconf 88' lang='lat' dir='ltr'>idem</span> <span class='ocrx_word' id='word_1_103' title='bbox 528 1971 641 2050; x_wconf 82' lang='lat' dir='ltr'>frater</span> <span class='ocrx_word' id='word_1_104' title='bbox 665 1973 758 2050; x_wconf 84' lang='lat' dir='ltr'>dixit</span> <span class='ocrx_word' id='word_1_105' title='bbox 777 1973 880 2078; x_wconf 90' lang='lat' dir='ltr'>quod</span> <span class='ocrx_word' id='word_1_106' title='bbox 900 1971 1031 2049; x_wconf 88' lang='lat' dir='ltr'>fratres</span> <span class='ocrx_word' id='word_1_107' title='bbox 1051 1970 1140 2048; x_wconf 88' lang='lat' dir='ltr'>dicti</span> <span class='ocrx_word' id='word_1_108' title='bbox 1162 1971 1305 2048; x_wconf 91' lang='lat' dir='ltr'>ordinis</span> <span class='ocrx_word' id='word_1_109' title='bbox 1323 1999 1389 2048; x_wconf 89' lang='lat' dir='ltr'>sua</span> <span class='ocrx_word' id='word_1_110' title='bbox 1408 1990 1566 2078; x_wconf 88' lang='lat' dir='ltr'>possunt</span> <span class='ocrx_word' id='word_1_111' title='bbox 1585 1971 1701 2050; x_wconf 86' lang='lat' dir='ltr'>confi-</span> 
     </span>
     <span class='ocr_line' id='line_1_13' title="bbox 268 2099 1698 2211; baseline -0.001 -31"><span class='ocrx_word' id='word_1_112' title='bbox 268 2103 339 2181; x_wconf 89' lang='lat' dir='ltr'>teri</span> <span class='ocrx_word' id='word_1_113' title='bbox 358 2121 507 2210; x_wconf 86' lang='lat' dir='ltr'>peccata</span> <span class='ocrx_word' id='word_1_114' title='bbox 531 2102 708 2180; x_wconf 86' lang='lat' dir='ltr'>fratribus</span> <span class='ocrx_word' id='word_1_115' title='bbox 728 2102 898 2211; x_wconf 89' lang='lat' dir='ltr'>ejusdem</span> <span class='ocrx_word' id='word_1_116' title='bbox 919 2102 1065 2180; x_wconf 88' lang='lat' dir='ltr'>ordinis</span> <span class='ocrx_word' id='word_1_117' title='bbox 1087 2101 1305 2208; x_wconf 90' lang='lat' dir='ltr'>presbiteris</span> <span class='ocrx_word' id='word_1_118' title='bbox 1331 2099 1542 2206; x_wconf 89' lang='lat' dir='ltr'>capellanis,</span> <span class='ocrx_word' id='word_1_119' title='bbox 1570 2102 1698 2208; x_wconf 88' lang='lat' dir='ltr'>eisque</span> 
     </span>
     <span class='ocr_line' id='line_1_14' title="bbox 271 2229 1699 2341; baseline -0.001 -31"><span class='ocrx_word' id='word_1_120' title='bbox 271 2233 548 2323; x_wconf 88' lang='lat' dir='ltr'>deficientibus,</span> <span class='ocrx_word' id='word_1_121' title='bbox 571 2250 727 2338; x_wconf 87' lang='lat' dir='ltr'>possunt</span> <span class='ocrx_word' id='word_1_122' title='bbox 751 2233 909 2310; x_wconf 88' lang='lat' dir='ltr'>licenter</span> <span class='ocrx_word' id='word_1_123' title='bbox 934 2232 1036 2310; x_wconf 88' lang='lat' dir='ltr'>adire</span> <span class='ocrx_word' id='word_1_124' title='bbox 1060 2231 1254 2341; x_wconf 88' lang='lat' dir='ltr'>religiosos</span> <span class='ocrx_word' id='word_1_125' title='bbox 1279 2229 1466 2337; x_wconf 88' lang='lat' dir='ltr'>quoslibet</span> <span class='ocrx_word' id='word_1_126' title='bbox 1490 2231 1699 2309; x_wconf 88' lang='lat' dir='ltr'>sacerdotes</span> 
     </span>
     <span class='ocr_line' id='line_1_15' title="bbox 270 2361 1698 2472; baseline 0 -32"><span class='ocrx_word' id='word_1_127' title='bbox 270 2365 472 2471; x_wconf 86' lang='lat' dir='ltr'>approbate</span> <span class='ocrx_word' id='word_1_128' title='bbox 492 2363 699 2472; x_wconf 81' lang='lat' dir='ltr'>religionis,</span> <span class='ocrx_word' id='word_1_129' title='bbox 720 2365 778 2441; x_wconf 87' lang='lat' dir='ltr'>rel</span> <span class='ocrx_word' id='word_1_130' title='bbox 798 2365 829 2441; x_wconf 90' lang='lat' dir='ltr'>si</span> <span class='ocrx_word' id='word_1_131' title='bbox 849 2362 995 2454; x_wconf 82' lang='lat' dir='ltr'>malint,</span> <span class='ocrx_word' id='word_1_132' title='bbox 1020 2361 1201 2440; x_wconf 88' lang='lat' dir='ltr'>seculares</span> <span class='ocrx_word' id='word_1_133' title='bbox 1221 2363 1312 2438; x_wconf 88' lang='lat' dir='ltr'>alios</span> <span class='ocrx_word' id='word_1_134' title='bbox 1327 2361 1536 2439; x_wconf 88' lang='lat' dir='ltr'>sacerdotes</span> <span class='ocrx_word' id='word_1_135' title='bbox 1556 2361 1698 2440; x_wconf 89' lang='lat' dir='ltr'>ordinis</span> 
     </span>
    </p>
   </div>
   <div class='ocr_carea' id='block_1_3' title="bbox 238 2493 1698 2725">
    <p class='ocr_par' dir='ltr' id='par_1_5' title="bbox 238 2493 1698 2725">
     <span class='ocr_line' id='line_1_16' title="bbox 269 2493 1696 2602; baseline -0.001 -31"><span class='ocrx_word' id='word_1_136' title='bbox 269 2495 549 2602; x_wconf 90' lang='lat' dir='ltr'>presbiteralem</span> <span class='ocrx_word' id='word_1_137' title='bbox 564 2495 828 2572; x_wconf 77' lang='lat' dir='ltr'>excensionem</span> <span class='ocrx_word' id='word_1_138' title='bbox 839 2493 1036 2583; x_wconf 87' lang='lat' dir='ltr'>habentes,</span> <span class='ocrx_word' id='word_1_139' title='bbox 1050 2493 1190 2600; x_wconf 83' lang='lat' dir='ltr'>quibus</span> <span class='ocrx_word' id='word_1_140' title='bbox 1204 2521 1270 2570; x_wconf 86' lang='lat' dir='ltr'>sua</span> <span class='ocrx_word' id='word_1_141' title='bbox 1283 2493 1528 2569; x_wconf 84' lang='lat' dir='ltr'>confiteantur</span> <span class='ocrx_word' id='word_1_142' title='bbox 1535 2510 1696 2598; x_wconf 86' lang='lat' dir='ltr'>peccata,</span> 
     </span>
     <span class='ocr_line' id='line_1_17' title="bbox 238 2618 1698 2725; baseline -0.003 -23"><span class='ocrx_word' id='word_1_143' title='bbox 238 2687 241 2693; x_wconf 91' lang='lat'><em>.</em></span> <span class='ocrx_word' id='word_1_144' title='bbox 271 2644 308 2703; x_wconf 91' lang='lat' dir='ltr'>et</span> <span class='ocrx_word' id='word_1_145' title='bbox 323 2626 369 2703; x_wconf 85' lang='lat' dir='ltr'>ab</span> <span class='ocrx_word' id='word_1_146' title='bbox 390 2627 444 2703; x_wconf 92' lang='lat' dir='ltr'>eis</span> <span class='ocrx_word' id='word_1_147' title='bbox 465 2627 513 2702; x_wconf 90' lang='lat' dir='ltr'>de</span> <span class='ocrx_word' id='word_1_148' title='bbox 530 2653 614 2702; x_wconf 83' lang='lat' dir='ltr'>vere</span> <span class='ocrx_word' id='word_1_149' title='bbox 631 2624 809 2698; x_wconf 78' lang='lat' dir='ltr'>confessis</span> <span class='ocrx_word' id='word_1_150' title='bbox 828 2625 1009 2725; x_wconf 81' lang='lat' dir='ltr'>recipiant</span> <span class='ocrx_word' id='word_1_151' title='bbox 1023 2618 1255 2725; x_wconf 86' lang='lat' dir='ltr'>penitencias</span> <span class='ocrx_word' id='word_1_152' title='bbox 1272 2621 1464 2696; x_wconf 88' lang='lat' dir='ltr'>salutares.</span> <span class='ocrx_word' id='word_1_153' title='bbox 1480 2621 1537 2695; x_wconf 89' lang='lat' dir='ltr'>Ad</span> <span class='ocrx_word' id='word_1_154' title='bbox 1554 2649 1698 2698; x_wconf 88' lang='lat' dir='ltr'>cavero</span> 
     </span>
    </p>
   </div>
   <div class='ocr_carea' id='block_1_4' title="bbox 253 2749 1698 4022">
    <p class='ocr_par' dir='ltr' id='par_1_6' title="bbox 253 2749 1698 4022">
     <span class='ocr_line' id='line_1_18' title="bbox 270 2749 1696 2858; baseline 0.001 -31"><span class='ocrx_word' id='word_1_155' title='bbox 270 2779 344 2858; x_wconf 92' lang='lat' dir='ltr'>que</span> <span class='ocrx_word' id='word_1_156' title='bbox 359 2753 399 2828; x_wconf 91' lang='lat' dir='ltr'>in</span> <span class='ocrx_word' id='word_1_157' title='bbox 413 2750 578 2828; x_wconf 85' lang='lat' dir='ltr'>articulis</span> <span class='ocrx_word' id='word_1_158' title='bbox 595 2752 836 2828; x_wconf 89' lang='lat' dir='ltr'>continentur</span> <span class='ocrx_word' id='word_1_159' title='bbox 854 2751 960 2857; x_wconf 91' lang='lat' dir='ltr'>quod</span> <span class='ocrx_word' id='word_1_160' title='bbox 975 2751 1134 2858; x_wconf 88' lang='lat' dir='ltr'>majores</span> <span class='ocrx_word' id='word_1_161' title='bbox 1152 2767 1188 2828; x_wconf 90' lang='lat' dir='ltr'>et</span> <span class='ocrx_word' id='word_1_162' title='bbox 1203 2749 1436 2856; x_wconf 85' lang='lat' dir='ltr'>presidentes</span> <span class='ocrx_word' id='word_1_163' title='bbox 1451 2751 1593 2828; x_wconf 87' lang='lat' dir='ltr'>ordinis</span> <span class='ocrx_word' id='word_1_164' title='bbox 1608 2753 1696 2830; x_wconf 90' lang='lat' dir='ltr'>dieti</span> 
     </span>
     <span class='ocr_line' id='line_1_19' title="bbox 268 2880 1698 2988; baseline 0.003 -31"><span class='ocrx_word' id='word_1_165' title='bbox 268 2881 416 2986; x_wconf 87' lang='lat' dir='ltr'>Templi</span> <span class='ocrx_word' id='word_1_166' title='bbox 446 2882 605 2960; x_wconf 87' lang='lat' dir='ltr'>scientes</span> <span class='ocrx_word' id='word_1_167' title='bbox 628 2881 748 2959; x_wconf 88' lang='lat' dir='ltr'>dictos</span> <span class='ocrx_word' id='word_1_168' title='bbox 774 2909 921 2958; x_wconf 91' lang='lat' dir='ltr'>errores</span> <span class='ocrx_word' id='word_1_169' title='bbox 940 2880 998 2958; x_wconf 86' lang='lat' dir='ltr'>vel</span> <span class='ocrx_word' id='word_1_170' title='bbox 1026 2881 1170 2988; x_wconf 88' lang='lat' dir='ltr'>aliquos</span> <span class='ocrx_word' id='word_1_171' title='bbox 1191 2881 1238 2958; x_wconf 93' lang='lat' dir='ltr'>de</span> <span class='ocrx_word' id='word_1_172' title='bbox 1264 2881 1407 2958; x_wconf 87' lang='lat' dir='ltr'>eisdem</span> <span class='ocrx_word' id='word_1_173' title='bbox 1437 2909 1516 2958; x_wconf 91' lang='lat' dir='ltr'>esse</span> <span class='ocrx_word' id='word_1_174' title='bbox 1538 2883 1577 2958; x_wconf 93' lang='lat' dir='ltr'>iu</span> <span class='ocrx_word' id='word_1_175' title='bbox 1598 2883 1698 2961; x_wconf 89' lang='lat' dir='ltr'>dicto</span> 
     </span>
     <span class='ocr_line' id='line_1_20' title="bbox 253 3010 1698 3121; baseline 0.002 -33"><span class='ocrx_word' id='word_1_176' title='bbox 253 3012 402 3116; x_wconf 76' lang='lat' dir='ltr'>¹ordine</span> <span class='ocrx_word' id='word_1_177' title='bbox 422 3011 480 3088; x_wconf 86' lang='lat' dir='ltr'>vel</span> <span class='ocrx_word' id='word_1_178' title='bbox 499 3011 633 3099; x_wconf 87' lang='lat' dir='ltr'>fuisse,</span> <span class='ocrx_word' id='word_1_179' title='bbox 656 3012 833 3118; x_wconf 86' lang='lat' dir='ltr'>ipsosque</span> <span class='ocrx_word' id='word_1_180' title='bbox 854 3010 986 3088; x_wconf 83' lang='lat' dir='ltr'>fratres</span> <span class='ocrx_word' id='word_1_181' title='bbox 1013 3040 1135 3090; x_wconf 84' lang='lat' dir='ltr'>errare</span> <span class='ocrx_word' id='word_1_182' title='bbox 1155 3013 1316 3118; x_wconf 80' lang='lat' dir='ltr'>graviter</span> <span class='ocrx_word' id='word_1_183' title='bbox 1332 3013 1372 3088; x_wconf 92' lang='lat' dir='ltr'>in</span> <span class='ocrx_word' id='word_1_184' title='bbox 1392 3012 1536 3090; x_wconf 88' lang='lat' dir='ltr'>eisdem</span> <span class='ocrx_word' id='word_1_185' title='bbox 1558 3041 1698 3121; x_wconf 89' lang='lat' dir='ltr'>eosque</span> 
     </span>
     <span class='ocr_line' id='line_1_21' title="bbox 269 3141 1695 3250; baseline 0.003 -34"><span class='ocrx_word' id='word_1_186' title='bbox 269 3142 452 3248; x_wconf 86' lang='lat' dir='ltr'>corrigere</span> <span class='ocrx_word' id='word_1_187' title='bbox 481 3159 624 3219; x_wconf 89' lang='lat' dir='ltr'>temere</span> <span class='ocrx_word' id='word_1_188' title='bbox 655 3141 886 3250; x_wconf 89' lang='lat' dir='ltr'>negligentes</span> <span class='ocrx_word' id='word_1_189' title='bbox 914 3169 986 3217; x_wconf 90' lang='lat' dir='ltr'>nec</span> <span class='ocrx_word' id='word_1_190' title='bbox 1012 3143 1084 3219; x_wconf 88' lang='lat' dir='ltr'>Dei·</span> <span class='ocrx_word' id='word_1_191' title='bbox 1110 3142 1271 3219; x_wconf 89' lang='lat' dir='ltr'>Ecclesie</span> <span class='ocrx_word' id='word_1_192' title='bbox 1302 3141 1477 3219; x_wconf 89' lang='lat' dir='ltr'>nunciare</span> <span class='ocrx_word' id='word_1_193' title='bbox 1506 3164 1695 3234; x_wconf 85' lang='lat' dir='ltr'>curarunt,</span> 
     </span>
     <span class='ocr_line' id='line_1_22' title="bbox 268 3270 1696 3377; baseline 0.001 -29"><span class='ocrx_word' id='word_1_194' title='bbox 268 3273 462 3377; x_wconf 89' lang='lat' dir='ltr'>respondit</span> <span class='ocrx_word' id='word_1_195' title='bbox 474 3289 512 3370; x_wconf 76' lang='lat' dir='ltr'>et</span> <span class='ocrx_word' id='word_1_196' title='bbox 526 3271 618 3348; x_wconf 84' lang='lat' dir='ltr'>dixit</span> <span class='ocrx_word' id='word_1_197' title='bbox 632 3272 823 3377; x_wconf 88' lang='lat' dir='ltr'>predictos</span> <span class='ocrx_word' id='word_1_198' title='bbox 833 3298 979 3349; x_wconf 88' lang='lat' dir='ltr'>errores</span> <span class='ocrx_word' id='word_1_199' title='bbox 993 3299 1177 3377; x_wconf 90' lang='lat' dir='ltr'>nusquam</span> <span class='ocrx_word' id='word_1_200' title='bbox 1189 3270 1227 3346; x_wconf 90' lang='lat' dir='ltr'>in</span> <span class='ocrx_word' id='word_1_201' title='bbox 1240 3271 1339 3347; x_wconf 89' lang='lat' dir='ltr'>dicto</span> <span class='ocrx_word' id='word_1_202' title='bbox 1355 3272 1487 3348; x_wconf 88' lang='lat' dir='ltr'>ordine</span> <span class='ocrx_word' id='word_1_203' title='bbox 1503 3274 1696 3351; x_wconf 85' lang='lat' dir='ltr'>exordium</span> 
     </span>
     <span class='ocr_line' id='line_1_23' title="bbox 267 3400 1696 3508; baseline 0.001 -29"><span class='ocrx_word' id='word_1_204' title='bbox 267 3401 459 3491; x_wconf 88' lang='lat' dir='ltr'>habuisse,</span> <span class='ocrx_word' id='word_1_205' title='bbox 474 3431 544 3478; x_wconf 91' lang='lat' dir='ltr'>nec</span> <span class='ocrx_word' id='word_1_206' title='bbox 557 3400 716 3508; x_wconf 85' lang='lat' dir='ltr'>usquam</span> <span class='ocrx_word' id='word_1_207' title='bbox 731 3402 779 3478; x_wconf 92' lang='lat' dir='ltr'>de</span> <span class='ocrx_word' id='word_1_208' title='bbox 795 3403 849 3480; x_wconf 91' lang='lat' dir='ltr'>eis</span> <span class='ocrx_word' id='word_1_209' title='bbox 862 3403 1089 3479; x_wconf 87' lang='lat' dir='ltr'>montionem</span> <span class='ocrx_word' id='word_1_210' title='bbox 1105 3400 1268 3508; x_wconf 86' lang='lat' dir='ltr'>aliquam</span> <span class='ocrx_word' id='word_1_211' title='bbox 1282 3400 1442 3478; x_wconf 88' lang='lat' dir='ltr'>credidit</span> <span class='ocrx_word' id='word_1_212' title='bbox 1455 3400 1588 3478; x_wconf 87' lang='lat' dir='ltr'>factam</span> <span class='ocrx_word' id='word_1_213' title='bbox 1599 3431 1696 3494; x_wconf 70' lang='lat' dir='ltr'>esse,</span> 
     </span>
     <span class='ocr_line' id='line_1_24' title="bbox 269 3521 1698 3620; baseline -0.001 -11"><span class='ocrx_word' id='word_1_214' title='bbox 269 3533 465 3610; x_wconf 89' lang='lat' dir='ltr'>etidcirco</span> <span class='ocrx_word' id='word_1_215' title='bbox 483 3561 553 3610; x_wconf 89' lang='lat' dir='ltr'>nec</span> <span class='ocrx_word' id='word_1_216' title='bbox 571 3532 675 3610; x_wconf 91' lang='lat' dir='ltr'>locus</span> <span class='ocrx_word' id='word_1_217' title='bbox 695 3534 921 3610; x_wconf 88' lang='lat' dir='ltr'>correceioni</span> <span class='ocrx_word' id='word_1_218' title='bbox 950 3531 1023 3609; x_wconf 88' lang='lat' dir='ltr'>fuit</span> <span class='ocrx_word' id='word_1_219' title='bbox 1043 3533 1230 3610; x_wconf 89' lang='lat' dir='ltr'>dictorum</span> <span class='ocrx_word' id='word_1_220' title='bbox 1251 3559 1438 3620; x_wconf 89' lang='lat' dir='ltr'>errorum,</span> <span class='ocrx_word' id='word_1_221' title='bbox 1461 3560 1530 3610; x_wconf 92' lang='lat' dir='ltr'>nec</span> <span class='ocrx_word' id='word_1_222' title='bbox 1553 3521 1698 3608; x_wconf 89' lang='lat' dir='ltr'>denun-</span> 
     </span>
     <span class='ocr_line' id='line_1_25' title="bbox 269 3661 1697 3770; baseline -0.001 -31"><span class='ocrx_word' id='word_1_223' title='bbox 269 3664 424 3740; x_wconf 85' lang='lat' dir='ltr'>ciacioui</span> <span class='ocrx_word' id='word_1_224' title='bbox 443 3681 568 3740; x_wconf 51' lang='lat' dir='ltr'>¹sancte</span> <span class='ocrx_word' id='word_1_225' title='bbox 588 3665 658 3741; x_wconf 93' lang='lat' dir='ltr'>Dei</span> <span class='ocrx_word' id='word_1_226' title='bbox 679 3663 841 3742; x_wconf 87' lang='lat' dir='ltr'>Ecclesie</span> <span class='ocrx_word' id='word_1_227' title='bbox 868 3663 1037 3741; x_wconf 80' lang='lat' dir='ltr'>faciende</span> <span class='ocrx_word' id='word_1_228' title='bbox 1059 3664 1106 3740; x_wconf 91' lang='lat' dir='ltr'>de</span> <span class='ocrx_word' id='word_1_229' title='bbox 1130 3662 1215 3740; x_wconf 85' lang='lat' dir='ltr'>iltis.</span> <span class='ocrx_word' id='word_1_230' title='bbox 1237 3662 1325 3740; x_wconf 92' lang='lat' dir='ltr'>Plus</span> <span class='ocrx_word' id='word_1_231' title='bbox 1345 3661 1493 3739; x_wconf 85' lang='lat' dir='ltr'>addidit</span> <span class='ocrx_word' id='word_1_232' title='bbox 1510 3679 1548 3739; x_wconf 86' lang='lat' dir='ltr'>et</span> <span class='ocrx_word' id='word_1_233' title='bbox 1561 3662 1697 3770; x_wconf 89' lang='lat' dir='ltr'>adjecit</span> 
     </span>
     <span class='ocr_line' id='line_1_26' title="bbox 269 3793 1697 3902; baseline 0.001 -32"><span class='ocrx_word' id='word_1_234' title='bbox 269 3823 404 3872; x_wconf 89' lang='lat' dir='ltr'>senon</span> <span class='ocrx_word' id='word_1_235' title='bbox 424 3793 726 3872; x_wconf 83' lang='lat' dir='ltr'>crederelretres</span> <span class='ocrx_word' id='word_1_236' title='bbox 747 3795 813 3901; x_wconf 92' lang='lat' dir='ltr'>qui</span> <span class='ocrx_word' id='word_1_237' title='bbox 834 3795 1028 3902; x_wconf 88' lang='lat' dir='ltr'>injudicio</span> <span class='ocrx_word' id='word_1_238' title='bbox 1051 3812 1087 3872; x_wconf 93' lang='lat' dir='ltr'>et</span> <span class='ocrx_word' id='word_1_239' title='bbox 1108 3811 1208 3872; x_wconf 84' lang='lat' dir='ltr'>extra</span> <span class='ocrx_word' id='word_1_240' title='bbox 1233 3821 1378 3872; x_wconf 90' lang='lat' dir='ltr'>errores</span> <span class='ocrx_word' id='word_1_241' title='bbox 1397 3794 1585 3900; x_wconf 88' lang='lat' dir='ltr'>predictos</span> <span class='ocrx_word' id='word_1_242' title='bbox 1610 3823 1697 3872; x_wconf 86' lang='lat' dir='ltr'>eon·</span> 
     </span>
     <span class='ocr_line' id='line_1_27' title="bbox 269 3921 1695 4022; baseline 0.002 -23"><span class='ocrx_word' id='word_1_243' title='bbox 269 3921 354 4022; x_wconf 78' lang='lat' dir='ltr'>lessi</span> <span class='ocrx_word' id='word_1_244' title='bbox 375 3943 462 4003; x_wconf 88' lang='lat' dir='ltr'>sunt</span> <span class='ocrx_word' id='word_1_245' title='bbox 480 3927 670 4002; x_wconf 87' lang='lat' dir='ltr'>veritatem</span> <span class='ocrx_word' id='word_1_246' title='bbox 696 3925 849 4016; x_wconf 84' lang='lat' dir='ltr'>dixisse,</span> <span class='ocrx_word' id='word_1_247' title='bbox 873 3955 943 4003; x_wconf 89' lang='lat' dir='ltr'>nee</span> <span class='ocrx_word' id='word_1_248' title='bbox 973 3926 1093 4004; x_wconf 90' lang='lat' dir='ltr'>credit</span> <span class='ocrx_word' id='word_1_249' title='bbox 1111 3926 1242 4004; x_wconf 80' lang='lat' dir='ltr'>fratres</span> <span class='ocrx_word' id='word_1_250' title='bbox 1264 3927 1356 4004; x_wconf 89' lang='lat' dir='ltr'>alios</span> <span class='ocrx_word' id='word_1_251' title='bbox 1381 3926 1470 4002; x_wconf 88' lang='lat' dir='ltr'>dicti</span> <span class='ocrx_word' id='word_1_252' title='bbox 1492 3925 1634 4002; x_wconf 89' lang='lat' dir='ltr'>ordinis</span> <span class='ocrx_word' id='word_1_253' title='bbox 1659 3929 1695 4002; x_wconf 89' lang='lat' dir='ltr'>in</span> 
     </span>
    </p>
   </div>
   <div class='ocr_carea' id='block_1_5' title="bbox 94 4049 887 4158">
    <p class='ocr_par' dir='ltr' id='par_1_7' title="bbox 94 4049 887 4158">
     <span class='ocr_line' id='line_1_28' title="bbox 94 4049 887 4158; baseline 0.021 -46"><span class='ocrx_word' id='word_1_254' title='bbox 94 4107 96 4112; x_wconf 83' lang='lat'><em>.</em></span> <span class='ocrx_word' id='word_1_255' title='bbox 135 4131 141 4137; x_wconf 26' lang='grc' dir='ltr'>Ι</span> <span class='ocrx_word' id='word_1_256' title='bbox 268 4049 446 4154; x_wconf 89' lang='lat' dir='ltr'>predictis</span> <span class='ocrx_word' id='word_1_257' title='bbox 463 4050 653 4127; x_wconf 91' lang='lat' dir='ltr'>erroribus</span> <span class='ocrx_word' id='word_1_258' title='bbox 672 4049 887 4158; x_wconf 87' lang='lat' dir='ltr'>deliquisse.</span> 
     </span>
    </p>
   </div>
   <div class='ocr_carea' id='block_1_6' title="bbox 269 4177 1814 4946">
    <p class='ocr_par' dir='ltr' id='par_1_8' title="bbox 269 4177 1814 4946">
     <span class='ocr_line' id='line_1_29' title="bbox 325 4177 1698 4291; baseline 0.005 -37"><span class='ocrx_word' id='word_1_259' title='bbox 325 4177 383 4255; x_wconf 85' lang='lat' dir='ltr'>Ad</span> <span class='ocrx_word' id='word_1_260' title='bbox 398 4179 537 4272; x_wconf 82' lang='lat' dir='ltr'>lxxxrn,</span> <span class='ocrx_word' id='word_1_261' title='bbox 560 4179 698 4258; x_wconf 86' lang='lat' dir='ltr'>lxxxrnr</span> <span class='ocrx_word' id='word_1_262' title='bbox 718 4197 754 4257; x_wconf 90' lang='lat' dir='ltr'>et</span> <span class='ocrx_word' id='word_1_263' title='bbox 773 4183 879 4260; x_wconf 88' lang='lat' dir='ltr'>lxxxv</span> <span class='ocrx_word' id='word_1_264' title='bbox 900 4181 1076 4259; x_wconf 88' lang='lat' dir='ltr'>articulos</span> <span class='ocrx_word' id='word_1_265' title='bbox 1089 4182 1282 4274; x_wconf 89' lang='lat' dir='ltr'>inclusive,</span> <span class='ocrx_word' id='word_1_266' title='bbox 1304 4183 1502 4290; x_wconf 87' lang='lat' dir='ltr'>diligenter</span> <span class='ocrx_word' id='word_1_267' title='bbox 1516 4201 1552 4260; x_wconf 90' lang='lat' dir='ltr'>et</span> <span class='ocrx_word' id='word_1_268' title='bbox 1564 4185 1698 4291; x_wconf 78' lang='lat' dir='ltr'>sigille</span> 
     </span>
     <span class='ocr_line' id='line_1_30' title="bbox 269 4310 1696 4420; baseline 0.004 -35"><span class='ocrx_word' id='word_1_269' title='bbox 269 4310 338 4385; x_wconf 90' lang='lat' dir='ltr'>tim</span> <span class='ocrx_word' id='word_1_270' title='bbox 369 4310 633 4417; x_wconf 88' lang='lat' dir='ltr'>interrogatus,</span> <span class='ocrx_word' id='word_1_271' title='bbox 665 4312 897 4417; x_wconf 89' lang='lat' dir='ltr'>respondens</span> <span class='ocrx_word' id='word_1_272' title='bbox 919 4313 1013 4390; x_wconf 88' lang='lat' dir='ltr'>dixit</span> <span class='ocrx_word' id='word_1_273' title='bbox 1039 4341 1078 4390; x_wconf 88' lang='lat' dir='ltr'>se</span> <span class='ocrx_word' id='word_1_274' title='bbox 1105 4313 1257 4391; x_wconf 88' lang='lat' dir='ltr'>eredere</span> <span class='ocrx_word' id='word_1_275' title='bbox 1284 4313 1472 4420; x_wconf 87' lang='lat' dir='ltr'>predictos</span> <span class='ocrx_word' id='word_1_276' title='bbox 1495 4313 1634 4394; x_wconf 86' lang='lat' dir='ltr'>milites</span> <span class='ocrx_word' id='word_1_277' title='bbox 1661 4335 1696 4392; x_wconf 90' lang='lat' dir='ltr'>et</span> 
     </span>
     <span class='ocr_line' id='line_1_31' title="bbox 270 4439 1697 4549; baseline 0.002 -33"><span class='ocrx_word' id='word_1_278' title='bbox 270 4439 362 4518; x_wconf 88' lang='lat' dir='ltr'>alios</span> <span class='ocrx_word' id='word_1_279' title='bbox 385 4441 516 4519; x_wconf 83' lang='lat' dir='ltr'>fratres</span> <span class='ocrx_word' id='word_1_280' title='bbox 538 4443 628 4520; x_wconf 85' lang='lat' dir='ltr'>dieti</span> <span class='ocrx_word' id='word_1_281' title='bbox 649 4443 793 4521; x_wconf 89' lang='lat' dir='ltr'>ordinis</span> <span class='ocrx_word' id='word_1_282' title='bbox 814 4471 939 4522; x_wconf 90' lang='lat' dir='ltr'>coram</span> <span class='ocrx_word' id='word_1_283' title='bbox 963 4443 1118 4521; x_wconf 90' lang='lat' dir='ltr'>domiuo</span> <span class='ocrx_word' id='word_1_284' title='bbox 1142 4461 1270 4522; x_wconf 90' lang='lat' dir='ltr'>nostro</span> <span class='ocrx_word' id='word_1_285' title='bbox 1290 4472 1440 4521; x_wconf 89' lang='lat' dir='ltr'>summo</span> <span class='ocrx_word' id='word_1_286' title='bbox 1463 4443 1640 4549; x_wconf 86' lang='lat' dir='ltr'>pontifice</span> <span class='ocrx_word' id='word_1_287' title='bbox 1660 4462 1697 4520; x_wconf 89' lang='lat' dir='ltr'>et</span> 
     </span>
     <span class='ocr_line' id='line_1_32' title="bbox 269 4571 1693 4683; baseline 0.004 -37"><span class='ocrx_word' id='word_1_288' title='bbox 269 4599 394 4648; x_wconf 89' lang='lat' dir='ltr'>coram</span> <span class='ocrx_word' id='word_1_289' title='bbox 414 4571 576 4650; x_wconf 90' lang='lat' dir='ltr'>dominis</span> <span class='ocrx_word' id='word_1_290' title='bbox 603 4574 853 4655; x_wconf 86' lang='lat' dir='ltr'>cardinalibus</span> <span class='ocrx_word' id='word_1_291' title='bbox 881 4591 917 4651; x_wconf 90' lang='lat' dir='ltr'>et</span> <span class='ocrx_word' id='word_1_292' title='bbox 941 4575 980 4650; x_wconf 93' lang='lat' dir='ltr'>in</span> <span class='ocrx_word' id='word_1_293' title='bbox 1001 4575 1081 4681; x_wconf 90' lang='lat' dir='ltr'>ejus</span> <span class='ocrx_word' id='word_1_294' title='bbox 1108 4575 1327 4653; x_wconf 88' lang='lat' dir='ltr'>consistorio</span> <span class='ocrx_word' id='word_1_295' title='bbox 1351 4603 1419 4681; x_wconf 92' lang='lat' dir='ltr'>per</span> <span class='ocrx_word' id='word_1_296' title='bbox 1437 4577 1693 4683; x_wconf 83' lang='lat' dir='ltr'>juramentum</span> 
     </span>
     <span class='ocr_line' id='line_1_33' title="bbox 269 4673 1814 4816; baseline 0.006 -40"><span class='ocrx_word' id='word_1_297' title='bbox 269 4699 383 4780; x_wconf 86' lang='lat' dir='ltr'>luisse</span> <span class='ocrx_word' id='word_1_298' title='bbox 406 4703 595 4782; x_wconf 87' lang='lat' dir='ltr'>confessos</span> <span class='ocrx_word' id='word_1_299' title='bbox 620 4732 764 4784; x_wconf 89' lang='lat' dir='ltr'>errores</span> <span class='ocrx_word' id='word_1_300' title='bbox 788 4708 835 4784; x_wconf 91' lang='lat' dir='ltr'>de</span> <span class='ocrx_word' id='word_1_301' title='bbox 856 4705 995 4813; x_wconf 91' lang='lat' dir='ltr'>quibus</span> <span class='ocrx_word' id='word_1_302' title='bbox 1015 4707 1054 4782; x_wconf 93' lang='lat' dir='ltr'>in</span> <span class='ocrx_word' id='word_1_303' title='bbox 1074 4707 1234 4786; x_wconf 82' lang='lat' dir='ltr'>artimlis</span> <span class='ocrx_word' id='word_1_304' title='bbox 1253 4708 1431 4814; x_wconf 87' lang='lat' dir='ltr'>predictis</span> <span class='ocrx_word' id='word_1_305' title='bbox 1451 4710 1582 4816; x_wconf 90' lang='lat' dir='ltr'>agitur,</span> <span class='ocrx_word' id='word_1_306' title='bbox 1601 4707 1694 4786; x_wconf 89' lang='lat' dir='ltr'>falso</span> <span class='ocrx_word' id='word_1_307' title='bbox 1805 4673 1814 4696; x_wconf 47' lang='lat'>⁸</span> 
     </span>
     <span class='ocr_line' id='line_1_34' title="bbox 270 4833 1693 4946; baseline 0.004 -38"><span class='ocrx_word' id='word_1_308' title='bbox 270 4833 385 4911; x_wconf 91' lang='lat' dir='ltr'>modo</span> <span class='ocrx_word' id='word_1_309' title='bbox 397 4851 523 4912; x_wconf 87' lang='lat' dir='ltr'>tamen</span> <span class='ocrx_word' id='word_1_310' title='bbox 539 4853 577 4914; x_wconf 87' lang='lat' dir='ltr'>et</span> <span class='ocrx_word' id='word_1_311' title='bbox 588 4853 715 4914; x_wconf 87' lang='lat' dir='ltr'>contra</span> <span class='ocrx_word' id='word_1_312' title='bbox 728 4837 852 4916; x_wconf 89' lang='lat' dir='ltr'>Deum</span> <span class='ocrx_word' id='word_1_313' title='bbox 870 4854 908 4914; x_wconf 91' lang='lat' dir='ltr'>et</span> <span class='ocrx_word' id='word_1_314' title='bbox 922 4866 1046 4915; x_wconf 85' lang='lat' dir='ltr'>veram</span> <span class='ocrx_word' id='word_1_315' title='bbox 1056 4837 1260 4946; x_wconf 89' lang='lat' dir='ltr'>justiciam,</span> <span class='ocrx_word' id='word_1_316' title='bbox 1283 4869 1370 4918; x_wconf 91' lang='lat' dir='ltr'>cum</span> <span class='ocrx_word' id='word_1_317' title='bbox 1389 4841 1427 4917; x_wconf 91' lang='lat' dir='ltr'>iu</span> <span class='ocrx_word' id='word_1_318' title='bbox 1445 4841 1545 4918; x_wconf 88' lang='lat' dir='ltr'>dicto</span> <span class='ocrx_word' id='word_1_319' title='bbox 1559 4839 1693 4916; x_wconf 88' lang='lat' dir='ltr'>ordine</span> 
     </span>
    </p>
   </div>
   <div class='ocr_carea' id='block_1_7' title="bbox 0 0 2106 5876">
    <p class='ocr_par' dir='ltr' id='par_1_9' title="bbox 0 0 2106 5876">
     <span class='ocr_line' id='line_1_35' title="bbox 0 0 2106 5876; baseline 0 0"><span class='ocrx_word' id='word_1_320' title='bbox 0 0 2106 5876; x_wconf 95' lang='lat' dir='ltr'> </span> 
     </span>
    </p>
   </div>
  </div>
 </body>
</html>
