4202 5876
391 539 464 614 tat
777 518 973 611 esoces
1000 535 1095 608 ons
1121 530 1422 610 rnuetrnns.

445 683 553 759 Anno
567 697 605 762 et
626 680 687 760 die
704 678 842 786 quibus
859 707 981 784 supra.
1854 761 1860 766 ¹

444 813 520 892 XII.
542 813 670 890 Frater
696 807 879 912 Arnaldus
903 807 1132 916 Septembris
1158 807 1205 886 de
1230 806 1361 888 ordine
1391 804 1481 884 dicti
1504 801 1652 911 Templi
1680 806 1815 884 domus

258 979 260 984 ’
388 943 504 1022 Mansi
517 945 607 1033 Dei,
622 943 727 1022 testis
741 941 886 1047 juratus
902 940 949 1018 ad
968 956 1091 1016 sancta
1105 939 1176 1016 Dei
1194 938 1388 1044 Evangelia
1408 965 1522 1043 super
1539 935 1717 1042 predictis
1732 938 1818 1014 arti-

388 1074 481 1154 culis
499 1091 537 1152 et
556 1100 689 1151 eorum
708 1071 879 1179 quolibet
896 1070 967 1150 sibi
990 1070 1163 1177 expositis
1182 1070 1222 1152 in
1238 1069 1394 1176 vulgari,
1416 1086 1458 1148 ut
1477 1067 1692 1174 principalis
1712 1067 1760 1148 de
1779 1097 1817 1144 se

389 1207 486 1311 ipso,
498 1223 537 1284 et
551 1222 594 1282 ut
605 1204 709 1282 testis
729 1202 776 1280 de
792 1200 890 1290 aliis,
908 1201 1106 1310 diligenter
1119 1217 1158 1277 et
1176 1200 1364 1308 sigillatim
1383 1201 1646 1304 interrogatus,
1664 1226 1819 1306 respon·

390 1337 482 1414 dens
496 1336 544 1414 ad
560 1335 738 1442 primum,
752 1360 929 1412 n-xxrx
946 1331 1123 1412 articulos
1142 1331 1336 1422 inclusive,
1359 1331 1506 1440 negavit
1524 1332 1625 1437 ipsos
1643 1330 1818 1408 articulos

390 1485 427 1544 et
444 1467 569 1544 omnia
580 1483 616 1542 et
625 1464 771 1571 singula
785 1481 957 1542 contenta
973 1464 1012 1539 in
1029 1463 1100 1552 eis,
1121 1491 1166 1540 eo
1186 1462 1285 1539 salvo
1299 1461 1403 1566 quod
1418 1461 1487 1566 ipsi
1503 1460 1634 1547 fratres
1650 1460 1818 1568 ejusdem

389 1597 531 1676 ordinis
552 1612 591 1673 et
608 1597 689 1702 ipse
708 1623 795 1672 cum
816 1594 869 1672 eis
886 1611 945 1670 ter
963 1593 1002 1669 in
1016 1619 1112 1670 anno
1129 1609 1167 1670 ct
1181 1591 1336 1700 singulis
1352 1593 1458 1670 annis
1469 1619 1554 1672 cum
1573 1589 1700 1668 debita
1717 1619 1821 1668 reve-

389 1727 512 1806 rencia
543 1724 768 1814 ethonore,
796 1724 975 1831 depositis
1003 1723 1137 1830 gladiis
1164 1739 1202 1800 et
1225 1721 1474 1802 calciamentis
1497 1721 1641 1828 pedum
1665 1749 1821 1800 suorum

389 1883 536 1936 necnon
556 1853 645 1934 cofis
659 1855 821 1962 capitum
837 1875 1012 1943 suorum,¹
1027 1854 1066 1932 in
1086 1852 1146 1930 die
1164 1853 1320 1932 Veneris
1340 1869 1464 1932 sancta
1484 1850 1618 1932 ultima
1637 1851 1821 1958 Cadrage-

388 1988 483 2066 sime
504 1985 659 2064 aderaut
676 2013 825 2064 crucem
839 2002 1001 2064 sanctam
1015 1985 1053 2060 in
1073 2010 1147 2089 qua
1160 1983 1345 2061 Dominus
1360 1999 1487 2060 noster
1500 1981 1635 2062 lbesus
1650 1980 1820 2062 Christus

389 2117 461 2194 Dei
492 2115 593 2196 filius
621 2145 689 2222 pro
715 2115 830 2196 salute
856 2115 1010 2192 humani
1036 2114 1203 2221 generis,
1226 2141 1303 2191 non
1332 2141 1401 2219 pro
1428 2112 1504 2190 suis
1533 2113 1707 2219 peccatis,
1733 2113 1820 2218 quia

389 2275 572 2354 nusquam
597 2247 761 2352 peccavit
779 2275 848 2324 nec
868 2245 980 2326 dolus
1000 2243 1071 2322 fuit
1090 2244 1130 2320 in
1156 2271 1221 2322 ore
1243 2244 1339 2351 ejus,
1362 2242 1430 2322 sed
1448 2269 1517 2347 pro
1538 2243 1675 2321 nostris
1696 2243 1818 2320 crimi-

389 2377 503 2458 nibus
520 2379 651 2458 mortis
667 2377 866 2484 suplicium
885 2404 1013 2481 passus
1033 2374 1118 2465 fuit,
1141 2374 1328 2452 dicendo:
1352 2373 1506 2452 «Adoro
1526 2392 1579 2464 te,
1601 2374 1764 2461 Christe,
1782 2389 1819 2450 et

390 2509 573 2587 benedico
592 2509 679 2597 tibi,
701 2509 790 2616 quia
810 2535 878 2614 per
898 2535 1046 2584 crucem
1062 2525 1164 2582 tuam
1179 2505 1371 2582 redemisti
1388 2505 1619 2582 mundum.»

444 2642 539 2718 Item
561 2640 752 2718 annuatim
778 2637 896 2718 crucis
915 2638 1178 2718 adoracionem
1195 2636 1335 2714 laciunt
1353 2637 1393 2714 in
1411 2636 1562 2716 duobus
1580 2633 1662 2712 aliis
1681 2634 1819 2712 festivis

389 2770 540 2859 diebus,
568 2769 740 2850 videlicet
764 2771 803 2848 in
823 2795 953 2846 mense
983 2767 1098 2848 madii
1124 2767 1186 2846 die
1211 2767 1343 2844 Sancte
1368 2766 1517 2854 Crucis,
1545 2793 1693 2844 necnon
1716 2782 1754 2842 et
1779 2765 1817 2840 in

389 2929 517 2980 mense
532 2900 752 3009 septembris
768 2900 807 2976 in
827 2898 890 2976 die
904 2897 1147 2978 Exaltacionis
1166 2897 1300 2974 Sancte
1321 2896 1469 2987 Crucis,
1487 2924 1564 2974 non
1580 2913 1726 2974 tantum
1742 2895 1818 2972 dis-

390 3031 548 3110 calciatis
575 3031 752 3138 pedibus,
782 3030 849 3108 sod
876 3027 1034 3106 cultellis
1059 3044 1097 3104 at
1123 3027 1214 3106 cofis
1241 3027 1405 3132 capitum
1431 3025 1626 3134 depositis;
1653 3026 1817 3103 adiciens

389 3161 493 3268 quod
513 3180 741 3242 sacramenta
765 3160 927 3240 Ecclesie
946 3177 1023 3238 tam
1043 3160 1121 3264 ipse
1141 3187 1256 3266 quam
1276 3159 1389 3238 ceteri
1414 3158 1545 3236 sratres
1566 3157 1657 3234 dicti
1676 3156 1818 3233 ordinis

388 3292 498 3398 plene
510 3293 684 3383 credunt,
706 3307 819 3399 prout
833 3293 911 3397 ipse
930 3293 999 3372 scit
1020 3291 1067 3370 de
1082 3319 1122 3368 sc
1142 3290 1246 3397 ipso,
1271 3308 1308 3368 et
1327 3288 1376 3366 de
1395 3287 1477 3368 aliis
1485 3287 1734 3366 confratribus
1746 3315 1818 3364 cre-

390 3423 461 3512 dit,
483 3425 580 3502 sicut
594 3441 718 3504 sancta
730 3423 894 3504 Ecclesia
906 3453 927 3500 a
941 3421 1171 3502 Christicolis
1182 3421 1294 3528 jubet
1308 3419 1422 3498 credi.
1442 3421 1680 3500 Sacramenta
1692 3433 1818 3496 autem

389 3553 573 3659 predicta,
596 3583 682 3633 cum
702 3556 749 3632 sit
767 3553 891 3662 laycus
906 3570 943 3632 et
957 3554 1146 3660 ignorans,
1169 3552 1376 3658 exprimere
1389 3569 1428 3628 et
1448 3550 1635 3630 declarare
1649 3547 1816 3634 nescivit,

389 3683 476 3764 licet
494 3686 573 3792 ipsa
593 3685 633 3762 in
649 3703 776 3764 mente
796 3712 861 3764 sua
881 3701 1006 3762 teneat
1026 3701 1063 3762 et
1079 3683 1230 3772 habeat,
1255 3699 1292 3760 et
1309 3711 1378 3788 per
1396 3709 1440 3759 ea
1465 3682 1589 3762 anime
1611 3707 1679 3757 sue
1698 3695 1819 3784 sperat

391 3813 530 3894 bebere
550 3817 718 3894 salutem.

445 3943 505 4024 Ad
518 3972 754 4025 xxx-*xxxin
771 3943 945 4028 articulos
965 3942 1155 4030 inclusive,
1179 3940 1376 4048 diligenter
1394 3955 1432 4016 et
1456 3937 1643 4046 sigillatim
1662 3935 1817 4013 interro-

390 4092 513 4180 gatus,
534 4076 764 4181 respondens
776 4074 871 4154 dixit
887 4073 993 4180 quod
1006 4072 1076 4156 die,
1090 4101 1157 4150 sue
1169 4067 1400 4177 recepcionis
1413 4067 1463 4146 ad
1477 4067 1649 4147 ordinem
1670 4063 1816 4170 Templi

390 4203 485 4281 secte
502 4206 549 4282 de
566 4235 604 4282 se
621 4223 658 4282 et
671 4206 718 4282 de
734 4205 845 4281 fratre
860 4203 1062 4282 Guillelmo
1074 4203 1121 4280 de
1132 4203 1362 4281 Caramanno
1379 4227 1479 4276 nunc
1491 4215 1653 4284 mortuo,
1667 4223 1737 4300 per
1752 4193 1817 4270 lra-

391 4352 487 4414 trem
507 4337 770 4443 Raymundum
791 4335 838 4414 de
858 4333 995 4414 Gardia
1014 4349 1273 4440 preceptorem
1290 4327 1588 4433 domus'Tempti
1609 4327 1727 4405 Mansi
1749 4325 1814 4404 Dei

391 4466 456 4572 qui
477 4465 599 4544 adbuc
616 4467 719 4557 vivit,
742 4483 940 4574 preceptor
959 4466 998 4542 in
1022 4464 1159 4572 capella
1179 4463 1348 4571 ejusdem
1367 4463 1519 4548 domus,
1534 4476 1619 4566 post
1631 4456 1818 4562 racepcio-
1948 4483 1950 4489 ·

389 4623 478 4674 nem
500 4596 547 4674 de
566 4625 606 4676 se
625 4597 760 4678 factam
775 4614 813 4676 et
833 4598 879 4674 de
895 4595 967 4675 alio
988 4595 1069 4703 ejus
1089 4595 1288 4684 confratre,
1314 4594 1417 4672 idem
1443 4591 1556 4670 lrater
1576 4586 1816 4696 boymundus

390 4745 587 4834 preceptor
610 4729 753 4836 recepit
774 4730 899 4834 ipsum
924 4745 961 4804 et
986 4727 1101 4804 alium
1127 4725 1353 4806 confratrem
1381 4725 1429 4802 ad
1456 4720 1626 4800 osculum
1652 4717 1753 4826 pacis
1777 4717 1815 4794 in

392 4857 539 4963 signum
558 4856 716 4936 fraterne
733 4857 947 4938 dileccionis
962 4874 1000 4933 et
1012 4857 1186 4946 caritatis,
1207 4874 1243 4934 et
1255 4855 1295 4932 in
1304 4883 1374 4953 ore
1386 4871 1532 4930 tantum
1545 4849 1733 4928 osculatus
1746 4845 1817 4924 fuit
