4486 5890
739 511 936 605 enecas
963 527 1056 600 nas
1082 481 1384 604 rememoras.
1701 531 1767 604 ιιι

349 668 472 757 fleret,
496 666 568 744 luit
579 667 615 744 ei
625 668 753 751 dictus
767 669 878 776 Ilugo
896 668 1148 748 comminatus
1162 670 1272 775 quod
1293 671 1371 775 ipse
1388 671 1511 746 lueret
1526 670 1597 748 nisi
1612 673 1771 764 laceret,

350 813 388 872 et
405 813 496 886 tunc
514 797 594 902 ipse
613 797 719 879 testis
743 799 845 904 spuit
858 799 964 906 juxta
987 798 1125 876 dictam
1146 827 1308 877 crtrcem.
1331 800 1430 878 Cum
1457 817 1582 878 autem
1601 820 1775 904 receptor

348 926 412 1030 qui
439 926 635 1016 cummliis
660 943 890 1009 remanserat
915 927 954 1002 in
979 927 1076 1004 dicta
1096 927 1237 1032 capella
1263 929 1465 1006 audivisset
1489 929 1612 1032 ipsum
1637 947 1772 1010 testem

349 1055 526 1142 flentem,
548 1056 643 1134 dixit
657 1056 835 1161 predictis
854 1059 964 1162 Hugo
986 1056 1249 1138 etiGuillelmo
1276 1057 1383 1162 quod
1407 1057 1642 1139 dimitterent
1667 1088 1773 1147 eum,

349 1184 437 1288 quia
454 1183 620 1274 facerent
639 1214 727 1264 eum
746 1186 899 1265 alienari
922 1213 1069 1267 esensu
1084 1186 1155 1264 nisi
1181 1187 1435 1274 dimitterent,
1457 1204 1493 1262 et
1512 1203 1602 1266 tunc
1624 1188 1776 1267 dimise-

348 1332 438 1396 runt
457 1343 562 1406 enm,
581 1316 829 1423 etprediotns
843 1332 1015 1421 receptor
1033 1316 1275 1422 tradiditipsi
1291 1318 1375 1394 testi
1395 1317 1774 1422 quemdamparvum

351 1444 493 1522 librum
508 1446 547 1534 in
564 1473 642 1550 quo
658 1462 738 1525 erat
754 1446 891 1551 scripta
903 1445 1032 1554 regula
1048 1474 1197 1536 corum3
1216 1446 1255 1522 in
1275 1475 1352 1551 quo
1373 1447 1530 1552 quidem
1545 1445 1644 1528 libro
1660 1449 1774 1523 nichil

348 1574 439 1682 legit
455 1602 525 1655 nec
545 1575 687 1654 invenit
701 1574 888 1655 illicitum.
910 1576 1008 1654 Cum
1025 1593 1152 1658 autem
1172 1591 1258 1681 post
1274 1576 1420 1682 aliquos
1441 1577 1521 1653 dies
1537 1576 1669 1654 luisset
1689 1606 1776 1654 con-

348 1721 504 1809 questus
519 1704 567 1783 de
588 1703 767 1810 predictis
782 1703 882 1782 dicto
897 1705 1103 1810 receptori,
1126 1705 1321 1810 respondit
1340 1704 1377 1781 ei
1394 1705 1499 1809 qnod
1516 1732 1594 1782 non
1610 1723 1773 1793 curaret,

347 1833 436 1938 quia
455 1861 523 1938 pro
538 1832 637 1917 trufa
649 1833 789 1913 lecerat
807 1833 1031 1940 supradicta.
1053 1834 1267 1939 Requisitus
1288 1835 1319 1910 si
1337 1831 1426 1920 scit,
1447 1833 1569 1915 credit
1587 1835 1645 1914 vel
1667 1836 1775 1912 audi-

347 1961 398 2036 vit
414 1963 486 2038 dici
507 1962 611 2068 qnod
634 1963 732 2042 dicta
746 1962 877 2042 illicita
893 1962 952 2040 vel
971 1963 1097 2068 aliqua
1116 1963 1188 2040 alia
1217 1962 1348 2040 illicita
1367 1963 1637 2041 intervenirent
1658 1964 1695 2038 in
1715 1993 1774 2040 re-

345 2091 586 2198 cepcionibus
604 2091 765 2170 aliorum
785 2092 943 2171 fratrum
960 2091 1103 2168 ordinis
1123 2093 1182 2169 vel
1202 2109 1302 2198 post,
1328 2091 1524 2198 respondit
1541 2093 1647 2198 quod
1664 2122 1760 2176 non,

347 2222 434 2326 quia
455 2249 532 2300 non
551 2221 815 2304 continebatur
837 2222 878 2298 in
895 2221 996 2300 dicta
1017 2221 1165 2330 regula,
1185 2239 1223 2298 et
1248 2223 1337 2328 quie
1361 2223 1453 2300 vidit
1470 2221 1623 2298 fratrent
1649 2224 1775 2326 Hugo-

347 2378 434 2430 nem
445 2350 677 2436 deBoacesel
707 2352 867 2435 militem
881 2352 1153 2438 Viennensem,
1177 2352 1244 2458 qui
1272 2380 1351 2430 esse
1377 2353 1516 2454 dicitur
1533 2351 1632 2430 ultra
1652 2381 1773 2438 mare,

347 2479 587 2584 perfratrent
604 2480 857 2562 Guilleltnum
882 2484 929 2558 de
949 2485 1046 2560 Lurs
1062 2482 1275 2589 predictum
1295 2484 1413 2587 recipi
1433 2485 1473 2558 in
1501 2482 1599 2560 dicte
1615 2483 1772 2588 capella,

344 2609 442 2686 circa
470 2610 613 2690 instans
642 2609 780 2688 festum
813 2611 951 2692 Pasche
982 2628 1095 2689 erunt
1111 2637 1167 2689 -vn
1194 2613 1299 2700 anni,
1330 2611 1569 2717 presentibus
1599 2612 1776 2690 fratribus

346 2737 554 2816 Guillelmo
575 2738 717 2832 Gibon,
740 2740 805 2846 qui
826 2741 1019 2820 detinetur
1038 2741 1222 2831 Parisius,
1248 2741 1391 2848 Syrnon
1416 2741 1585 2846 Lobrege
1608 2758 1644 2816 et
1668 2741 1776 2818 Guil-

347 2866 462 2948 leltno
477 2869 614 2960 Villani
638 2869 837 2974 predicto,
853 2871 892 2948 in
913 2872 1019 2978 cujus
1036 2871 1257 2976 receptione
1278 2871 1338 2948 vel
1362 2887 1449 2975 post
1474 2897 1550 2946 non
1571 2870 1679 2959 vidit,
1708 2899 1776 2948 nec

346 2999 464 3089 scivit,
487 3027 557 3080 nec
578 3000 723 3078 audivit
743 2999 816 3078 dici
837 3000 983 3108 aliquid
1006 3001 1248 3079 intervenisse
1271 2999 1466 3088 illicitum;
1490 3000 1536 3076 de
1559 3028 1635 3104 qno
1658 3001 1775 3076 eciam

346 3130 590 3236 postmodnm
608 3130 848 3238 interrogavit
867 3130 1014 3210 dictum
1032 3129 1185 3209 fratrem
1201 3131 1419 3237 Hugonem‚
1442 3129 1506 3236 qui
1526 3129 1721 3234 respondit
1741 3131 1773 3204 ei

346 3260 451 3366 qnod
465 3259 583 3342 nichil
603 3259 777 3338 illicitum
798 3261 1049 3338 intervenerat
1071 3260 1111 3336 in
1134 3260 1234 3338 dicta
1255 3287 1320 3336 sua
1346 3261 1566 3364 recepcione
1593 3259 1650 3334 vel
1678 3275 1772 3363 post.

215 3429 218 3436 ·
347 3391 462 3477 Item,
485 3389 579 3466 dixit
593 3415 640 3466 se
663 3388 764 3466 ,bene
789 3389 942 3466 credere
963 3387 1220 3467 ecclesiasticis
1240 3383 1497 3474 sacramentis,
1520 3405 1557 3463 et
1579 3389 1682 3492 quod
1713 3416 1776 3463 eo-

347 3547 434 3596 rum
459 3519 671 3598 secerdotes
694 3516 822 3596 debite
849 3517 1100 3606 celebrarent;
1127 3535 1165 3593 et
1193 3517 1287 3594 vidit
1313 3518 1352 3592 in
1377 3517 1439 3594 die
1467 3518 1622 3594 Veneris
1651 3535 1774 3594 sancta

350 3674 500 3726 crucem
521 3648 655 3729 devote
672 3663 710 3726 et
724 3665 937 3726 reverenter
954 3649 996 3724 in
1007 3647 1141 3725 ordine
1157 3647 1322 3734 adorari3
1345 3663 1383 3722 et
1398 3647 1470 3722 hoc
1484 3674 1550 3751 per
1562 3647 1773 3750 superiores

349 3805 439 3857 suos
456 3777 735 3884 precipiebatur
755 3778 911 3858 eisdem.
934 3777 1071 3857 Statim
1096 3804 1165 3882 pro
1186 3774 1363 3882 professis
1389 3774 1636 3852 habebantur.
1662 3773 1773 3850 Clan-

348 3907 493 3994 destine
518 3908 807 4016 recipiebantur,
835 3907 952 3988 nullis
977 3907 1216 4015 presentibus
1241 3907 1312 3984 nisi
1336 3905 1510 3983 iratribus
1536 3903 1696 3992 ordinis,
1725 3932 1769 3981 ex

346 4063 425 4140 qno
450 4037 571 4117 credit
593 4038 812 4143 quodenset
832 4038 995 4144 suspicio
1015 4055 1146 4116 contra
1166 4065 1242 4115 eos.
1269 4037 1453 4115 Ordinem
1474 4036 1773 4114 Certusiensium

346 4164 487 4246 intrare
508 4183 694 4271 poterant.
718 4166 904 4248 Cordnlas
921 4167 1065 4275 quibus
1091 4167 1337 4274 cingebantur
1365 4193 1479 4271 snper
1498 4164 1668 4244 camisias
1687 4195 1772 4242 cum

349 4295 487 4400 quibus
498 4297 676 4405 jacebant
688 4296 930 4376 assumebant
949 4297 1050 4376 unde
1067 4296 1256 4374 volebant.
1272 4295 1545 4404 lnjungebatur
1565 4297 1618 4372 eis
1638 4324 1706 4401 per
1723 4326 1774 4372 sa-

350 4443 584 4520 cramentum
599 4407 648 4510 nc
664 4426 873 4507 revelarent
887 4443 1027 4508 secreta
1046 4425 1316 4532 capitulorum,
1340 4426 1526 4526 demodo
1544 4427 1774 4532 recepcionis

347 4555 387 4635 in
411 4557 562 4662 speciali
586 4583 665 4636 non
686 4556 821 4641 habita
851 4558 1061 4650 mencione.
1085 4557 1162 4650 Qui
1188 4535 1415 4637 revelassent
1442 4556 1565 4660 puniti
1594 4555 1769 4638 luissent.

348 4687 468 4764 nescit
480 4687 653 4794 qualiter.
673 4687 712 4766 Si
725 4688 793 4794 qui
819 4704 924 4764 erent
941 4686 1081 4764 fratres·
1098 4687 1258 4772 scientes
1284 4713 1364 4764 esse
1387 4713 1533 4762 errores
1560 4686 1598 4762 in
1620 4687 1768 4771 ordine,

349 4813 505 4896 luerunt
523 4817 755 4926 negligentes
774 4817 863 4924 quia
891 4845 968 4894 non
998 4833 1241 4894 correxerunt
1261 4844 1324 4894 eos
1355 4845 1424 4892 nec
1448 4815 1767 4896 denunciaverunt
