4210 5882
415 551 488 628 ass
806 528 1001 624 esoces
1026 549 1121 626 ons
1147 549 1446 624 rennuens.

413 711 543 782 tatem,
567 710 604 770 et
623 693 871 798 interrogatus
886 692 934 772 de
946 709 1115 799 tempore
1130 707 1167 768 ct
1179 689 1294 770 modo
1311 719 1378 770 sue
1391 689 1640 794 recepcionis,
1663 690 1755 769 dixit
1769 719 1836 797 per

407 828 665 932 juramentum
695 851 805 903 suum
832 824 937 930 quod
965 837 1137 930 receptus
1166 821 1253 912 fuit,
1279 851 1416 902 novem
1441 820 1527 900 anni
1553 839 1664 900 erunt
1683 823 1724 898 in
1742 821 1835 901 festo

412 956 614 1035 Natiuitatis
622 953 721 1034 beati
732 955 923 1043 lobannis,
939 955 977 1032 in
989 954 1103 1033 domo
1113 953 1263 1059 Templi
1274 953 1499 1044 parisiensis,
1516 981 1585 1060 per
1596 952 1749 1032 fratrem
1759 955 1837 1032 Hu-

412 1115 548 1193 gonem
582 1087 630 1164 de
656 1087 840 1174 Pereudo,
879 1085 1115 1192 presentibus
1143 1083 1318 1164 fratribus
1347 1085 1515 1164 Gererdo
1544 1083 1592 1162 de
1617 1084 1833 1177 Villaribus,

412 1216 620 1298 Guillermo
642 1218 688 1296 de
707 1219 796 1296 Lins
810 1234 849 1295 et
861 1216 971 1294 fratre
985 1218 1097 1295 Petro
1112 1215 1160 1294 de
1174 1215 1305 1296 Boucli
1319 1214 1455 1305 milite,
1471 1232 1510 1292 et
1522 1215 1748 1321 quibusdam
1758 1215 1837 1292 aliis

415 1349 462 1425 de
482 1377 645 1454 quorum
666 1349 884 1426 nominibus
906 1375 984 1426 non
1006 1346 1150 1425 recolit.
1175 1349 1223 1424 Et
1247 1347 1338 1455 dixit
1355 1375 1424 1453 per
1445 1346 1701 1453 juramentum
1726 1375 1834 1426 suum

415 1476 520 1583 quod
542 1477 664 1553 dictus
684 1477 869 1582 recipiens
886 1475 976 1554 fecit
1000 1504 1087 1554 eum
1110 1476 1329 1580 promittere
1355 1493 1393 1554 et
1412 1477 1538 1582 jurare
1565 1475 1702 1554 multas
1720 1476 1835 1554 bonas

415 1606 668 1683 obsewancias
681 1624 718 1682 et
728 1623 863 1683 statuta
879 1605 968 1680 dicti
981 1603 1122 1680 ordinis
1138 1620 1315 1681 ettenere
1334 1623 1473 1682 secreta
1487 1605 1645 1692 ordinis,
1665 1621 1701 1680 et
1710 1623 1834 1710 postea

414 1737 600 1816 osculuus
619 1735 690 1814 fuit
706 1736 851 1814 dictum
866 1734 1110 1840 recipientem
1127 1751 1165 1812 et
1179 1733 1273 1812 alios
1286 1733 1417 1813 fratres
1429 1735 1468 1812 in
1488 1761 1566 1812 ore.
1585 1736 1834 1841 Interrogatus

415 1869 463 1944 de
484 1866 567 1944 aliis
584 1865 765 1954 articulis,
782 1865 898 1944 nichil
918 1864 1021 1942 dixit.
1037 1863 1125 1943 Acta
1141 1881 1228 1940 sunt
1247 1863 1318 1942 hec
1336 1893 1450 1953 anno,
1466 1863 1674 1954 indicione,
1691 1893 1832 1954 mense,

415 1997 493 2085 die,
516 1997 734 2104 pontificatu
761 2014 799 2074 et
822 1997 906 2074 loco
925 1994 1119 2100 predictis,
1145 1995 1384 2102 presentibus
1409 1994 1593 2102 religiosis
1615 2012 1653 2072 et
1671 1995 1835 2073 honestis

413 2127 500 2204 viris
518 2127 692 2205 lintribus
711 2127 879 2206 Jobanne
901 2127 948 2204 de
968 2124 1115 2213 brebis,
1139 2127 1249 2204 Petro
1269 2125 1479 2214 Lamberti,
1503 2124 1637 2232 Egidio
1657 2123 1703 2202 de
1725 2124 1835 2203 Gelu·

413 2256 506 2336 chiis
516 2257 753 2336 studentibus
769 2259 809 2334 in
824 2273 1007 2336 conventu
1025 2255 1260 2345 Passionis,
1282 2255 1489 2336 Guillelmo
1504 2255 1552 2332 de
1567 2253 1745 2360 Cboques
1760 2254 1834 2332 cive

412 2389 619 2479 Perisiensi,
633 2406 671 2466 et
684 2389 856 2494 pluribus
867 2388 947 2466 aliis
956 2386 1114 2466 testibus
1129 2388 1174 2464 ad
1186 2387 1259 2464 boc
1270 2386 1408 2464 vocatis
1418 2361 1627 2491 specialiter
1640 2402 1677 2462 et
1687 2383 1831 2489 rogatis.

469 2653 516 2728 Et
530 2678 599 2756 ego
616 2649 778 2728 Amisius
798 2649 844 2726 de
863 2648 1064 2726 Aureliano
1085 2645 1208 2724 dictus
1228 2647 1263 2724 le
1280 2646 1393 2751 Ratil,
1414 2646 1586 2732 clericus,
1609 2662 1832 2722 sacrosancte

412 2785 577 2860 Romane
596 2780 760 2858 Ecclesie
779 2780 993 2857 auctoritate
1009 2778 1174 2854 notarius
1193 2775 1381 2882 publicus,
1402 2775 1579 2855 omuibus
1599 2791 1636 2852 et
1662 2773 1831 2880 siugulis,

413 2927 526 3018 prout
544 2911 584 2987 in
604 2911 673 2988 bac
695 2928 732 2986 et
749 2907 1039 3016 precedentibus
1057 2907 1173 3012 peciis
1189 2906 1296 3013 signo
1310 2935 1395 2984 meo
1412 2907 1564 3014 signatis
1580 2906 1830 2990 continentur,

313 3073 316 3080 ’
415 3070 590 3119 unacum
612 3041 757 3146 scriptis
783 3039 943 3118 testibus
969 3038 1123 3115 notariis
1148 3037 1309 3144 publicis
1334 3065 1489 3143 presens
1517 3035 1685 3123 interlui,
1707 3065 1764 3122 ec,
1788 3033 1831 3112 de

415 3170 690 3248 mendetodicti
704 3168 963 3258 commissarii,
981 3167 1021 3244 in
1038 3168 1110 3244 boc
1125 3167 1377 3244 instrumento
1392 3195 1454 3244 me
1469 3165 1670 3271 subscripsi
1687 3166 1726 3240 in
1740 3163 1833 3242 testi·

415 3304 583 3380 monium
599 3301 886 3408 premissorum,
908 3298 1079 3404 illudque
1101 3325 1187 3374 meo
1204 3297 1310 3404 signo
1330 3297 1440 3376 solito
1461 3297 1594 3403 sig'navi
1616 3313 1776 3401 rogatus.

470 3566 518 3642 Et
528 3592 596 3670 ego
616 3563 776 3640 lacobus
790 3563 838 3640 de
852 3563 1001 3641 Virtute
1021 3559 1178 3638 derisus
1195 3557 1501 3638 Cathalaunensis
1516 3556 1693 3643 diocesis,
1717 3554 1833 3662 publi-

414 3725 478 3773 cus
504 3694 688 3800 imperiali
715 3695 932 3770 auctoritate
958 3691 1142 3778 notarius,
1177 3688 1366 3795 premissis
1391 3687 1565 3765 omnibus
1593 3704 1631 3764 et
1661 3685 1830 3794 singulis,

413 3844 529 3932 prout
548 3825 588 3901 in
607 3824 770 3930 presenti
790 3824 894 3930 pecie
912 3851 978 3900 seu
999 3838 1097 3898 carta
1116 3838 1153 3898 et
1170 3817 1461 3927 precedentibus
1480 3817 1630 3923 plenius
1643 3816 1833 3894 continen-
1907 3903 1910 3908 ,

414 3976 487 4046 tur,
512 3984 664 4063 presens
682 3953 837 4033 interfui
858 3981 945 4031 cum
964 3951 1122 4029 testibus
1140 3968 1178 4028 ct
1194 3949 1349 4028 notariis
1374 3977 1484 4055 supra
1504 3965 1542 4026 et
1560 3946 1654 4024 infre
1673 3945 1833 4050 scriptis,

417 4104 468 4176 et,
492 4085 733 4164 demandato
756 4084 845 4160 dicti
866 4081 1126 4170 commissarii,
1154 4081 1228 4158 boc
1245 4082 1538 4158 instrumentum
1552 4107 1666 4156 manu
1687 4075 1834 4183 propria

416 4217 544 4323 scripsi
553 4218 591 4293 in
602 4216 862 4292 testimonium
874 4213 1160 4320 premissorum,
1179 4211 1350 4319 illudque
1359 4239 1445 4289 meo
1455 4212 1560 4317 signo
1574 4210 1685 4287 solito
1699 4205 1834 4314 signavi

285 4415 289 4422 .
416 4365 577 4453 rogatus.

470 4610 518 4685 Et
538 4637 606 4717 ego
628 4609 773 4685 Euenus
792 4607 899 4714 Pbily
915 4607 962 4683 dc
980 4607 1113 4684 Sancto
1133 4603 1276 4683 Nicasio
1288 4603 1447 4681 clericus
1460 4601 1747 4709 Corisopitensis
1759 4599 1839 4676 dio

415 4741 526 4829 cesis,
544 4738 744 4845 apostolica
763 4737 939 4844 publicus
959 4736 1179 4816 auctoritate
1197 4735 1381 4823 notarius,
1403 4733 1594 4841 premissis
1613 4733 1652 4808 in
1671 4730 1837 4838 presenti

414 4872 520 4978 pecie
539 4899 606 4948 scu
620 4887 717 4948 carta
731 4887 768 4948 et
788 4868 1080 4974 precedentibus
1098 4866 1280 4946 contentis
1295 4893 1446 4973 presens
1462 4861 1613 4942 interlui
1634 4890 1721 4940 cum
1732 4861 1840 4940 testi-
