4486 5890
613 429 682 500 ns
860 393 861 398 '
997 405 1640 502 raoctsnnsrnuemnas.

608 567 653 642 Et
678 584 763 673 post
777 565 897 642 multa
912 565 982 642 alia
999 567 1071 644 sibi
1089 567 1245 644 dictade
1258 564 1395 672 quibus
1415 564 1512 642 bene
1533 593 1610 642 non
1631 563 1778 654 recolit,
1796 565 1867 645 luit
1887 565 2031 648 ibidem

608 695 731 786 allata,
754 695 873 772 nescit
892 723 962 800 per
988 723 1118 802 quem,
1141 695 1303 802 quedam
1324 673 1412 770 crux
1433 693 1612 771 metalina
1632 694 1671 770 in
1698 715 1875 801 quaerat
1898 727 2030 806 ymago

608 824 801 915 Crucifixi3
817 843 855 901 et
869 825 988 902 dictus
1008 843 1179 930 receptor
1194 823 1301 929 petiit
1317 825 1363 927 ab
1381 823 1516 903 eodem
1532 841 1625 902 teste
1640 825 1671 902 si
1682 824 1857 903 credebat
1867 827 1906 904 in
1922 827 2030 906 illum

608 957 673 1060 qui
698 955 1021 1060 representabatur
1048 983 1115 1061 per
1142 956 1279 1032 dictam
1299 955 1533 1062 ymaginem,
1555 982 1631 1062 quo
1652 957 1905 1060 respondente
1928 961 2030 1065 quod

609 1084 784 1172 sic‚dixit
803 1085 837 1161 ei
857 1085 897 1162 in
912 1086 1103 1191 presencia
1122 1084 1380 1190 predictorum
1393 1085 1497 1190 quod
1515 1113 1593 1162 non
1610 1084 1775 1163 debebat
1787 1086 1824 1163 in
1848 1115 1937 1164 eum
1959 1117 2029 1166 cre·

610 1216 715 1304 dere,
738 1231 776 1291 et
800 1215 967 1320 precepit
985 1215 1089 1320 quod
1114 1213 1315 1321 abnegaret
1335 1231 1373 1290 et
1391 1214 1496 1319 quod
1516 1230 1668 1319 spueret
1684 1243 1799 1321 super
1818 1218 2027 1325 ymaginem

608 1344 873 1450 supradictam,
895 1371 971 1420 non
995 1343 1241 1450 exprimendo
1262 1344 1292 1420 si
1318 1361 1423 1420 erant
1449 1343 1616 1449 predicta
1637 1345 1685 1422 de
1712 1347 1862 1450 punctis
1887 1349 2027 1429 ordinis

608 1473 665 1550 vel
686 1501 782 1562 non,
805 1473 873 1550 sed
892 1472 1054 1551 dicendo
1074 1473 1178 1580 quod
1201 1473 1273 1550 boc
1292 1472 1631 1586 oportebatlacere
1652 1501 1757 1565 eum,
1783 1492 1821 1553 et
1841 1493 1933 1554 tunc
1952 1479 2026 1585 ipse

607 1603 712 1678 testis
736 1601 947 1709 abnegavit,
977 1619 1015 1678 et
1040 1602 1140 1708 spuit
1165 1630 1241 1680 non
1276 1631 1386 1708 supra
1414 1602 1483 1679 sed
1501 1602 1606 1709 juxta
1633 1603 1772 1680 dictam
1797 1608 2024 1714 ymaginem,

608 1732 817 1838 supradicta
839 1732 977 1810 faciens
997 1760 1062 1809 ore
1081 1759 1158 1810 non
1179 1732 1310 1822 corde,
1331 1749 1374 1808 ut
1394 1731 1497 1809 dixit.
1521 1733 1610 1812 Post
1632 1761 1705 1839 que
1723 1735 1818 1812 dixit
1832 1736 1955 1816 dictus
1972 1767 2026 1815 re-

609 1877 738 1967 ceptor
758 1860 882 1938 eidem
905 1861 991 1938 testi
1016 1861 1120 1966 quod
1150 1861 1379 1939 oscularetur
1400 1863 1525 1968 ipsum
1550 1878 1686 1941 testem
1709 1863 1748 1940 in
1768 1864 1972 1958 umbilic0;
1993 1887 2026 1944 et

611 1991 701 2067 dum
727 1991 806 2097 ipse
829 1989 934 2068 testis
957 1990 1095 2067 levaret
1119 2007 1239 2068 vestes
1267 2018 1366 2080 sues,
1388 1991 1520 2069 fratres
1547 2007 1706 2070 astantes
1733 1993 1909 2073 dixerunt
1928 1999 2026 2103 quod

609 2121 835 2211 sufficiebat,
857 2139 893 2198 et
917 2149 994 2198 non
1023 2119 1094 2198 luit
1113 2121 1165 2199 ibi
1186 2121 1374 2199 osculatus
1393 2151 1493 2199 eum.
1517 2123 1605 2200 Post
1635 2153 1709 2230 que
1724 2124 1826 2202 dixit
1849 2127 1884 2204 ei
1908 2130 2023 2234 quod,

608 2251 815 2328 secundum
832 2251 1143 2328 consuetudinem
1159 2251 1319 2340 ordinis,
1336 2268 1483 2358 poterat
1496 2252 1695 2331 carnaliter
1714 2255 1949 2342 commisceri
1965 2259 2026 2336 fra-

606 2381 727 2458 tribus
750 2379 893 2458 ordinis
916 2396 953 2456 et
979 2380 1049 2485 ipsi
1069 2409 1155 2455 cum
1179 2407 1245 2469 eo,
1267 2379 1341 2457 boc
1367 2398 1494 2458 umen
1510 2408 1588 2458 non
1612 2379 1701 2459 lecit
1721 2411 1791 2461 nec
1812 2384 1886 2462 fuit
1904 2389 2025 2495 requi-

607 2513 717 2601 situs,
742 2538 812 2586 nec
837 2509 957 2586 credit
976 2509 1081 2615 quod
1106 2509 1146 2585 in
1172 2508 1304 2586 ordine
1332 2508 1451 2586 fieret.
1475 2510 1692 2616 Requisitus
1716 2512 1748 2589 si
1775 2515 1896 2592 credit
1926 2519 2027 2622 quod

609 2637 774 2746 predicta
790 2637 992 2716 conlessata
1007 2665 1175 2743 pereum
1194 2637 1459 2715 intervenirent
1474 2641 1725 2718 communiter
1745 2642 1784 2718 in
1800 2646 2026 2752 recepcioni-

607 2770 681 2846 bus
706 2769 866 2846 aliorum
889 2766 1044 2845 fratrum
1068 2767 1226 2860 ordinis,
1252 2765 1451 2878 respondit
1473 2767 1578 2878 quod
1606 2769 1682 2891 010,ι
1701 2771 1790 2879 qnia
1814 2772 1910 2851 vidit
1926 2775 2025 2880 quod

610 2901 891 2978 intervenerrmt
911 2901 951 2975 in
976 2901 1192 3006 recepcione
1218 2900 1424 3010 Hymbardi
1447 2903 1494 2978 de
1513 2901 1550 2977 la
1568 2903 1741 3009 Beyssata
1751 2903 1962 2993 servientis,
1976 2923 2028 2982 te-

609 3032 675 3110 stis
693 3059 803 3137 supra
819 3029 1031 3120 examinati,
1049 3057 1162 3136 quem
1182 3031 1275 3108 vidit
1295 3059 1381 3108 cum
1400 3031 1509 3108 dictis
1524 3030 1666 3110 illicitis
1680 3032 1813 3137 recipi,
1831 3033 1871 3108 in
1889 3033 2030 3140 capella

610 3162 746 3238 domus
773 3159 924 3265 Templi
953 3161 1000 3236 de
1027 3159 1227 3238 Blandesio
1258 3161 1532 3238 Lemovicensis
1569 3159 1745 3250 diocesis,
1782 3189 1852 3267 per
1877 3162 2029 3240 fratrem

611 3292 860 3398 Hymbertum
890 3291 938 3366 de
970 3289 1176 3368 Comborio
1200 3291 1474 3397 supradictum,
1502 3289 1596 3366 infra
1617 3318 1787 3368 mensem
1815 3291 1875 3368 vel
1896 3294 1990 3371 circa
2007 3324 2030 3371 a

608 3421 826 3526 recepcione
854 3418 971 3525 ipsius
994 3419 1115 3510 testis,
1138 3421 1377 3525 presentibus
1402 3419 1579 3498 fratribus
1603 3421 1714 3498 Petro
1737 3423 1903 3528 Remeyo
1928 3451 2032 3528 pres-

607 3552 731 3629 bitero
752 3567 790 3627 et
808 3567 936 3626 curato
964 3549 1062 3626 dicte
1093 3551 1246 3640 domus,
1275 3566 1314 3627 et
1339 3551 1513 3656 pluribus
1532 3550 1616 3628 aliis
1635 3550 1683 3628 de
1710 3551 1848 3656 quibus
1872 3578 1949 3629 non
1970 3580 2031 3629 re-

608 3681 710 3770 colit,
732 3698 770 3758 et
788 3679 943 3758 fuerunt
963 3679 1033 3757 sibi
1060 3679 1190 3785 plures
1220 3681 1402 3757 nominati
1427 3709 1496 3786 per
1512 3680 1634 3758 dictos
1654 3681 1829 3758 dominos
1856 3683 2034 3758 commis-

607 3815 733 3898 sarios,
756 3828 795 3888 et
813 3810 1024 3917 specialiter
1044 3809 1157 3887 frater
1176 3809 1407 3888 Guillelmus
1427 3811 1475 3888 de
1493 3810 1759 3889 Chambonent
1783 3811 1910 3901 miles,
1931 3841 2032 3890 unus

609 3945 656 4020 de
682 3955 761 4020 11110'
780 3941 827 4017 ad
856 3940 1130 4017 deffensionem
1160 3941 1304 4018 ordinis
1324 3941 1540 4047 assumptis,
1563 3971 1679 4049 quem
1701 3942 1825 4019 dictus
1845 3942 2034 4050 Hymber-

608 4089 669 4148 tus
689 4070 865 4176 deposuit
895 4097 962 4147 sue
989 4071 1199 4176 recepcioni
1220 4070 1403 4160 adfixisse,
1426 4087 1463 4148 et
1488 4072 1685 4177 respondit
1715 4070 1838 4149 dictus
1866 4072 1971 4148 testis
1989 4099 2032 4149 se

607 4229 683 4279 non
699 4199 886 4278 recordari
902 4199 1090 4306 plurium,·
1103 4200 1389 4306 recepcionibus
1404 4229 1482 4278 non
1493 4201 1683 4290 adsuerat,
1705 4230 1776 4279 nec
1794 4201 1882 4278 allia
1901 4201 2036 4278 illicita

608 4333 883 4410 intervenerant
910 4330 948 4406 in
978 4329 1075 4406 dicta
1108 4331 1327 4435 recepcione
1358 4359 1423 4408 sua
1448 4330 1507 4408 vel
1526 4348 1626 4436 post,
1649 4358 1718 4408 nec
1747 4329 1787 4405 in
1807 4330 2035 4437 recepcione

608 4459 698 4536 dicti
718 4459 924 4550 llinbaudi,
936 4459 1042 4565 quod
1062 4459 1141 4565 ipso
1157 4460 1303 4536 sciverit
1317 4460 1377 4536 vel
1391 4460 1574 4538 audiverit
1590 4460 1676 4537 dici.
1698 4461 1808 4548 ltem,
1820 4460 1912 4536 dixit
1926 4456 2039 4565 quod

607 4592 687 4696 ipse
717 4589 815 4666 bene
845 4589 1021 4666 credebat
1056 4589 1311 4668 ecclesiasticis
1343 4591 1604 4679 sacramentis,
1639 4589 1797 4667 credens
1829 4591 1935 4696 quod
1968 4585 2035 4666 alii

606 4721 738 4798 fratres
758 4719 901 4796 ordinis
930 4719 969 4796 in
995 4720 1048 4796 eis
1075 4718 1288 4808 crederent,
1316 4737 1355 4796 et
1373 4721 1478 4827 quod
1506 4748 1640 4797 eorum
1668 4720 1879 4798 sacerdotes
1901 4719 2033 4798 debite
