4242 5890
431 567 505 642 aas
818 541 1013 635 rancus
1039 559 1135 633 nes
1161 557 1464 631 rnurnrnns

429 708 662 796 mulieribus,
685 707 818 793 immo,
840 704 871 780 si
892 703 991 782 calor
1010 701 1186 780 naturalis
1204 717 1495 788 moveretoum,
1518 699 1625 806 quod
1644 701 1856 779 commisce·

429 859 485 919 ret
505 868 543 918 se
564 835 834 916 cumfratribus
849 835 943 925 suis,
965 850 1004 911 et
1022 833 1096 911 hoc
1115 832 1216 910 idem
1230 831 1276 909 de
1290 831 1371 910 aliis
1385 847 1587 938 pateretur.
1605 831 1854 938 Interrogatus

430 970 627 1057 ahumai,
649 967 706 1045 vel
727 984 833 1044 metu
853 965 1010 1043 carceris
1031 980 1093 1041 aut
1112 979 1408 1054 tormentorum,
1431 960 1596 1068 aliquam
1613 961 1748 1040 dixerit
1760 961 1856 1040 salsi·

428 1120 541 1180 tatem
558 1100 614 1176 vel
629 1097 872 1176 immiscuerit
881 1097 921 1172 in
938 1094 1178 1203 deposicione
1194 1123 1274 1182 sua,
1293 1093 1463 1200 dixit-per
1472 1093 1731 1202 juramentum
1744 1121 1853 1170 suurn

419 1232 534 1340 'quod
552 1257 644 1319 non;
665 1229 783 1306 immo
804 1227 895 1304 dixit
911 1253 1045 1332 puram
1065 1243 1104 1303 et
1122 1251 1262 1302 meram
1282 1224 1486 1302 veritatem.
1617 1250 1619 1258 ¹

486 1495 578 1570 Item
602 1491 716 1568 frater
744 1488 916 1567 Galtems
940 1487 988 1566 de
1014 1485 1190 1574 Bailleul,
1217 1485 1325 1563 etatis
1353 1485 1540 1592 sexaginta
1569 1511 1772 1574 annorum,
1793 1485 1854 1590 ju·

429 1642 529 1700 ratus
549 1622 685 1699 eodem
707 1621 824 1698 modo
844 1619 892 1695 de
911 1648 951 1695 se
981 1635 1019 1696 et
1035 1617 1116 1695 aliis
1134 1617 1176 1694 in
1195 1644 1304 1694 cause
1323 1613 1415 1694 fidei
1436 1615 1562 1692 dicere
1580 1616 1796 1704 veritatem,
1819 1631 1855 1690 et

430 1755 679 1858 interrogatus
699 1749 747 1826 de
762 1767 931 1856 tempore
952 1766 990 1826 et
1005 1749 1120 1826 modo
1135 1775 1203 1824 sue
1218 1746 1465 1854 recepcionis‚
1485 1747 1579 1824 dixit
1593 1774 1662 1852 per
1670 1746 1855 1853 juramen-

429 1901 511 1960 tum
525 1909 636 1959 suum
651 1880 756 1987 quod
775 1879 847 1957 suit
865 1897 1035 1986 receptus
1054 1879 1156 1984 apud
1175 1879 1344 1958 Mentem
1367 1877 1595 1966 suessionis,
1618 1905 1687 1983 per
1706 1875 1852 1954 fratrem

429 2012 663 2120 Amulpbum
684 2011 732 2088 de
755 2009 973 2098 Wisemale,
994 2010 1123 2115 viginti
1145 2024 1305 2114 quatuor
1328 2008 1415 2084 anni
1436 2024 1523 2084 sunt
1547 2006 1681 2113 elapsi,
1703 2033 1854 2111 presen-

429 2144 529 2220 tibus
548 2141 660 2220 sratre
675 2141 870 2219 Thierrico
892 2141 940 2218 de
960 2138 1179 2220 Vaubellain
1200 2157 1237 2216 et
1260 2139 1372 2216 fratre
1392 2136 1588 2244 Arnulpbo
1609 2137 1657 2214 de
1676 2136 1772 2217 Vitte
1793 2138 1851 2216 Sa·

429 2275 518 2363 vois,
532 2289 570 2349 et
583 2272 809 2378 quibusdam
821 2271 902 2348 aliis
914 2272 961 2348 de
976 2298 1140 2377 quorum
1154 2253 1374 2347 nominibus
1385 2267 1614 2347 nonrecolit.
1626 2269 1726 2346 Dixit
1741 2269 1853 2346 eciam

428 2433 496 2509 per
503 2404 757 2511 juramentum
778 2427 888 2478 suum
909 2399 1029 2507 quod,
1044 2418 1130 2506 post
1139 2399 1273 2477 multas
1286 2399 1554 2504 promissiones
1567 2397 1737 2475 sactasab
1749 2425 1795 2474 eo
1810 2397 1853 2474 de

416 2535 574 2612 'statutis
603 2549 640 2610 et
659 2533 810 2610 secretis
830 2531 919 2608 dicti
938 2531 1080 2608 ordinis
1105 2530 1360 2619 observandis,
1383 2528 1505 2605 dictus
1526 2527 1712 2634 recipiens
1731 2546 1853 2606 osten-

431 2667 487 2742 dit
501 2665 573 2742 sibi
588 2661 788 2771 quamdam
803 2689 951 2739 crucem
965 2661 1128 2768 ligneam
1139 2661 1177 2736 in
1188 2688 1261 2767 qna
1273 2677 1351 2736 erat
1363 2686 1498 2768 ymago
1510 2660 1530 2736 J
1534 2659 1626 2736 besu
1641 2658 1798 2747 Christi,
1819 2675 1853 2735 et

428 2795 593 2902 precepit
612 2792 683 2870 sibi
705 2793 827 2869 dictus
846 2792 1030 2898 recipiens
1045 2790 1149 2898 quod
1169 2790 1369 2897 abnegaret
1383 2789 1572 2868 Christum
1599 2789 1704 2896 cujus
1722 2817 1851 2896 ymago

430 2943 508 3001 erat
527 2923 599 3014 ibi,
631 2941 668 3000 et
691 2922 795 3029 quod
814 2940 965 3028 spueret
988 2951 1098 3028 snpra
1124 2950 1292 3010 crucem,
1314 2920 1420 3027 quod
1440 2920 1520 3027 ipse
1540 2918 1630 2997 fecit
1654 2937 1723 2997 ter.
1745 2923 1854 2996 Inter·

428 3072 578 3164 rogatus
597 3053 644 3131 de
671 3052 817 3144 osculo,
840 3052 931 3130 dixit
952 3079 1019 3160 per
1035 3054 1291 3159 juramentum
1311 3079 1424 3130 suum
1444 3049 1548 3156 quod
1573 3049 1765 3128 osculatus
1787 3048 1854 3126 fuit

429 3186 670 3292 recipientem
687 3186 726 3262 in
746 3183 928 3261 umbilico
948 3200 985 3260 et
1004 3184 1043 3259 in
1062 3210 1141 3260 ore.
1157 3181 1257 3260 Dixit
1273 3183 1390 3259 eciam
1402 3208 1472 3286 per
1480 3181 1740 3288 juramentum
1754 3179 1853 3286 qnod

428 3335 645 3425 preceptum
660 3315 733 3393 suit
751 3344 772 3392 a
792 3315 894 3392 dicto
913 3315 1116 3421 recipiente
1135 3313 1241 3420 quod
1259 3313 1415 3390 omnino
1432 3311 1669 3388 abstinereta
1686 3309 1853 3388 mulieri-

381 3529 386 3540 ,
427 3448 514 3538 hus,
537 3464 575 3525 et
594 3446 623 3523 si
650 3445 750 3524 calor
769 3447 947 3526 naturalis
968 3461 1135 3524 moveret
1165 3471 1269 3532 eum,
1290 3443 1397 3549 quod
1422 3441 1682 3521 commisceret
1706 3469 1746 3518 se
1771 3467 1850 3518 curn

429 3580 510 3657 aliis
524 3577 699 3655 iratribus
719 3577 811 3665 suis,
832 3594 871 3652 et
886 3577 960 3654 hoc
971 3575 1075 3652 idem
1093 3575 1141 3651 de
1161 3572 1244 3650 aliis
1261 3589 1463 3680 pateretur.
1483 3572 1585 3649 Dixit
1602 3587 1728 3650 tamen
1754 3569 1852 3677 quod

430 3737 622 3816 nunquam
641 3705 745 3796 secit,
768 3737 837 3784 nec
857 3706 928 3784 fuit
947 3707 1160 3813 requisitus.
1180 3706 1435 3812 Interrogatus
1454 3721 1582 3780 utrum
1603 3702 1654 3792 vi,
1677 3702 1734 3780 vel
1753 3719 1852 3780 metu

430 3841 585 3919 carceris
599 3858 663 3916 aut
680 3857 977 3928 tormentorum,
993 3839 1157 3944 aliquant
1177 3835 1310 3914 dixerit
1324 3835 1520 3913 salsitatem
1534 3834 1593 3911 vel
1610 3833 1853 3911 immiscuerit

429 3973 468 4047 in
497 3970 737 4076 deposicione
761 3997 845 4057 sua,
873 3969 964 4045 dixit
988 3995 1056 4074 per
1077 3968 1333 4074 juramentum
1355 3963 1467 4044 s'unm
1491 3965 1595 4071 quod
1615 3991 1713 4055 n0n;
1739 3967 1852 4041 immo

431 4102 523 4176 dixit
538 4129 668 4206 puram
682 4100 886 4184 veritatem.

486 4365 577 4469 Item
597 4363 710 4438 frater
727 4359 935 4438 bichardus
949 4359 1151 4449 Leobardi,
1174 4359 1281 4438 etatis
1295 4359 1448 4466 triginta
1466 4387 1649 4436 annornm
1668 4355 1726 4434 vel
1746 4357 1851 4444 circa,

430 4510 472 4569 ut
493 4492 602 4583 dixit,
620 4494 766 4600 juratus
787 4491 922 4570 eodem
942 4491 1058 4569 modo
1081 4491 1129 4568 de
1149 4517 1189 4568 se
1205 4507 1244 4567 e‘t
1263 4490 1344 4567 eliis
1358 4491 1397 4567 in
1419 4519 1527 4568 causa
1548 4490 1637 4566 fidei
1659 4487 1782 4565 dicere
1796 4515 1853 4563 ve-

428 4625 591 4714 ritatem,
610 4641 650 4700 et
670 4625 915 4730 interrogatus
938 4622 986 4699 de
1011 4639 1240 4728 temporeet
1270 4621 1385 4698 modo
1406 4649 1472 4698 sue
1487 4619 1736 4727 recepcionis‚
1766 4618 1853 4696 dixit

428 4784 496 4862 per
509 4755 766 4862 juramentum
785 4781 896 4831 suum
915 4751 1018 4860 quod
1041 4750 1113 4829 fuit
1134 4767 1308 4858 receptus
1327 4754 1427 4857 apud
1453 4751 1650 4829 Breteville
1669 4749 1704 4826 la
1724 4747 1850 4833 Rabel,

354 4885 363 4898 '
428 4915 496 4994 per
514 4887 666 4966 tratrem
680 4883 868 4963 Andream
895 4884 943 4961 de
966 4882 1216 4990 Sequeinville
1234 4900 1493 4988 preceptorem
1512 4881 1659 4960 ballivie
1676 4881 1853 4958 Normnn·
