4486 5890
465 507 535 578 rsa
863 483 1054 578 proces
1079 503 1173 576 ons
1198 501 1496 576 romesinas.

461 645 651 736 credebat,
674 660 713 721 et
733 641 838 750 quod
859 669 992 722 eorum
1009 644 1221 723 sacerdotes
1241 643 1368 722 debite
1388 643 1634 722 celebrarent.
1660 643 1795 724 Statim
1817 669 1884 752 pro

461 758 637 881 professis
665 771 914 864 habebuntur,
944 791 983 852 et
1007 772 1127 851 credit
1152 774 1257 882 qaod
1276 775 1452 882 jurarent
1476 773 1649 852 ordinem
1673 797 1752 852 non
1772 773 1883 852 exire.

461 903 702 980 Clandestine
720 901 1014 1009 recipiebantur,
1042 903 1157 981 nullis
1179 903 1420 1010 presentibus
1440 903 1512 981 nisi
1532 903 1710 982 fratribus
1729 903 1884 984 ordinis.

461 1032 637 1112 Cordulis
663 1033 765 1110 unde
784 1033 960 1115 volebant
982 1034 1184 1139 assumptis
1206 1033 1452 1142 cingebantur
1471 1061 1585 1141 super
1607 1035 1775 1112 camisias
1799 1062 1885 1113 eum

462 1163 602 1271 quibus
623 1164 810 1272 jacebant.
838 1164 1111 1273 lnjungebatur
1135 1165 1188 1242 eis
1207 1186 1276 1272 per
1294 1182 1571 1244 sacramentum
1592 1165 1698 1274 quod
1717 1189 1768 1242 ne
1784 1185 1887 1244 reve-

462 1295 583 1372 larent
613 1312 753 1372 secreta
783 1295 1048 1402 capitoliorum
1075 1321 1145 1372 nec
1173 1295 1333 1374 modum
1365 1295 1597 1402 receptionis
1628 1321 1708 1374 sue.
1741 1297 1888 1374 Fratres

462 1425 622 1502 scientos
647 1453 793 1503 errores
816 1425 1050 1533 negligentes
1074 1423 1246 1514 suerunt,
1269 1428 1454 1532 quianon
1473 1443 1714 1504 correxerunt
1734 1449 1887 1504 eosnee

464 1556 784 1634 denunciaverunt
810 1555 987 1632 Ecclesie.
1015 1554 1249 1633 Elemosinas
1273 1573 1310 1632 et
1329 1555 1621 1662 hospitalitatem
1640 1554 1735 1633 vidit
1752 1579 1887 1634 conve-

463 1688 611 1765 nienter
629 1684 711 1763 beri
733 1703 771 1763 et
790 1686 925 1764 servari
945 1685 985 1762 in
1002 1685 1180 1764 domibus
1195 1685 1339 1764 ordinis
1357 1686 1396 1762 in
1412 1686 1553 1793 quibus
1569 1685 1707 1764 exstitit
1721 1707 1887 1764 eommo-

463 1834 577 1894 ratus.
598 1817 743 1894 Eorum
761 1815 937 1923 capitulio
956 1814 1051 1892 olam
1069 1815 1308 1906 tenebantur,
1329 1815 1446 1895 nullis
1463 1813 1704 1923 presentibus
1722 1815 1794 1894 nisi
1815 1815 1886 1893 lra-

462 1945 585 2024 tribus
605 1945 771 2034 ordinis,
788 1945 829 2022 in
848 1973 926 2053 qun
945 1962 1133 2023 servatum
1152 1941 1285 2024 luisset
1306 1944 1411 2052 quod
1429 1971 1589 2052 magnus
1607 1945 1783 2053 Megn'ster
1799 1971 1886 2025 ctnn

465 2090 650 2154 conventu
669 2075 870 2154 statuisset.
892 2077 998 2152 Nunc
1013 2070 1168 2182 grandia
1182 2074 1372 2167 scandala,
1394 2074 1557 2182 suspicio
1578 2091 1616 2152 et
1632 2073 1785 2153 infamia
1799 2093 1888 2154 sunt

464 2222 590 2283 exorta
600 2205 883 2284 contradictum
894 2205 1089 2294 ordinem,
1107 2221 1236 2283 contra
1249 2231 1364 2312 quern
1377 2203 1500 2282 dietus
1509 2205 1686 2312 Magister
1702 2223 1741 2284 et
1754 2205 1818 2284 alii
1834 2206 1888 2284 di·

463 2350 600 2413 cuntur
614 2334 738 2442 aliqua
755 2334 870 2414 fuisso
891 2333 1069 2427 confessi3
1091 2333 1139 2412 ad
1158 2335 1265 2444 cujus
1285 2331 1429 2414 ordinis
1449 2335 1722 2414 deffensionem
1746 2363 1785 2414 se
1809 2359 1885 2414 non

465 2465 670 2544 obtulerat:
686 2480 725 2542 et
738 2479 961 2571 protestatus
976 2462 1065 2555 luit,
1080 2461 1176 2542 ciros
1183 2464 1413 2572 principium
1426 2463 1677 2572 deposicionis
1688 2467 1885 2573 sue‚quotl

463 2623 542 2674 non
561 2593 782 2672 intendebat
802 2593 979 2672 recedere
1006 2621 1027 2670 a
1051 2591 1291 2698 deposicione
1316 2619 1384 2700 per
1407 2619 1496 2672 eum
1521 2593 1614 2672 facta
1633 2619 1758 2674 oorarn
1784 2596 1885 2673 dicto

465 2725 621 2803 domino
641 2723 918 2830 archiepiscopo
938 2722 1163 2802 Turonensi.

520 2854 735 2962 Requiaitus
753 2855 784 2931 si
800 2853 1230 2960 siodeposueratpreoe,
1242 2869 1432 2960 precepto,
1448 2853 1601 2946 timore,
1618 2877 1762 2942 amore,
1778 2855 1882 2942 odio,

465 2983 524 3061 vel
543 2982 742 3090 temporali
762 2984 924 3064 eomodo
944 2983 1074 3062 habito
1093 2984 1151 3062 vel
1171 2982 1360 3070 habendo,
1377 2983 1572 3090 respondit
1585 2983 1689 3090 quod
1708 3009 1804 3074 non,
1822 2981 1885 3062 sed

464 3142 535 3220 pro
562 3115 715 3192 veritate
740 3114 918 3203 dicenda;
939 3114 999 3192 oui
1023 3111 1095 3191 fuit
1123 3112 1337 3222 injunctum
1364 3111 1469 3221 quod
1494 3141 1570 3191 non
1593 3112 1775 3190 revelaret
1793 3115 1885 3192 hanc

466 3266 572 3322 suam
593 3244 893 3350 deposicionem,
914 3269 1116 3350 quousque
1135 3243 1396 3322 attestaoiones
1415 3243 1556 3322 fuerint
1573 3243 1774 3348 publicato.

521 3505 651 3582 Frater
677 3502 907 3583 Guillelmtrs
929 3502 1145 3613 Talheboys
1163 3503 1345 3593 serviens,
1366 3505 1617 3584 Xantonensis
1635 3505 1812 3596 diocesis,
1833 3523 1887 3584 te-

464 3634 531 3712 stis
549 3655 661 3740 supra
670 3633 837 3740 juratus,
859 3633 925 3740 qui
941 3632 1165 3711 mantellum
1192 3633 1385 3712 dimiserat
1403 3651 1585 3712 vetustate
1603 3651 1883 3742 consumptum,

465 3781 502 3840 et
520 3761 676 3842 barbam
702 3763 841 3842 fecerat
868 3762 942 3840 sibi
968 3763 1067 3852 radi,
1094 3763 1291 3842 absolutus
1315 3781 1354 3841 et
1382 3764 1645 3842 reconciliatus
1673 3764 1796 3842 luerat
1825 3789 1888 3872 per

465 3890 609 3968 dictum
632 3890 953 3998 archiepiscopum
974 3892 1254 3984 Turonensem,
1278 3893 1344 4000 qui
1363 3892 1604 4001 inquisiverat
1621 3917 1709 3971 oum
1734 3893 1885 3984 eodem,

464 4019 709 4127 quadraginta
723 4021 890 4127 quinque
904 4048 1091 4098 annorum
1103 4019 1163 4097 vel
1176 4023 1287 4115 circa,
1301 4023 1576 4130 protestacione
1590 4024 1769 4130 premissa
1785 4023 1888 4132 quod

465 4176 545 4226 non
562 4149 728 4228 intendit
747 4150 926 4228 recodere
944 4178 965 4226 a
983 4151 1226 4258 deposicione
1245 4179 1314 4259 per
1338 4178 1427 4231 eum
1442 4153 1537 4230 lacta
1556 4181 1682 4232 eoram
1705 4155 1807 4234 dicto
1823 4157 1889 4234 do·

465 4279 570 4358 mino
594 4281 892 4387 archiepiscopo,
916 4279 1023 4359 lectis
1049 4297 1088 4360 et
1114 4279 1318 4392 diligenter
1345 4284 1521 4390 expositis
1553 4285 1625 4363 sibi
1645 4285 1827 4364 omnibus
1853 4297 1891 4363 et

463 4411 620 4519 singulis
640 4412 821 4500 articulis,
842 4412 1038 4519 respondit
1050 4413 1157 4520 quod
1173 4413 1324 4492 nullum
1339 4415 1456 4492 aliurn
1474 4415 1619 4495 viderat
1637 4417 1753 4524 recipi
1771 4418 1811 4494 in
1833 4441 1893 4495 or·

464 4541 569 4630 dine,
591 4541 694 4620 unde
710 4541 919 4631 nesciebat,
940 4569 1010 4620 nec
1026 4543 1218 4636 credebat,
1238 4571 1308 4622 nec
1326 4545 1519 4622 audiverat
1542 4547 1616 4623 dici
1637 4545 1685 4624 de
1706 4547 1891 4626 contentis

462 4675 502 4750 in
529 4673 638 4751 dictis
656 4672 822 4751 articulis
839 4672 911 4751 nisi
932 4673 1037 4780 quod
1058 4673 1229 4780 sequitur
1252 4703 1261 4751 a
1282 4675 1384 4754 Dixit
1412 4701 1575 4783 namque
1597 4705 1636 4754 se
1656 4675 1770 4754 luisse
1789 4700 1892 4754 rece·

463 4819 573 4908 ptum
593 4805 633 4881 in
648 4803 788 4912 capella
806 4803 943 4882 domus
957 4803 1108 4911 Templi
1121 4803 1169 4882 de
1185 4804 1292 4883 Bello
1303 4803 1440 4885 Videre
1454 4807 1696 4884 Bituricensis
1712 4807 1888 4893 diocesis,
