4320 5898
415 527 461 596 rs
800 505 996 595 Procas
1023 523 1118 593 nas
1145 521 1449 592 venemens.

412 664 483 739 erit
496 662 534 739 in
547 661 612 740 tali
626 663 710 740 leco
722 662 760 738 in
770 691 848 769 quo
860 661 1050 769 oportebit
1059 689 1146 740 eum
1160 661 1230 738 ista
1239 660 1372 750 facere,
1388 677 1426 738 et
1443 659 1551 738 traxit
1565 685 1603 736 se
1615 658 1664 735 ad
1677 675 1836 764 partem,

411 792 520 870 dictis
534 792 684 870 duobus
702 792 949 870 servientibus
968 792 1268 880 remanentibus,
1282 821 1369 870 cum
1385 807 1480 870 teste
1501 788 1690 895 predicte,
1707 789 1774 894 qui
1793 789 1837 866 ti-

411 952 517 1001 more
534 922 670 999 ductus
689 923 790 1029 spuit
802 923 908 1029 juxta
928 923 1065 999 dictam
1086 951 1253 1015 crucem,
1271 951 1335 1000 ore
1356 949 1434 1000 non
1457 921 1584 1000 corde.
1606 921 1690 998 Non
1709 937 1837 996 tamen

411 1053 607 1160 abnegavit
630 1055 754 1130 Deum
782 1081 851 1130 nec
872 1080 1034 1130 crucem.
1054 1055 1143 1130 Post
1166 1081 1241 1159 que
1265 1052 1387 1130 dictus
1416 1050 1525 1129 miles
1552 1051 1645 1128 dixit
1669 1050 1704 1127 ei
1732 1051 1834 1158 quod

387 1236 389 1242 ‚
410 1202 558 1288 poterat
578 1184 775 1262 carnaliter
800 1184 1033 1261 commisceri
1057 1182 1235 1261 fratribus
1261 1182 1406 1261 ordinis
1424 1200 1463 1260 et
1480 1182 1551 1290 ipsi
1574 1209 1663 1284 cum
1684 1208 1749 1270 θος
1764 1181 1837 1260 boc

408 1333 536 1391 tamen
552 1342 628 1391 non
648 1313 752 1402 fecit,
771 1342 840 1390 nec
859 1314 980 1391 credit
1000 1315 1108 1420 quod
1121 1315 1159 1390 in
1176 1314 1309 1392 ordine
1330 1313 1450 1390 steret.
1472 1313 1574 1391 Dixit
1594 1313 1713 1392 eciam
1730 1311 1764 1388 ei
1777 1311 1835 1388 di·

411 1460 490 1522 ctus
514 1444 623 1520 miles
643 1445 744 1550 quod
773 1473 861 1521 eum
887 1443 1049 1522 debebat
1068 1443 1227 1523 osculari
1247 1444 1287 1520 in
1308 1472 1397 1532 ano,
1416 1471 1493 1520 non
1513 1460 1639 1521 tamen
1668 1442 1836 1549 precepit

411 1575 494 1651 fieri
515 1574 659 1651 dictum
692 1574 887 1668 osculum,
916 1603 985 1652 nec
1017 1575 1143 1680 ipsum
1163 1573 1272 1663 fecit;
1300 1573 1510 1680 dequibus
1535 1573 1712 1650 omnibus
1743 1571 1835 1648 dixit

411 1731 450 1780 se
485 1703 599 1781 suisse
629 1703 842 1782 confessum
870 1703 1062 1810 capellano
1098 1721 1227 1782 curato
1263 1702 1418 1781 seculari
1456 1702 1554 1780 dicte
1592 1701 1697 1791 ville,
1730 1703 1838 1809 cujus

411 1863 551 1910 nomen
588 1851 626 1910 et
665 1862 875 1942 cognomen
910 1835 1074 1942 ignorat,
1110 1833 1302 1911 deffuncto
1340 1831 1505 1911 secunda
1543 1833 1606 1912 die
1642 1848 1839 1938 postquam

410 1964 576 2069 predicta
601 1965 904 2054 intervenerunt,
935 1993 956 2042 a
979 1992 1056 2072 quo
1082 1963 1277 2042 absolutus
1304 1964 1443 2042 exstitit
1466 1979 1504 2042 et
1522 1963 1708 2070 jejunavit
1727 1963 1835 2041 sextis

410 2093 513 2171 feriis
532 2095 648 2173 trium
672 2097 858 2173 mensium
884 2097 1039 2202 inpane
1061 2113 1098 2173 et
1122 2123 1238 2202 aqua,
1263 2095 1360 2172 sicut
1384 2094 1596 2201 injunxerat
1625 2094 1672 2171 ei.
1698 2095 1838 2200 Requi-

410 2224 503 2302 situs
520 2226 549 2300 si
570 2225 655 2312 scit,
676 2224 811 2317 credit,
838 2226 894 2302 vel
919 2227 1112 2304 audiverat
1139 2227 1211 2304 dici
1243 2226 1348 2332 quod
1375 2225 1505 2302 illicita
1535 2222 1741 2302 confessata
1766 2253 1836 2331 per

411 2383 500 2430 eum
530 2355 588 2433 vel
620 2355 691 2432 alia
722 2357 990 2435 intervenirent
1020 2358 1059 2432 in
1090 2356 1373 2464 recepcionibus
1404 2356 1566 2434 aliorum
1593 2353 1836 2436 fratremve!

410 2503 505 2590 post,
527 2486 723 2590 respondit
743 2487 848 2592 quod
872 2513 966 2575 non,
990 2487 1156 2565 adiciens
1175 2515 1214 2564 se
1234 2473 1370 2566 vidisse
1388 2487 1503 2593 recipi
1525 2483 1778 2591 infrascriptos
1797 2485 1835 2562 in

410 2643 575 2719 quorum
592 2615 1006 2721 recepcionibus‘nichil
1027 2616 1137 2705 vidit,
1157 2645 1227 2693 nec
1244 2617 1366 2706 scivit,
1383 2645 1454 2693 nec
1469 2615 1611 2694 audivit
1630 2614 1704 2691 dici
1721 2615 1836 2694 inter·

409 2745 553 2822 venisse
588 2743 759 2823 illicitum
784 2774 854 2823 nec
877 2763 981 2852 post;
1002 2745 1176 2825 videlicet
1197 2745 1349 2824 fratrem
1369 2748 1525 2824 Petrum
1548 2746 1595 2824 de
1622 2745 1743 2822 Lenbi
1763 2775 1835 2824 ser-

410 2874 592 2966 vientem,
607 2876 864 2954 Noviomensis
885 2875 1061 2966 diocesis,
1075 2893 1120 2953 ut
1138 2876 1272 2970 credit,
1292 2892 1427 2954 testem
1442 2903 1555 2983 supra
1568 2877 1835 2964 exanrinatum,

410 3035 525 3112 quem
545 3007 686 3112 recepit
714 3005 828 3083 frater
857 3007 1044 3084 Robertus
1069 3007 1116 3084 de
1139 3007 1274 3086 Sancto
1295 3007 1401 3085 Justo
1421 3006 1607 3113 presbiter
1628 3003 1831 3120 quffndam,

410 3135 450 3212 in
478 3136 620 3243 capelia
635 3139 772 3215 domus
791 3135 942 3241 Templi
967 3135 1015 3212 de
1040 3136 1203 3242 dymont
1223 3136 1484 3214 Ambianensis
1505 3137 1685 3227 diocesis,
1706 3155 1833 3216 suntx

411 3266 498 3342 anni
515 3267 572 3343 vel
588 3269 701 3358 circa,
722 3265 960 3372 presentibus
975 3264 1152 3344 fratribus
1169 3266 1281 3344 Petro
1302 3267 1350 3344 de
1366 3267 1487 3344 Lenhi
1508 3268 1704 3376 quondam
1721 3296 1835 3344 avun-

411 3394 497 3473 culo
531 3397 691 3502 predicti
731 3383 848 3486 Petri,
887 3412 977 3473 tunc
1003 3413 1221 3502 preceptore
1255 3395 1354 3474 dicte
1392 3398 1544 3486 domus,
1582 3413 1621 3474 et
1663 3397 1830 3476 Johanne

408 3526 583 3634 bergerio
608 3529 705 3605 dicte
719 3529 880 3605 domus.
903 3528 1008 3607 Vidit
1034 3529 1151 3605 eciam
1172 3527 1286 3634 recipi
1303 3527 1435 3606 fratres
1455 3528 1610 3606 Petrum
1630 3528 1678 3606 de
1699 3529 1833 3608 Sancto

410 3658 600 3736 Maxencio
638 3658 899 3736 Ambianensis
934 3659 1110 3748 diocesis,
1145 3675 1183 3736 et
1214 3659 1426 3736 Johannem
1458 3658 1505 3735 de
1533 3659 1728 3737 Juveniliis
1759 3687 1835 3738 sen

408 3788 572 3878 vientes,
603 3817 671 3893 per
684 3789 836 3866 fratrem
852 3787 1036 3867 Garinum
1057 3788 1103 3866 de
1123 3787 1266 3866 Grandi
1282 3785 1427 3867 villarii
1442 3787 1604 3866 militem
1628 3790 1835 3895 quondam,

410 3917 449 3992 in
481 3920 580 3997 dicta
613 3919 754 4025 capella
784 3919 831 3996 de
859 3918 1038 4025 Aymont,
1071 3919 1110 3995 in
1147 3934 1261 3997 estate
1296 3919 1465 4025 proxima
1493 3938 1604 3998 erunt
1635 3937 1718 3998 octo
1748 3920 1833 3998 anni

410 4046 469 4124 vel
500 4049 613 4138 circa,
643 4047 883 4156 presentibus
912 4047 1014 4126 dicto
1047 4049 1160 4127 Petro
1194 4048 1242 4126 de
1278 4049 1401 4127 Lenhi
1426 4067 1662 4157 preceptore,
1694 4068 1731 4128 et
1756 4051 1836 4156 ipso

410 4194 526 4270 teste,
546 4199 584 4256 et
615 4178 845 4288 quibusdam
874 4177 955 4255 aliis
985 4180 1032 4256 de
1056 4207 1221 4285 quorum
1247 4180 1468 4258 nominibus
1497 4209 1575 4258 non
1606 4181 1835 4270 recordatur,

411 4323 449 4384 et
477 4308 525 4386 de
555 4339 720 4418 quorum
750 4323 1006 4416 receptorum,
1043 4310 1311 4416 recipiencium
1347 4327 1384 4388 et
1421 4311 1626 4390 astancium
1672 4311 1746 4388 vita
1781 4310 1838 4387 vel

410 4457 533 4517 morte
554 4469 631 4517 non
651 4440 765 4519 habet
782 4441 1061 4518 certitudinem.
1083 4440 1197 4527 Item,
1223 4439 1316 4518 dixit
1335 4469 1376 4517 se
1405 4441 1559 4519 credere
1584 4441 1690 4548 quod
1710 4440 1840 4518 fratres

410 4569 553 4647 ordinis
571 4573 770 4649 crederent
786 4570 1040 4648 ecciesiasticis
1056 4573 1315 4661 sacramentis,
1334 4571 1475 4678 quibus
1495 4571 1574 4680 ipse
1595 4571 1784 4661 credebat,
1804 4587 1842 4648 et

409 4700 514 4806 quod
533 4728 664 4779 eorum
685 4701 897 4779 sacerdotes
918 4700 1044 4778 debite
1068 4701 1314 4780 celebrarent.
1335 4701 1472 4780 Statim
1490 4731 1559 4808 pro
1579 4701 1756 4809 professis
1774 4703 1840 4780 ba-

408 4827 608 4910 bebantur.
627 4831 869 4909 Clandestine
886 4833 1172 4938 recipiebantur,
1189 4832 1308 4910 nullis
1324 4832 1564 4939 presentibus
1576 4834 1646 4910 nisi
1665 4831 1841 4910 fratribus
