4202 5876
686 540 884 633 rnocss
910 559 1007 630 ons
1023 558 1331 640 vnnurmnns.
1650 559 1723 632 sos

296 702 336 776 in
354 699 451 778 libro
467 715 689 776 statutorum
700 717 738 778 et
745 699 874 806 regule
888 699 1031 776 ordinis
1045 699 1194 804 Templi
1206 699 1315 776 latius
1325 698 1545 776 continetur.
1558 697 1635 792 Qui
1646 699 1725 805 qui-
1842 719 1849 736 ·

297 831 383 908 dom
396 829 493 907 liber
503 829 691 910 exhibitus
702 829 977 910 estettraditus
988 829 1145 908 domino
1156 829 1308 906 Elnensi
1318 827 1503 934 episcopo,
1513 828 1723 936 inquisitori

292 959 693 1069 hujusinquisitionis‚
705 989 774 1067 per
784 959 1085 1038 dictumfratrem
1096 959 1417 1049 Bartholomeum‚
1430 975 1473 1036 ut
1483 958 1625 1037 audivit
1636 959 1721 1036 dici.

353 1091 411 1167 Ad
428 1091 559 1169 lxxxvu
585 1107 622 1168 et
642 1090 788 1171 lxxxuu
810 1108 847 1168 et
869 1090 1047 1196 ultimum
1068 1089 1244 1169 articulos
1264 1087 1463 1194 diligenter
1483 1105 1520 1166 et
1538 1088 1724 1194 sigillatim

296 1222 558 1330 interrogatus,
580 1220 813 1327 respondens
833 1220 926 1297 dixit
943 1249 983 1298 se
1004 1247 1075 1296 nec
1091 1219 1184 1297 scire
1204 1247 1274 1296 neo
1294 1219 1448 1296 credere
1467 1218 1657 1324 predictos
1672 1248 1724 1296 er·

296 1381 400 1430 rores
416 1351 463 1429 de
476 1353 613 1458 quibus
625 1353 663 1429 in
676 1352 840 1434 articulis
848 1355 968 1460 agitur
980 1379 1147 1456 unquam
1162 1351 1336 1431 habuisse
1352 1367 1477 1430 ortum
1497 1350 1555 1427 vel
1571 1350 1725 1428 inicium

297 1510 477 1590 aquoque
491 1483 538 1560 de
556 1481 733 1560 fratribus
751 1479 896 1558 ordinis
914 1481 1111 1570 memorati
1125 1508 1224 1560 neca
1239 1481 1371 1587 quovis
1384 1480 1476 1570 alio,
1493 1508 1563 1558 nec
1576 1481 1726 1558 scitnec

193 1621 198 1632 '
296 1612 416 1690 credit
428 1612 583 1719 ydolum
597 1611 655 1688 vel
666 1609 779 1717 ydola
795 1637 875 1688 csse
890 1610 949 1687 vel
967 1609 1081 1688 fuisse
1101 1607 1229 1717 aliquo
1248 1627 1418 1716 tempore
1435 1609 1474 1687 in
1493 1610 1574 1716 ipso
1591 1609 1723 1687 ordine

294 1743 352 1819 vel
373 1743 455 1819 loco
469 1758 649 1847 autperto
670 1740 794 1847 aliqua
803 1741 947 1818 ordinis
960 1739 1158 1846 sepedicti;
1172 1767 1242 1817 nec
1257 1739 1422 1820 venerari
1442 1755 1548 1846 putat
1565 1739 1724 1847 ydolum

295 1872 475 1951 custodiri
490 1873 536 1950 ab
547 1871 673 1977 aliquo
681 1869 792 1948 fratre
803 1870 861 1948 vel
870 1871 944 1950 alio
957 1871 1087 1978 inipso
1100 1871 1253 1960 ordine,
1272 1897 1511 1977 necusqunm
1526 1899 1725 1978 usquenec

186 2091 197 2108 ,
295 2031 393 2080 nunc
412 2003 646 2080 mentionem
673 2000 835 2108 aliquam
854 1999 996 2079 audivit
1015 2000 1089 2078 dici
1109 1999 1166 2078 vel
1183 1999 1267 2078 fieri
1285 2000 1333 2078 de
1356 1999 1548 2106 predictis,
1564 2028 1639 2078 nec
1658 2001 1725 2078 scit

296 2132 389 2238 quid
410 2133 457 2208 sit
475 2129 630 2239 ydolum
660 2158 730 2208 nec
755 2132 877 2238 capud
895 2131 1017 2238 ydoli,
1038 2159 1108 2216 nec
1133 2147 1241 2236 putat
1261 2130 1368 2238 quod
1388 2130 1427 2206 in
1447 2129 1616 2236 capitulis
1636 2129 1723 2208 dicti

297 2261 459 2352 ordinis,
489 2261 725 2368 temporibus
746 2263 937 2352 anteactis,
965 2261 1090 2368 eliqua
1114 2260 1254 2338 fixerint
1283 2277 1434 2338 tractata
1452 2259 1511 2338 vel
1531 2261 1627 2337 dicta
1650 2291 1724 2369 que

294 2393 461 2473 Domino
480 2409 606 2502 nostro
621 2393 736 2470 lhesu
757 2392 908 2472 Christo
928 2391 1089 2470 debeant
1106 2390 1315 2497 displicere.

353 2522 475 2629 Super
494 2523 574 2600 aliis
588 2551 676 2601 vero
696 2539 773 2600 tam
789 2521 1082 2602 circumstanciis
1100 2549 1216 2630 quam
1237 2521 1502 2599 coherentibus
1523 2520 1613 2627 ipsis
1638 2521 1724 2598 arti·

297 2652 389 2730 culis
404 2652 600 2759 diligenter
618 2653 878 2760 interrogatus,
902 2653 996 2730 dixit
1013 2681 1052 2730 se
1068 2653 1210 2736 nescire
1229 2651 1337 2757 plura
1351 2679 1420 2730 nec
1440 2651 1592 2730 credere
1614 2651 1724 2766 aliter

294 2811 408 2889 quem
429 2783 602 2890 superius
618 2799 676 2860 est
689 2781 890 2862 confessus.

317 3104 321 3112 .
352 3044 461 3122 Anno
478 3063 519 3149 et
532 3045 592 3123 die
613 3035 893 3152 quibussupra.

351 3175 495 3252 XXllll.
523 3177 652 3252 Frater
680 3176 822 3282 Symon
845 3174 893 3252 de
911 3169 1011 3253 'lllna
1043 3175 1187 3254 ordinis
1215 3174 1304 3252 dicti
1334 3174 1484 3281 Templi
1517 3160 1555 3252 et
1588 3174 1725 3252 domus

297 3305 415 3382 Mansi
436 3305 524 3394 Dei,
545 3305 812 3412 testisyumtns
831 3305 879 3382 ad
893 3321 1017 3382 sancta
1031 3305 1102 3382 Dei
1121 3303 1320 3412 Evangelia
1341 3331 1455 3410 super
1471 3303 1651 3409 predictis
1668 3332 1725 3381 ar-

295 3434 421 3512 ticulis
441 3452 480 3513 et
500 3461 632 3512 eorum
655 3433 826 3542 quolibet
845 3433 917 3512 sihi
940 3433 1115 3540 expositis
1133 3434 1172 3510 in
1191 3433 1349 3540 vulgari,
1378 3449 1422 3511 ut
1438 3433 1653 3539 principalis
1675 3435 1722 3510 de

296 3591 335 3640 se
356 3563 455 3669 ipso,
474 3579 511 3640 et
526 3580 569 3674 ut
582 3563 688 3640 testis
710 3564 758 3642 de
780 3563 876 3652 aliis,
900 3563 1097 3670 diligenter
1118 3579 1155 3640 et
1173 3561 1362 3668 sigillatim
1379 3562 1644 3669 interrogatus,
1666 3591 1725 3639 re·

296 3693 485 3804 spondens
499 3693 737 3799 adprimum‚
757 3719 945 3773 u-xxxrx
963 3692 1138 3770 articulos
1152 3690 1347 3782 inclusive,
1365 3691 1510 3800 negavit
1523 3693 1624 3798 ipsos
1641 3694 1725 3770 arti·

242 3823 244 3826 ’
296 3822 398 3902 culos
419 3839 456 3901 et
471 3823 596 3900 omnia
616 3840 653 3901 et
673 3823 819 3930 singula
840 3839 1014 3900 contenta
1033 3823 1074 3898 in
1095 3822 1160 3900 eis.
1184 3820 1388 3900 Confessus
1401 3839 1527 3900 tamen
1548 3823 1723 3929 estquod

294 3953 333 4030 in
349 3951 567 4056 recepcione
585 3950 741 4028 fratrum
759 3951 808 4028 ad
828 3951 969 4032 dictum
987 3951 1158 4030 ordinem
1181 3949 1281 4028 nulla
1299 3949 1395 4028 fiunt
1413 3978 1482 4028 nec
1503 3950 1584 4028 fieri
1602 3953 1723 4056 preci-

293 4083 451 4188 piuntur
467 4109 536 4158 nec
552 4080 734 4160 docentur
756 4083 802 4160 ab
823 4082 949 4190 aliquo
969 4081 1165 4160 inhonesta
1185 4079 1279 4158 facta
1300 4079 1358 4160 vel
1377 4081 1502 4170 dicta„
1514 4081 1581 4158 sed
1600 4083 1721 4163 solum

294 4211 375 4291 Deo
395 4210 624 4317 beneplacita
646 4230 684 4291 et
702 4213 872 4291 honesta.

350 4341 452 4418 Dixit
477 4341 595 4418 eciam
614 4342 718 4446 quod
738 4360 1010 4420 sacramentum
1036 4341 1160 4420 altaris
1181 4361 1219 4420 ct
1238 4342 1365 4420 omnia
1389 4342 1457 4420 alia
1479 4341 1722 4422 ecclesiastica

294 4489 517 4550 sacramenta
541 4472 699 4550 credunt
719 4472 806 4551 dicti
827 4471 958 4550 fratres
976 4490 1013 4550 et
1034 4473 1113 4579 ipse
1132 4473 1200 4580 qui
1219 4471 1399 4579 loquitur,
1421 4473 1517 4550 sicut
1535 4472 1666 4551 fidelos
1686 4489 1723 4548 et

295 4599 465 4686 catholici
478 4600 694 4690 Christiani,
711 4601 824 4708 prout
836 4602 915 4708 ipse
927 4603 994 4682 scit
1008 4602 1055 4681 de
1068 4631 1126 4692 se,
1142 4618 1181 4680 et
1193 4601 1241 4680 de
1255 4601 1336 4680 aliis
1347 4600 1594 4680 confratribus
1603 4602 1721 4708 ipsius

297 4728 440 4807 ordinis
467 4730 569 4808 idem
592 4732 722 4813 credit.
761 4732 930 4810 Credunt
958 4732 1074 4810 eciam
1105 4732 1295 4810 Christum
1326 4733 1533 4810 Dominum
1565 4732 1720 4810 Jhesum

295 4858 416 4935 Deum
433 4887 513 4938 esse
531 4863 685 4940 unicum
708 4862 984 4969 redemptorem
1005 4877 1043 4940 et
1059 4861 1278 4940 salvatorem
1300 4862 1470 4941 omnium
1490 4861 1720 4968 sperantium
1820 4911 1825 4918 ·
