4208 5886
389 536 464 604 no
771 513 970 607 raeces
999 531 1096 606 nas
1127 530 1432 606 Taurumue.

389 673 505 750 modo
524 670 653 750 habito
678 669 735 750 vel
758 672 955 764 habendo,
982 671 1050 752 sed
1072 699 1142 777 pro
1163 671 1316 748 veritate
1339 669 1517 762 dicenda,
1542 685 1586 746 ut
1610 669 1724 758 dixin
1755 673 1815 750 eui

368 821 369 825 ’
388 803 461 879 suit
477 803 692 910 injunctum
707 802 814 910 quod
830 829 909 883 non
921 801 1104 882 revelaret
1118 802 1215 880 banc
1230 829 1338 880 suam
1354 799 1655 907 deposicionem,
1673 825 1816 908 quoue

387 961 462 1040 que
485 934 749 1011 attestaciones
768 932 911 1010 suerint
931 931 1134 1039 publicata.

444 1063 533 1144 Acta
546 1063 703 1145 fuerunt
720 1065 791 1142 bec
807 1065 868 1143 die
890 1082 928 1142 et
941 1065 1028 1142 loco
1047 1063 1242 1170 predictis,
1264 1061 1504 1170 presentibus
1521 1061 1699 1168 magistro
1714 1062 1818 1140 Ami-

387 1196 458 1280 sio,
477 1223 538 1272 me
552 1195 807 1275 Floriamonte
828 1195 1046 1284 Dondedei,
1069 1211 1108 1272 et
1127 1194 1210 1274 aliis
1230 1193 1385 1274 notariis
1402 1219 1515 1298 supra
1532 1191 1671 1269 ultimo
1691 1194 1816 1269 nomi-

389 1343 496 1402 natis.

444 1591 530 1666 Post
550 1589 637 1680 laec,
655 1587 717 1664 die
738 1587 868 1667 Martis
884 1586 1076 1696 sequenti,
1095 1615 1170 1694 que
1186 1585 1259 1666 luit
1275 1615 1312 1668 ru
1330 1585 1410 1666 dies
1433 1584 1522 1666 dicti
1543 1587 1683 1665 mensis
1706 1587 1812 1676 maii,

386 1720 457 1794 luit
481 1719 666 1798 adductus
693 1720 742 1796 ad
766 1720 997 1825 presenciam
1022 1718 1245 1798 eorumdem
1278 1718 1524 1796 dominorum
1543 1719 1817 1796 commissario·

386 1877 493 1936 rum,
514 1850 554 1924 in
575 1851 692 1927 domo
712 1851 878 1956 predicta
900 1849 1045 1928 domini
1075 1849 1174 1928 Petri
1205 1850 1251 1926 de
1273 1843 1480 1938 Sabaudia,
1501 1845 1615 1924 irater
1629 1848 1760 1926 Paete
1780 1848 1815 1924 la

386 1979 537 2055 Vernha
560 1981 740 2072 serviens,
766 1981 1017 2059 xantonensis
1036 1980 1214 2071 diocesis,
1237 1978 1344 2056 testis
1364 2005 1476 2086 supra
1497 1978 1666 2086 juratus,
1687 1993 1733 2053 ut
1751 1979 1816 2056 de·

386 2124 546 2211 poneret
565 2108 709 2186 dictum
724 2138 852 2199 suum,
872 2110 1220 2217 quinquagenarius
1240 2123 1279 2186 et
1293 2107 1410 2201 ultra,
1432 2104 1656 2184 mantellum
1670 2109 1816 2185 ordinis

386 2253 424 2312 et
435 2237 590 2314 barbam
606 2238 809 2329 defferens,
831 2267 918 2316 cum
934 2267 1011 2345 quo
1025 2239 1248 2346 inquisitum
1263 2235 1402 2326 fuerat,
1422 2235 1619 2316 absolutus
1633 2251 1671 2315 et
1685 2265 1816 2317 recon-

385 2365 531 2444 ciliatus
548 2393 616 2473 per
630 2367 831 2445 dominum
844 2369 1066 2474 episcopum
1083 2370 1378 2447 Xantonensem.
1395 2369 1520 2446 Lectis
1537 2383 1665 2446 autem
1681 2383 1719 2444 et
1737 2367 1816 2444 dili·

384 2515 516 2604 genter
536 2499 713 2604 expositis
732 2497 805 2576 sibi
826 2497 1005 2576 omnibus
1021 2515 1059 2576 et
1079 2497 1237 2606 singulis
1263 2497 1445 2590 articulis,
1467 2498 1662 2603 respondit
1684 2525 1723 2576 se
1748 2526 1815 2575 ne-

384 2629 494 2719 scire,
515 2655 586 2703 nec
605 2628 779 2716 credere,
800 2655 871 2704 nec
895 2627 1080 2704 audivisse
1102 2625 1175 2704 dici
1198 2626 1246 2706 de
1267 2627 1453 2708 contentis
1469 2627 1509 2704 in
1535 2628 1589 2706 eis
1616 2627 1689 2705 nisi
1709 2629 1813 2734 quod

384 2757 568 2862 sequitur,
599 2757 686 2862 quia
716 2783 793 2834 non
823 2755 916 2833 vidit
941 2755 1057 2834 alium
1087 2756 1201 2862 recipi
1234 2756 1273 2832 in
1308 2755 1464 2844 ordine,
1492 2783 1562 2834 nec
1594 2755 1815 2834 interfuerat

385 2885 555 2992 capitulis
576 2914 720 2964 eorum.
740 2887 821 2993 lpse
840 2905 968 2966 autern
987 2881 1161 2994 receptus
1187 2885 1324 2977 fuerat,
1347 2887 1443 2964 circa
1461 2884 1600 2964 festum
1618 2887 1718 2966 beati
1743 2888 1813 2964 Mi-

385 3018 525 3096 chaelis
540 3017 711 3124 proximo
731 3018 953 3122 preteritum
971 3015 1127 3096 bremnt
1148 3017 1295 3096 circiter
1309 3014 1373 3096 nst
1393 3017 1497 3108 anni,
1519 3017 1562 3097 in
1583 3017 1723 3124 capella
1745 3020 1812 3096 do·

384 3177 468 3225 mus
488 3147 637 3252 Templi
664 3147 711 3222 de
736 3128 870 3252 Frolay
888 3148 1122 3226 Turonensis
1144 3147 1318 3237 diocesis,
1335 3175 1404 3248 par
1422 3145 1577 3222 fratrem
1600 3147 1812 3218 Garardum

385 3279 432 3353 de
446 3279 574 3385 Nonay
591 3275 815 3353 servientem
836 3273 1049 3380 quondam,
1065 3287 1325 3378 preceptorem
1341 3288 1432 3347 tunc
1449 3269 1547 3348 dicte
1563 3269 1715 3360 domus,
1735 3297 1815 3375 pre·

381 3408 551 3484 sentibus
575 3405 752 3484 fratrdtus
779 3404 900 3484 Adam
926 3422 964 3482 et
985 3401 1112 3494 Helia,
1140 3429 1305 3509 quorum
1331 3400 1555 3510 cognomina
1581 3400 1748 3508 ignorat,
1776 3417 1814 3476 et

382 3536 463 3612 aliis
479 3535 697 3625 deffunctis,
720 3535 760 3610 in
779 3536 880 3612 hunc
893 3533 1053 3612 modum
1071 3565 1080 3608 ε
1099 3560 1185 3609 nam
1202 3559 1290 3608 cum
1304 3531 1478 3638 peciisset
1498 3530 1680 3610 instanter
1694 3532 1813 3610 socie-

381 3685 496 3744 tatem
513 3666 672 3756 ordinis,
691 3683 730 3744 et
743 3667 779 3742 ei
797 3693 970 3746 concessa
984 3662 1132 3754 fuisset,
1146 3662 1271 3739 dictus
1288 3679 1460 3768 receptor
1472 3659 1561 3740 lecit
1574 3687 1664 3738 eum
1680 3689 1812 3740 vovere

384 3815 421 3873 et
442 3799 569 3904 jurare
598 3825 711 3904 super
737 3796 942 3905 quemdam
966 3794 1106 3872 librum
1135 3793 1360 3884 castitatem,
1382 3791 1664 3884 obedienciam,
1692 3793 1813 3870 vivere

383 3929 463 4005 sine
482 3929 658 4034 proprio,
684 3955 829 4006 servare
848 3926 971 4004 bonos
991 3953 1083 4002 usus
1099 3925 1165 4032 qui
1180 3941 1273 4004 tunc
1288 3940 1394 4002 erant
1413 3923 1453 3998 in
1470 3921 1622 4012 ordine,
1644 3924 1758 4029 etqui
1772 3923 1813 4000 in

383 4074 577 4162 posterum
590 4056 886 4162 imponerentur,
902 4072 941 4133 et
951 4081 1029 4134 non
1042 4053 1205 4132 revelare
1216 4069 1358 4133 secreta
1375 4051 1644 4161 capitulorum,
1657 4070 1695 4130 et
1706 4052 1814 4160 quod

383 4213 459 4262 non
480 4184 688 4264 dimitteret
707 4184 883 4263 ordinem
907 4211 978 4292 pro
994 4183 1145 4262 torciori
1169 4183 1229 4262 vel
1257 4183 1451 4274 debiliori;
1481 4202 1520 4261 et
1542 4183 1720 4290 imposito
1739 4182 1811 4260 sibi

385 4317 432 4392 ad
452 4317 637 4397 bonorem
656 4316 728 4394 Dei
745 4334 782 4393 et
800 4313 908 4394 beate
929 4315 1047 4394 Maria
1070 4315 1269 4408 mantello,
1291 4333 1465 4421 receptor
1487 4332 1525 4391 et
1544 4341 1677 4391 omnes
1700 4329 1814 4390 astan-

383 4464 439 4522 tes
458 4445 612 4524 luerunt
627 4475 715 4525 eum
736 4445 894 4525 osculati
909 4445 949 4522 in
970 4473 1052 4538 ore;
1070 4463 1110 4523 et
1124 4445 1300 4526 instrunt
1317 4473 1404 4522 eum
1425 4444 1589 4551 qualiter
1599 4461 1756 4552 regeret
1773 4467 1812 4522 ee

385 4577 422 4652 in
440 4576 590 4669 ordine,
613 4595 652 4654 et
671 4575 792 4654 dictus
811 4594 983 4685 receptor
1001 4575 1169 4684 precepit
1186 4575 1221 4653 ei
1237 4575 1343 4683 quod
1364 4573 1599 4654 oscularetur
1617 4575 1744 4682 ipsum
1757 4602 1813 4652 re-

384 4726 575 4814 ceptorem
590 4707 629 4784 in
658 4735 767 4786 earne
787 4707 891 4785 nuda
908 4708 1007 4784 inter
1025 4705 1214 4814 scapulas,
1239 4705 1345 4813 quod
1374 4704 1472 4784 lecit.
1494 4705 1627 4784 Postea
1646 4705 1813 4811 precepit

385 4839 416 4914 ei
436 4837 541 4944 quod
555 4837 757 4946 abnegaret
773 4839 898 4915 Deum
914 4838 953 4914 in
971 4837 1164 4942 presencia
1178 4835 1394 4941 aliquorum
1415 4864 1459 4914 ex
1475 4835 1610 4942 eisqui
1624 4835 1809 4924 astabant,
