4320 5898
449 479 496 548 so
836 465 1035 554 Procas
1062 479 1156 552 aas
1182 415 1483 552 ratramnus,

446 620 594 696 cionem
610 646 715 696 suam
737 619 841 724 quod
858 647 935 700 non
950 619 1174 698 intendebat
1188 619 1366 696 recedere
1392 618 1439 694 ab
1460 617 1531 695 alia
1551 617 1790 722 deposicione
1806 647 1873 725 per

447 776 535 825 eum
561 746 654 824 sacta
674 773 797 827 coram
824 747 926 827 dicto
953 749 1110 826 domino
1134 749 1309 856 episcopo
1329 748 1589 828 Ambianensi:
1613 765 1651 823 et
1668 745 1739 824 luit
1761 749 1794 824 ei
1816 750 1874 825 in-

442 880 618 984 junctum
639 878 740 984 quod
758 906 836 956 non
856 879 1040 960 revelaret
1053 879 1150 958 banc
1168 907 1273 957 snam
1296 879 1596 984 deposicionem‚
1620 855 1875 985 quousqueat·

446 1009 670 1092 testaciones
692 1008 832 1086 luerint
851 1010 1051 1116 publicata.

506 1140 595 1217 Acta
617 1139 770 1216 luerunt
794 1139 864 1216 hec
883 1141 993 1218 dictis
1016 1143 1077 1219 die
1099 1161 1135 1218 et
1157 1142 1259 1233 loco,
1284 1135 1523 1248 presentibus
1538 1169 1599 1217 me
1620 1139 1873 1218 Floriamonte

451 1270 665 1361 Dondedei,
688 1287 724 1346 et
745 1269 826 1350 aliis
842 1273 996 1350 notariis
1016 1302 1126 1381 supra
1148 1274 1320 1379 proximo
1334 1272 1553 1350 nominatis.

506 1535 593 1610 Post
613 1533 684 1610 hec
699 1533 760 1608 die
786 1534 891 1610 Luae
905 1534 1097 1638 sequenti,
1121 1563 1195 1638 que
1211 1533 1279 1610 luit
1299 1563 1342 1612 xv
1359 1534 1440 1612 dies
1462 1534 1551 1612 dicti
1572 1535 1712 1610 mensis
1725 1535 1871 1622 Marcii,

450 1663 521 1739 luit
547 1662 731 1742 adductus
752 1665 800 1740 ad
822 1663 1052 1770 presenciam
1080 1665 1304 1745 eommdem
1331 1664 1576 1746 dominorum
1600 1665 1872 1747 commissario-

449 1822 535 1870 rum
557 1811 594 1870 et
617 1793 762 1872 domini
787 1795 945 1882 Mathei,
968 1795 1110 1902 Symon
1139 1794 1177 1872 lo
1206 1797 1331 1902 Begue
1358 1795 1540 1882 serviens,
1569 1792 1874 1872 Altisiodorensis

359 2025 360 2028 Ἴ
450 1925 626 2014 diocesis,
648 1925 753 2004 testis
774 1954 882 2028 supra
900 1927 1063 2031 juratus,
1082 1944 1125 2002 ut
1145 1925 1352 2029 deponeret
1373 1923 1517 2002 dictum
1537 1954 1672 2010 suum,
1695 1953 1771 2000 non
1793 1924 1872 2000 del-

450 2055 573 2139 lerens
593 2054 816 2136 mantellum
838 2055 995 2146 ordinis,
1014 2056 1100 2160 quia
1122 2055 1246 2160 ipsum
1267 2055 1477 2134 voluntarie
1499 2055 1711 2146 dimiserat,
1738 2073 1775 2134 et
1792 2057 1870 2132 radi

448 2185 586 2262 lecerat
608 2185 679 2264 sibi
704 2185 875 2274 barbam,
904 2184 1100 2264 absolutus
1128 2203 1165 2262 et
1190 2185 1454 2264 reconciliatus
1480 2215 1547 2291 per
1568 2185 1767 2263 dominum
1797 2187 1872 2293 api·

448 2343 603 2421 scopum
620 2315 945 2406 Aurelianensem‚
964 2316 1143 2406 Senonis,
1158 2316 1222 2422 qui
1242 2317 1486 2424 inquisiverat
1500 2345 1587 2392 cum
1600 2316 1754 2406 eodem,
1772 2345 1871 2394 sexa-

447 2447 624 2550 genarius
638 2445 694 2523 vel
713 2445 819 2522 circa.
842 2447 966 2522 Lectis
984 2463 1113 2524 autem
1133 2463 1170 2522 et
1188 2446 1391 2555 diligenter
1412 2447 1588 2552 expositis
1603 2445 1674 2522 sibi
1696 2446 1871 2524 omnibus

450 2593 488 2651 et
501 2575 659 2682 singulis
671 2575 851 2666 articulis,
868 2577 1063 2681 respondit
1076 2577 1292 2664 senescire,
1314 2603 1383 2652 nac
1400 2574 1584 2652 audivisse
1607 2574 1699 2662 dici,
1718 2603 1788 2652 nec
1802 2606 1883 2652 cre--

450 2705 540 2781 dere
553 2705 599 2782 de
614 2705 800 2784 contentis
812 2707 852 2780 in
871 2706 924 2780 eis
934 2705 1005 2782 nisi
1020 2705 1124 2810 quod
1138 2707 1320 2811 sequitur,
1336 2733 1504 2784 asserens
1520 2732 1649 2783 senon
1662 2705 1870 2785 interfuisse

449 2813 660 2939 recepcioni
681 2833 840 2940 alicujus
855 2833 1009 2914 alterius
1029 2835 1101 2910 nisi
1119 2864 1201 2925 sue,
1224 2863 1294 2912 nec
1313 2835 1488 2942 capitulis
1512 2863 1657 2910 eorum.
1673 2836 1754 2940 lpse
1771 2839 1868 2914 enim

449 2965 521 3041 luit
536 2981 708 3071 receptus
722 2964 762 3041 in
776 2964 915 3069 capella
930 2965 1065 3044 domus
1075 2965 1225 3071 Templi
1238 2966 1285 3043 de
1303 2966 1399 3044 Villa
1415 2968 1548 3044 Moron
1569 2965 1870 3043 Altisiodorensis

450 3095 624 3185 diocesis,
642 3096 735 3174 circa
751 3097 893 3173 instans
905 3095 1043 3173 festum
1058 3096 1197 3174 Pascha
1213 3113 1323 3174 erunt
1336 3097 1497 3204 trigenta
1509 3098 1595 3174 anni
1609 3096 1667 3173 vel
1681 3097 1791 3186 circa,
1806 3125 1871 3201 per

448 3225 601 3308 fratrem
624 3223 820 3304 Galternm
833 3223 1003 3308 Gonterii
1028 3215 1221 3332 quondam
1242 3209 1482 3316 servientem,
1503 3244 1594 3303 tunc
1614 3243 1869 3332 preceptorem

450 3357 547 3434 dicte
569 3355 723 3446 domus,
744 3355 982 3462 presentibus
1001 3356 1177 3435 fratribus
1198 3355 1405 3434 Guillelmo
1426 3355 1583 3448 Villani,
1602 3354 1819 3434 Guanlredo
1836 3374 1872 3432 et

448 3486 655 3566 Guillelmo
676 3485 846 3568 Guilhon
872 3487 1048 3568 fratribus
1072 3485 1284 3565 carnalibus
1315 3487 1581 3574 servientibus,
1605 3486 1816 3576 deffunetis
1833 3487 1870 3563 in

447 3619 550 3694 hunc
569 3617 729 3694 modum
748 3651 756 3693 :
773 3647 859 3696 cum
874 3618 975 3696 enim
994 3619 1166 3724 peciisset
1187 3647 1323 3722 panem
1339 3634 1376 3692 et
1399 3645 1554 3723 aquam,
1570 3617 1787 3694 societatem
1803 3615 1873 3691 fra-

446 3767 548 3824 trum
566 3763 603 3824 et
616 3775 821 3854 pauperem
838 3748 1014 3826 vestitum
1034 3748 1201 3836 ordinis,
1227 3766 1264 3822 et
1284 3748 1425 3824 dictum
1448 3765 1485 3824 et
1506 3775 1727 3852 responsum
1749 3747 1817 3822 luit
1838 3747 1869 3824 ei

448 3878 553 3983 quod
580 3878 678 3954 bene
706 3877 950 3970 deliberaret,
980 3878 1069 3983 quia
1094 3877 1213 3954 multa
1242 3879 1334 3954 dura
1358 3894 1394 3953 et
1422 3906 1546 3983 aspera
1574 3895 1764 3982 oporteret
1785 3907 1869 3954 eum

448 4007 651 4096 sustinere;
667 4006 821 4085 tandem
844 4008 925 4113 ipso
947 4009 1107 4086 instante
1129 4037 1197 4115 pro
1223 4007 1442 4114 recepcione
1461 4037 1541 4099 sua,
1563 4006 1684 4084 dictus
1704 4024 1872 4114 receptor

448 4137 536 4212 lecit
561 4164 648 4212 eum
671 4163 803 4214 vovere
825 4155 862 4214 et
875 4139 1002 4245 jurare
1025 4139 1249 4228 castitatem,
1280 4137 1557 4226 obedienciam,
1585 4155 1621 4214 et
1648 4137 1767 4214 vivere
1793 4137 1871 4214 sine

449 4267 624 4370 proprio,
646 4294 789 4343 servare
817 4265 938 4344 bonos
966 4297 1055 4344 usus
1077 4286 1113 4344 et
1140 4263 1258 4344 bonas
1284 4269 1592 4357 consuetudines,
1616 4285 1653 4342 et
1674 4295 1749 4344 non
1763 4296 1872 4346 reve-

449 4398 526 4474 lare
547 4416 686 4474 secreta
707 4397 859 4475 ordinis.
884 4400 971 4490 Quo
985 4397 1100 4490 lacto,
1123 4398 1304 4504 imposuit
1324 4399 1396 4475 sibi
1412 4398 1652 4488 mantellum,
1672 4399 1800 4503 etipse
1816 4425 1874 4473 re—

450 4546 579 4634 ceptor
600 4547 637 4606 et
656 4545 816 4609 astantes
833 4528 986 4606 luerunt
999 4557 1088 4606 eum
1101 4529 1257 4608 osculati
1272 4530 1311 4605 in
1334 4556 1411 4604 ore.
1430 4529 1677 4606 Postmodum
1701 4512 1889 4604 instruxit

449 4689 535 4736 eum
550 4677 644 4766 quot
658 4662 769 4738 Pater
779 4675 894 4736 noster
907 4659 1049 4738 diceret
1062 4688 1130 4766 pro
1142 4660 1298 4766 singulis
1312 4659 1428 4745 horis,
1447 4677 1482 4734 et
1497 4659 1660 4764 qualiter
1673 4687 1712 4735 se
1727 4673 1874 4768 regeret

448 4809 485 4868 et
497 4791 652 4868 haberet
661 4793 698 4867 in
707 4791 853 4867 ordine.
863 4792 1010 4868 Deinde
1024 4791 1191 4897 precepit
1204 4791 1238 4866 ei
1250 4792 1353 4897 quod
1371 4805 1524 4896 spueret
1541 4819 1654 4894 super
1669 4787 1871 4895 quamdam
