4202 5876
387 546 461 628 tot
771 532 971 627 ruocts
998 539 1093 622 oss
1120 549 1424 623 rennuens.

384 696 485 774 latim
507 696 774 804 interrogatus,
806 691 1038 801 respondens
1068 693 1215 800 negavit
1243 693 1345 800 ipsos
1372 691 1547 769 articulos
1572 709 1609 769 et
1634 691 1760 768 omnia
1781 706 1820 768 et

385 828 528 936 singula
556 844 732 906 contenta
757 827 884 915 ineis,
907 843 1061 932 excepto
1086 824 1192 933 quod
1212 823 1403 904 confessus
1432 842 1487 901 est
1513 823 1619 930 quod
1646 838 1820 928 receptus

313 1027 320 1036 .
384 959 628 1066 recipientem
648 957 836 1035 osculatur
858 957 899 1032 in
919 984 983 1034 ore
1006 972 1153 1032 tantum
1175 973 1213 1033 et
1232 956 1379 1063 aliquos
1407 955 1454 1033 de
1476 953 1654 1033 fratribus
1674 953 1818 1032 ibidem

384 1088 602 1168 astantibus.

442 1220 500 1299 Ad
519 1246 806 1316 xxxiiii—xxxix
826 1219 1001 1298 articulos
1017 1218 1208 1308 inclusive,
1231 1218 1432 1328 diligenter
1443 1236 1481 1296 et
1500 1218 1690 1327 sigillatim
1706 1219 1820 1298 iuter-

385 1373 551 1462 rogatus,
572 1353 803 1461 respondens
818 1354 965 1460 negavit
985 1353 1086 1459 ipsos
1106 1352 1282 1430 articulos
1303 1369 1340 1428 et
1355 1352 1482 1430 omnia
1503 1369 1539 1429 et
1564 1353 1708 1460 singula
1728 1381 1820 1430 con-

384 1503 485 1563 tenta
505 1487 545 1562 in
567 1486 636 1575 eis,
663 1501 814 1595 excepto
835 1485 940 1591 quod
960 1482 1152 1563 confessus
1173 1502 1228 1562 est
1247 1485 1353 1591 quod
1373 1484 1512 1591 recepti
1534 1483 1665 1562 fratres
1687 1485 1735 1561 ad
1757 1513 1819 1563 or-

386 1618 511 1694 dinem
526 1617 784 1723 supradictum
801 1617 899 1693 inter
916 1615 1075 1722 aliaque
1091 1616 1318 1722 promittunt
1332 1645 1432 1722 pera
1453 1643 1492 1693 se
1508 1617 1706 1722 prestitum
1715 1618 1820 1725 jura-

384 1767 574 1840 mentum,
595 1748 822 1855 promittunt
845 1777 924 1826 non
948 1747 1046 1825 exire
1068 1776 1137 1824 nec
1157 1747 1371 1854 relinquere
1392 1747 1542 1824 dictum‘
1557 1747 1729 1825 ordinem
1749 1778 1818 1854 pro

384 1881 458 1958 alio
477 1881 609 1989 majori
630 1879 688 1956 vel
704 1878 866 1969 fortiori,
890 1879 1027 1956 minori
1053 1876 1111 1956 vel
1131 1877 1305 1958 debiliori
1326 1879 1480 1970 ordine,
1502 1876 1644 1986 absque
1665 1881 1819 1958 licencia

386 2015 467 2121 ejus
484 2015 549 2120 qui
566 2014 614 2091 de
636 2012 808 2090 exeundo
827 2013 950 2119 ipsum
972 2011 1144 2090 ordinem
1159 2011 1354 2089 licenciam
1368 2013 1485 2120 possit
1499 2014 1600 2092 dare.
1617 2013 1820 2094 Confessus

386 2164 442 2222 est
461 2135 578 2222 eciam
600 2143 705 2252 quod
729 2160 816 2250 post
841 2145 1103 2251 recepcionem
1131 2143 1287 2222 fratrum
1308 2144 1399 2222 dicti
1420 2143 1563 2223 ordinis
1592 2145 1661 2252 ipsi
1688 2146 1820 2226 fratres

385 2278 523 2384 recepti
539 2305 606 2384 pro
622 2274 798 2383 professis
813 2275 1059 2353 incontinenti
1077 2275 1276 2366 habentur,
1294 2293 1337 2353 ut
1356 2277 1569 2354 continetur
1583 2277 1623 2352 in
1639 2279 1768 2388 regula
1783 2299 1821 2358 et

384 2407 529 2486 statutis
550 2407 694 2486 ordinis
714 2407 938 2515 supradicti,
962 2406 1102 2484 addens
1121 2408 1238 2486 eciam
1254 2406 1358 2515 quod
1384 2409 1624 2513 recepciones
1650 2409 1819 2516 ipsorum

384 2539 543 2618 fratrum
564 2539 660 2618 frunt
675 2541 713 2614 in
735 2539 895 2647 capitulo
912 2539 1047 2617 clausis
1062 2540 1189 2647 januis
1211 2557 1248 2616 ct
1269 2539 1382 2618 nullis
1403 2540 1641 2646 presentibus
1655 2542 1727 2620 nisi
1748 2541 1820 2618 fra-

385 2671 507 2748 tribus
522 2671 666 2748 ordinis
687 2671 910 2778 supradicti,
929 2671 1057 2748 dicens
1073 2668 1145 2749 hoc
1164 2671 1279 2749 fuisse
1301 2672 1498 2777 scriptum,
1519 2688 1562 2748 ut
1582 2673 1661 2778 ipse
1682 2675 1817 2762 credit,

385 2805 423 2880 in
442 2803 587 2882 statutis
603 2803 745 2881 ordinis
765 2804 950 2912 prelibati.

443 2935 500 3012 Ad
508 2934 668 3014 xL—-xlv
684 2936 861 3014 articulos
878 2937 1067 3027 inclusive,
1085 2937 1287 3046 diligenter
1303 2954 1340 3014 et
1353 2936 1541 3044 sigillatim
1552 2937 1817 3045 interrogatus,

385 3067 531 3172 negavit
549 3067 652 3172 ipsos
672 3065 849 3146 articulos
865 3085 903 3145 et
923 3069 1051 3146 omnia
1072 3084 1110 3145 et
1129 3069 1272 3179 singula
1292 3085 1468 3146 contenta
1487 3070 1525 3144 in
1546 3069 1610 3146 eis.

444 3198 502 3274 Ad
521 3197 751 3276 xlvi—boun
772 3199 951 3278 articulos
966 3200 1157 3290 inclusive,
1180 3201 1380 3308 diligenter
1398 3217 1437 3278 et
1456 3200 1644 3308 sigillatim
1661 3200 1820 3278 interro-

384 3349 506 3438 gatus,
525 3332 672 3438 negavit
687 3331 789 3438 ipsos
809 3331 985 3411 articulos
1000 3348 1039 3410 et
1053 3333 1178 3411 omnia
1200 3350 1237 3410 et
1255 3331 1399 3440 singula
1415 3349 1590 3410 contenta
1612 3332 1738 3420 ineis,
1759 3361 1820 3410 er-

386 3480 494 3570 cepto
515 3461 620 3571 quod
634 3463 824 3542 confessus
841 3463 1017 3573 estquod
1031 3463 1161 3542 fratres
1181 3466 1298 3572 ipsius
1318 3465 1462 3542 ordinis
1477 3481 1628 3571 portant
1650 3463 1820 3544 cordulas

384 3595 500 3674 lineas
513 3596 571 3674 vel
589 3595 635 3674 de
653 3595 793 3674 canabo
809 3624 919 3702 supra
936 3595 1125 3674 camisiam
1139 3595 1188 3672 acl
1199 3597 1473 3702 designandum
1489 3597 1692 3680 castitatem
1708 3613 1835 3703 quam'

386 3729 455 3834 ipsi
476 3727 606 3807 fratres
624 3757 768 3806 servare
790 3728 1014 3835 promittunt
1033 3745 1206 3834 tempore
1227 3728 1284 3804 sui
1306 3728 1498 3836 ingressus
1524 3727 1727 3835 religionis.
1752 3731 1821 3806 Ne-

385 3861 481 3966 gavit
498 3855 623 3937 tamen
643 3861 748 3965 quod
764 3859 874 3940 dictis
896 3858 1062 3936 cordulis
1082 3887 1159 3938 non
1180 3859 1381 3966 cinguntur
1401 3887 1470 3936 nec
1482 3875 1688 3966 tanguntur
1704 3859 1820 3964 capita

385 3992 601 4098 ydolorum3
628 3991 717 4098 quia
736 4019 806 4068 nec
826 3992 895 4069 scit
915 3989 1019 4096 quod
1044 3991 1092 4066 sit
1116 3990 1288 4098 ydolum,
1317 3991 1384 4068 sed
1408 4008 1516 4096 putat
1543 3990 1649 4096 quod
1671 3990 1720 4066 sit
1744 3989 1820 4066 dia·
1845 4053 1847 4060 ,

385 4121 513 4212 bolus,
537 4140 602 4200 aut
621 4121 739 4198 nichil
754 4121 793 4198 in
813 4122 976 4199 Ecclesia
993 4139 1117 4199 sancta
1132 4123 1213 4211 Dei,
1234 4151 1303 4202 occ
1319 4151 1485 4229 unquam
1501 4121 1645 4200 audivit
1660 4122 1699 4198 iu
1721 4122 1818 4198 dicto

387 4253 520 4330 ordine
541 4253 588 4330 de
608 4251 725 4360 ydolo
748 4253 830 4330 freri
851 4254 1101 4344 mentionem,
1124 4253 1195 4332 nisi
1216 4254 1311 4338 sicut
1333 4256 1371 4331 in
1397 4255 1588 4361 Scriptura
1609 4281 1711 4332 sacra
1731 4253 1819 4329 dici-

385 4402 460 4461 tur.
477 4382 679 4463 Confessus
700 4400 755 4462 est
779 4384 896 4462 eciam
916 4384 1022 4492 quod
1042 4385 1248 4494 injungitur
1270 4385 1358 4492 ipsis
1379 4383 1555 4463 fratribus
1575 4384 1612 4459 in
1636 4413 1704 4460 sua
1722 4412 1821 4462 rece-

322 4547 329 4558 ·
385 4517 520 4623 pcione
539 4545 607 4624 per
625 4519 883 4626 juramentum
906 4545 954 4594 ne
980 4545 1023 4595 ea
1040 4546 1115 4625 que
1141 4517 1236 4596 fiunt
1260 4535 1297 4594 et
1322 4535 1485 4626 aguntur
1505 4517 1544 4593 in
1566 4545 1699 4594 eorum
1725 4516 1822 4622 capi-

385 4650 475 4727 tulis
497 4649 579 4726 aliis
598 4677 710 4757 quam
735 4649 824 4756 ipsis
843 4647 1020 4728 fratribus
1040 4650 1105 4756 qui
1126 4647 1380 4728 interfuerunt
1397 4648 1569 4756 capitulis
1590 4645 1819 4736 revelentur;

387 4782 477 4858 etsi
502 4782 587 4889 quis
612 4799 741 4859 contra
769 4780 923 4874 faceret,
951 4800 1129 4889 tanquam
1159 4782 1334 4890 perjurus
1368 4781 1628 4860 excluderetur
1656 4809 1675 4856 a
1707 4779 1821 4856 domo

387 4913 547 5019 Templi.
