4242 5890
347 561 421 632 sco
737 539 935 635 rnocbs
961 559 1058 633 uns
1086 557 1389 634 murmures.

347 703 446 779 dicte
468 698 620 789 domus,
642 729 746 778 nnuc
767 703 961 794 dehmcto,
979 721 1016 781 et
1035 701 1148 781 fratre
1168 703 1279 781 Petro
1299 701 1346 780 de
1362 697 1562 780 CormeIiis
1580 715 1672 776 tunc
1695 727 1780 806 pre·

347 851 499 940 ceptore
521 832 568 909 de
590 832 798 940 Savigneio.
820 835 922 913 Dixit
942 835 1060 912 eciam
1075 863 1145 942 per
1153 836 1413 943 juramentum
1430 859 1540 909 suum
1556 830 1678 938 quod,
1694 848 1780 938 post

348 963 484 1042 multas
503 964 771 1070 promissiones
787 967 834 1044 de
855 967 1017 1058 statutis,
1035 965 1287 1044 observanciis
1301 980 1341 1042 et
1353 963 1505 1042 secretis
1525 962 1614 1040 dicti
1636 962 1780 1042 ordinis

350 1094 591 1174 observandis
610 1125 679 1204 per
691 1125 780 1174 cum
795 1097 923 1189 factas,
942 1115 980 1176 et
998 1096 1178 1175 mantello
1196 1095 1268 1174 sibi
1282 1095 1439 1184 madito,
1460 1095 1582 1173 dictus
1595 1094 1781 1200 recipiens

353 1226 459 1304 duxit
474 1255 560 1304 eum
576 1227 623 1304 ad
638 1245 802 1334 partem,
821 1245 859 1306 et
878 1227 1047 1307 ostendit
1067 1228 1136 1306 sibi
1158 1255 1309 1306 crucem
1321 1255 1407 1304 cum
1424 1223 1547 1332 effigie
1560 1225 1700 1303 Christi
1715 1226 1781 1303 de-

350 1358 487 1464 pictam
509 1357 548 1434 in
568 1357 732 1464 quodam
752 1359 904 1438 missali.
925 1361 973 1438 Et
993 1359 1086 1437 dixit
1105 1359 1178 1436 sibi
1198 1359 1320 1436 dictus
1339 1357 1524 1463 recipiens
1543 1354 1649 1463 quod
1666 1356 1781 1434 abne-

351 1505 455 1594 garet
475 1488 668 1566 Christum
695 1491 801 1598 cujus
826 1492 1037 1598 ymaginem
1060 1490 1130 1568 sibi
1155 1489 1378 1568 ostendebat
1396 1505 1465 1576 ter,
1488 1505 1525 1564 et
1549 1504 1608 1565 ter
1630 1505 1781 1594 spueret

349 1648 460 1727 supra
485 1647 632 1697 crucem
656 1637 693 1698 et
713 1650 823 1728 supra
844 1619 1048 1701 Christum.
1079 1621 1194 1717 Quod
1212 1620 1333 1698 Iacere
1352 1618 1587 1726 perterritus,
1612 1617 1780 1726 aliquan-

351 1750 434 1840 diu,
467 1750 564 1828 sicut
583 1750 692 1841 dixit,
719 1750 840 1830 facere
870 1752 1083 1862 denegavit3
1115 1751 1182 1830 sed
1209 1751 1296 1858 quia
1324 1750 1509 1856 recipiens
1534 1747 1681 1826 dicebat
1706 1749 1778 1826 sibi

350 1880 454 1988 quod
474 1881 546 1959 hoc
566 1897 645 1960 erat
664 1884 711 1961 de
732 1883 878 1962 statutis
899 1885 1059 1974 ordinis,
1078 1902 1115 1962 et
1136 1911 1224 1960 eum
1245 1881 1382 1961 adhoc
1400 1880 1780 1958 instantissimecom-

348 2011 529 2119 pellebat,
563 2012 680 2090 dictas
709 2013 1002 2123 abnegacionem
1034 2032 1072 2092 et
1101 2014 1334 2121 spuicionem
1369 2040 1435 2092 ore
1463 2011 1568 2102 fecit,
1590 2011 1681 2102 ¹licet
1703 2039 1779 2090 nou
1884 1993 1891 2002 ⁶

349 2143 479 2237 corde,
502 2144 598 2221 sicut
620 2143 723 2223 dixit.

406 2277 659 2386 Interrogatus
685 2278 733 2355 de
761 2279 909 2369 osculo,
942 2278 1036 2356 dixit
1060 2305 1129 2385 per
1145 2279 1401 2387 jurameutum
1428 2305 1539 2354 suum
1567 2275 1778 2384 quodcum

350 2408 428 2512 ipse
447 2407 631 2517 obligaret
652 2439 691 2486 se
712 2409 759 2486 ad
781 2410 952 2487 facienda
973 2410 1100 2488 oscula
1127 2410 1167 2487 in
1191 2409 1266 2488 fme
1287 2410 1392 2517 spine
1419 2409 1519 2486 dorsi
1541 2424 1578 2486 et
1596 2407 1702 2496 alibi,
1723 2436 1780 2484 se-

350 2537 516 2616 cundum
546 2569 694 2618 morem
723 2557 761 2618 et
787 2541 901 2618 ritum
931 2541 1093 2631 ordinis,
1132 2540 1256 2619 dictus
1287 2540 1473 2646 recipiens
1497 2555 1535 2616 et
1559 2537 1621 2616 alii
1649 2537 1780 2616 Iretres

348 2686 599 2775 pepercerunt
615 2671 685 2749 sibi
698 2671 800 2778 quod
812 2699 889 2748 non
903 2670 1053 2748 faceret.
1071 2672 1173 2750 Dixit
1189 2662 1305 2750 eciam
1319 2698 1390 2779 per
1395 2671 1653 2778 juramentum
1668 2697 1784 2748 suum

349 2799 455 2906 quod
465 2819 686 2908 preceptum
700 2799 771 2879 tuit
791 2802 862 2880 sibi
873 2802 979 2910 quod
993 2803 1022 2880 si
1038 2801 1173 2909 aliquis
1185 2802 1284 2880 calor
1299 2801 1478 2881 naturalis
1492 2817 1660 2880 moveret
1673 2829 1777 2890 eum,

349 2930 455 3038 quod
473 2931 553 3037 ipse
569 2932 829 3012 commisceret
847 2961 887 3012 se
908 2962 995 3011 oum
1014 2933 1143 3041 aliquo
1165 2934 1213 3012 de
1233 2932 1425 3022 fratribus,
1447 2949 1486 3010 et
1505 2930 1679 3010 similiter
1695 2961 1780 3040 per·

351 3062 524 3140 mictcret
544 3061 674 3140 iratres
691 3064 781 3141 dicti
799 3064 944 3144 ordinis
963 3065 1206 3144 commiscere
1224 3092 1311 3142 cum
1329 3093 1391 3156 eo,
1409 3064 1497 3171 quia
1517 3063 1612 3141 sicut
1632 3079 1711 3140 erat
1726 3063 1781 3140 eis

351 3191 557 3302 obligatus,
580 3195 629 3271 ita
646 3195 714 3301 ipsi
731 3213 837 3274 crant
852 3196 925 3274 sibi
941 3195 1093 3303 obligati
1111 3194 1243 3274 adhoc
1258 3194 1486 3272 faciendum.

408 3324 625 3430 Requisitus
646 3325 828 3432 decapite
849 3327 955 3432 quod
973 3327 1181 3416 consuevit,
1202 3343 1246 3403 ut
1261 3325 1408 3415 dicitur,
1432 3324 1593 3433 aportari
1616 3323 1665 3399 ad
1682 3325 1781 3430 capi·

351 3455 428 3532 tuIa
451 3473 489 3532 et
509 3455 670 3546 adorari,
694 3456 788 3533 dixit
807 3485 876 3564 per
890 3458 1147 3566 juramentum
1161 3485 1272 3570 suum
1289 3456 1393 3564 quod
1404 3454 1498 3532 vidit
1517 3453 1615 3532 ittud
1631 3453 1671 3531 in
1687 3454 1783 3533 duo-

351 3585 424 3664 bus
444 3585 712 3694 capitulisque
741 3587 864 3664 tenuit
888 3587 1003 3666 frater
1026 3589 1136 3695 Hugo
1157 3587 1206 3664 de
1232 3585 1401 3666 Paraudo
1425 3585 1592 3664 visitator
1611 3585 1778 3662 Francie.

352 3718 400 3793 Et
414 3717 508 3793 vidit
520 3715 653 3797 fratres
669 3718 825 3796 adorare
841 3717 955 3809 illud,
977 3737 1014 3797 et
1039 3719 1198 3827 ipsemet
1224 3717 1390 3826 fingebat
1403 3715 1498 3794 iIIud
1518 3715 1694 3804 adorare,
1713 3717 1781 3794 sed

353 3873 546 3954 nunquam
566 3846 654 3925 fecit
666 3848 795 3941 corde,
812 3866 855 3926 ut
868 3849 972 3926 dixit.
986 3849 1033 3928 Et
1044 3849 1164 3927 credit
1175 3847 1279 3956 quod
1292 3847 1412 3954 capud
1423 3845 1519 3924 illud
1532 3846 1580 3924 sit
1592 3843 1777 3954 ligneum,

353 3994 587 4084 argentatum
604 3993 642 4054 et
662 3979 882 4056 deauratum
903 3977 1005 4056 foris.
1028 3980 1277 4088 Interrogatus
1291 3979 1396 4086 cujus
1412 3977 1548 4083 speciei
1570 3992 1627 4054 est
1640 3974 1779 4054 dichtm

355 4107 494 4214 capud,
523 4105 616 4185 dixit
633 4137 702 4215 per
721 4101 980 4216 juramentum
1002 4137 1114 4188 suum
1140 4109 1243 4216 quod
1266 4109 1415 4188 videtur
1441 4108 1512 4186 sibi
1537 4105 1643 4214 quod
1669 4105 1783 4186 habet

351 4238 506 4318 barbam
524 4265 592 4316 seu
612 4239 899 4318 similitudinem
918 4240 1048 4319 barbe.

409 4373 661 4478 Interrogatus
681 4389 810 4450 utrum
834 4373 886 4462 vi,
916 4372 976 4451 vel
998 4389 1103 4451 metu
1128 4389 1407 4452 tormentorum
1432 4387 1496 4448 aut
1517 4369 1689 4460 cameris,
1718 4387 1782 4448 aut

354 4502 479 4610 aliqua
494 4501 563 4580 alia
578 4503 626 4581 de
646 4532 770 4596 causa,
793 4503 956 4610 aliquam
973 4503 1170 4583 falsitatem
1191 4503 1440 4582 immiscuerit
1459 4529 1527 4582 seu
1548 4501 1703 4591 dixerit,
1719 4517 1783 4578 aut

354 4634 547 4710 veritatem
568 4635 726 4712 tacuerit
746 4635 786 4711 in
809 4663 875 4713 sua
899 4635 1160 4742 deposicione,
1188 4635 1281 4712 dixit
1303 4663 1372 4741 per
1388 4635 1645 4742 juramentum
1671 4661 1781 4711 suum

351 4764 456 4872 quod
467 4791 561 4855 non;
577 4766 694 4842 immo
708 4764 877 4872 plenam,
894 4795 1036 4844 meram
1050 4784 1088 4844 et
1099 4767 1300 4875 integram,
1316 4783 1471 4873 propter
1485 4763 1646 4843 salutem
1658 4763 1781 4841 anime

352 4927 436 4988 sue,
454 4897 596 4977 dixerat
608 4899 816 4978 veritatem.
