4210 5882
398 537 473 610 tos
672 544 675 550 ·
791 515 1433 606 psocssussrsurttsss.

393 679 620 784 predictum.
634 675 850 782 Requisitus
864 678 980 754 eciam
994 705 1063 782 per
1074 676 1331 782 juramentum
1346 691 1476 752 utrum
1490 675 1541 764 vi,
1558 673 1615 750 vel
1631 692 1735 752 metu
1748 705 1825 752 car·

398 810 491 886 ceris
506 826 570 884 aut
587 825 878 899 tormentorum,
897 837 964 886 seu
976 807 1082 898 alias,
1099 806 1139 882 in
1150 807 1342 912 premissis
1359 805 1604 882 immiscuerit
1614 806 1672 883 vel
1689 807 1822 884 dixerit

396 941 558 1047 aliquam
579 939 793 1027 salsitatem,
817 940 873 1016 vel
892 939 1115 1016 subticuerit
1134 933 1343 1026 veritatem,
1366 937 1459 1014 dixit
1479 967 1547 1042 per
1565 938 1822 1044 juramentum

396 1101 505 1148 suum
529 1072 632 1176 quod
654 1099 752 1159 non,
776 1070 930 1176 etquod
942 1099 1075 1175 puram
1093 1069 1285 1146 veritatem
1306 1069 1397 1146 dixit
1417 1087 1454 1146 et
1470 1097 1623 1145 meram.

453 1335 544 1408 ltem
567 1333 680 1408 lrater
699 1332 918 1436 Radulpbus
935 1331 983 1408 de
1007 1330 1185 1418 Saltibus,
1209 1331 1313 1407 etatis
1330 1357 1423 1409 xxxv
1442 1359 1627 1407 annorum
1638 1329 1696 1407 vel
1710 1333 1818 1418 circa,

395 1463 640 1569 personaliter
652 1465 884 1540 constitutus
909 1463 947 1538 in
969 1463 1057 1538 dicti
1079 1461 1224 1538 domini
1250 1461 1497 1567 inquisitoris,
1523 1479 1694 1540 nostrum
1717 1480 1821 1539 nota-

394 1596 535 1670 riorum
559 1611 597 1670 et
615 1594 768 1670 testium
784 1593 1080 1697 subscriptorum
1097 1593 1303 1697 presencia,
1324 1592 1474 1698 juratus
1489 1610 1528 1669 et
1540 1593 1742 1698 requisitus
1755 1621 1822 1697 per

389 1727 644 1830 juramentum
664 1724 798 1800 eodem
815 1725 947 1812 modo,
965 1723 1057 1799 dixit
1074 1751 1140 1829 per
1151 1724 1408 1828 juramentum
1423 1751 1534 1800 suum
1557 1723 1661 1830 quod
1685 1723 1755 1800 luit
1766 1753 1822 1800 re-

395 1874 524 1961 ceptus
540 1856 639 1959 apud
656 1855 891 1932 Cheurutum
912 1855 950 1930 in
966 1855 1061 1941 Bria,
1079 1883 1146 1958 per
1164 1853 1316 1930 fratrem
1334 1854 1573 1958 Radulphum
1592 1854 1639 1931 de
1657 1854 1819 1942 Gisiaco,
1910 1851 1914 1862 “

395 2003 538 2090 septem
552 1986 638 2061 anni
651 1985 708 2060 vel
724 1985 818 2060 circa
831 2001 917 2060 sunt
934 1984 1060 2090 elapsi,
1083 1983 1318 2090 presentibus
1332 1983 1443 2060 fratre
1459 1984 1618 2062 Morello
1633 1986 1680 2062 de
1693 1985 1819 2072 Belua,

396 2134 433 2192 et
451 2115 564 2193 fratre
583 2117 752 2222 Remigio
779 2091 871 2192 tunc
886 2133 1105 2222 preceptore
1127 2116 1174 2192 de
1203 2116 1464 2194 Columberiis.
1486 2118 1589 2197 Dixit
1616 2119 1733 2195 ceiam
1756 2147 1822 2225 per

312 2312 315 2322 .
390 2249 642 2352 juramentum
668 2275 778 2322 suum
798 2249 920 2351 quod,
943 2265 1027 2352 post
1050 2247 1187 2325 multas
1209 2249 1478 2353 promissiones
1498 2249 1544 2325 ab
1568 2275 1613 2325 eo
1640 2247 1753 2328 factas
1775 2251 1820 2327 de
1878 2283 1885 2294 ·

395 2380 539 2455 statutis
559 2397 596 2454 et
622 2379 772 2454 secretis
797 2379 940 2454 ordinis
961 2379 1215 2464 observandis,
1239 2397 1277 2454 et
1300 2380 1478 2457 mantello
1508 2381 1577 2458 sibi
1608 2380 1654 2458 ad
1683 2381 1820 2458 collum

394 2511 532 2612 posito,
556 2509 677 2586 dictus
700 2509 883 2613 resipiens
907 2510 1072 2588 ostendit
1094 2509 1167 2588 sibi
1193 2537 1343 2587 mosem
1370 2527 1407 2588 et
1424 2513 1636 2618 ymaginem
1657 2511 1819 2589 crucilixi

395 2639 559 2744 depictas
579 2641 617 2716 in
634 2639 797 2745 quodam
815 2639 972 2728 missali,
996 2658 1034 2717 et
1053 2640 1147 2717 dixit
1166 2641 1239 2718 sibi
1259 2641 1363 2747 qnod
1379 2643 1576 2747 oportebat
1594 2643 1699 2748 quod
1713 2643 1822 2720 abne-

391 2789 494 2876 garet
514 2770 622 2846 illum
644 2771 750 2877 cujus
773 2769 891 2876 ligura
913 2789 991 2848 erat
1015 2771 1084 2858 ibi,
1108 2788 1145 2846 et
1168 2771 1275 2877 quod
1300 2790 1451 2876 spueret
1477 2801 1587 2877 supra
1611 2801 1760 2850 crucem
1785 2793 1821 2850 et

391 2901 615 3006 ymaginem.
639 2902 901 2998 Tamencavit
928 2917 1111 3007 quantum
1132 2902 1256 3006 potuit
1284 2930 1331 2977 ne
1363 2902 1509 3009 aliquid
1536 2904 1584 2980 de
1611 2905 1820 3008 sputamine

393 3031 547 3111 caderet
558 3059 679 3136 supra.
695 3031 796 3108 Dixit
816 3033 932 3107 eciam
945 3057 1011 3136 per
1025 3033 1285 3138 juramentum
1301 3061 1412 3110 suum
1428 3033 1533 3140 quod
1540 3063 1617 3112 non
1634 3035 1821 3112 osculatus

392 3159 462 3236 luit
481 3161 723 3270 recipientem
745 3161 816 3238 nisi
836 3163 876 3238 in
897 3190 979 3250 ore,
1001 3180 1039 3238 et
1064 3161 1182 3239 credit
1201 3162 1305 3270 quod
1328 3163 1398 3241 hec
1423 3181 1520 3241 esset
1543 3165 1642 3243 racio
1663 3167 1749 3271 quia
1771 3165 1821 3242 di-

392 3307 472 3366 ctus
485 3292 669 3397 recipiens
683 3291 882 3370 festinabat
892 3319 931 3370 se
945 3293 999 3368 ire
1016 3293 1064 3369 ad
1079 3293 1160 3370 dies
1175 3295 1390 3372 Trecenses.
1404 3295 1620 3401 Requisitus
1636 3323 1705 3400 per
1718 3297 1819 3402 jura·
1849 3261 1854 3298 ¹

393 3439 562 3498 mentum
573 3451 685 3499 suum
696 3440 824 3498 utrum
836 3424 882 3512 vi,
897 3423 954 3499 vel
967 3440 1074 3498 metu
1090 3424 1247 3500 carceris
1262 3442 1327 3500 aut
1340 3441 1630 3511 tomaentomm,
1641 3450 1708 3502 seu
1717 3427 1816 3514 alias,

392 3554 430 3626 in
445 3553 634 3659 premissis
649 3554 895 3630 immiscuerit
906 3555 964 3629 vel
975 3553 1110 3630 dixerit
1124 3553 1286 3659 aliquam
1306 3555 1517 3642 falsitatem,
1531 3555 1589 3632 vel
1600 3555 1819 3634 subticuerit

392 3687 601 3786 veritatem,
615 3685 705 3761 dixit
717 3713 785 3790 per
794 3685 1054 3790 juramentum
1066 3712 1176 3762 suum
1186 3684 1292 3790 quod
1304 3713 1396 3772 non,
1413 3703 1452 3762 et
1461 3685 1568 3792 quod
1583 3713 1716 3792 puram
1730 3689 1819 3763 veri-

392 3831 506 3891 tatem
517 3815 609 3891 dixit
619 3832 656 3892 et
672 3841 826 3892 meram.
848 3816 937 3892 Acte
952 3832 1041 3892 sunt
1057 3816 1130 3892 hec
1142 3816 1316 3907 Parisius,
1339 3818 1377 3892 in
1391 3816 1499 3892 dictis
1515 3817 1694 3893 domibus
1705 3819 1818 3894 Tem·

393 3944 462 4050 pli,
485 3973 600 4034 anno,
618 3946 805 4022 indicione
827 3965 864 4022 et
884 3947 946 4023 die
966 3947 1106 4023 mensis
1125 3947 1337 4024 novembris
1359 3947 1557 4053 predictis,
1582 3946 1818 4053 presentibus

394 4077 575 4182 religiosis
596 4096 634 4155 et
653 4080 818 4155 honestis
838 4079 925 4154 viris
944 4077 1119 4155 iratribus
1137 4078 1287 4156 Nicolao
1308 4079 1358 4155 de
1377 4079 1592 4167 Auessiaeo,
1612 4079 1817 4187 Reginaldo

394 4206 441 4282 de
453 4207 648 4297 Credolio,
665 4208 767 4286 socio
783 4206 873 4283 dicti
887 4207 1029 4284 domini
1049 4209 1297 4314 inquisitoris,
1314 4209 1524 4288 Gossouioo
1541 4211 1591 4285 de
1602 4209 1814 4300 Brebancia‚

393 4335 552 4445 limingo
569 4337 616 4414 de
637 4339 767 4424 Dacia,
789 4339 932 4415 ordinis
952 4357 991 4416 et
1014 4356 1217 4418 conventus
1241 4339 1396 4418 fratrum
1418 4340 1699 4418 Predicatorum
1720 4340 1817 4416 Pari-

394 4470 586 4564 siensium,
614 4490 651 4548 et
673 4469 878 4549 Guillelmo
900 4471 947 4548 de
971 4471 1138 4576 Choquis
1162 4471 1239 4548 cive
1261 4472 1474 4561 Parisiensi,
1495 4471 1652 4548 testibus
1672 4472 1721 4547 ad
1746 4472 1817 4546 hoc

393 4602 530 4678 vocatis
549 4620 586 4677 et
607 4605 753 4708 rogatis.

451 4864 542 4940 Item
556 4891 669 4952 anno,
688 4862 876 4954 indicione
893 4880 929 4938 et
940 4863 1177 4972 pontificatu,
1193 4891 1290 4940 enno
1302 4881 1340 4940 et
1353 4863 1414 4940 die
1430 4891 1475 4940 xx
1493 4863 1706 4942 novembris
1722 4865 1818 4970 ejus-
