4242 5890
761 529 958 622 rnocns
984 547 1080 620 nes
1106 548 1405 622 reuertens.
1721 551 1794 623 sor

373 685 528 777 collum,
551 704 589 764 et
605 703 733 791 postea
745 686 851 764 duxit
861 717 948 768 eum
962 705 1062 764 rotro
1077 688 1269 793 quoddam
1281 689 1410 778 altare,
1425 687 1505 766 aliis
1513 688 1797 768 remanentibus

371 835 410 896 et
423 818 599 924 dispersis
614 843 683 921 per
698 816 892 924 capellam3
907 835 999 896 tunc
1011 817 1101 895 fecit
1115 846 1155 896 se
1170 814 1330 898 osculari
1345 819 1484 925 abipso
1501 835 1653 925 recepto
1671 820 1795 924 primo

371 947 410 1026 in
429 977 493 1026 ore
515 963 656 1053 etpost
674 947 713 1024 in
732 947 807 1024 fine
827 949 935 1053 spine
959 949 1079 1037 dorsi,
1101 948 1218 1026 tercio
1232 949 1272 1024 in
1289 948 1485 1038 umbilico,
1503 966 1541 1026 et
1559 965 1689 1055 postea
1709 950 1797 1028 fecit

369 1077 443 1158 sibi
457 1076 616 1156 osculari
631 1077 782 1156 librum.
801 1078 903 1160 Dixit
917 1080 1034 1156 eciam
1046 1107 1113 1186 per
1125 1081 1380 1186 juramentum
1394 1107 1505 1158 suum
1514 1079 1637 1186 quod,
1648 1097 1795 1158 ostensa

370 1209 448 1288 sibi
464 1209 627 1316 quadarn
648 1236 757 1286 cruce
778 1207 816 1284 in
838 1238 912 1316 qua
932 1227 1012 1290 erat
1030 1238 1163 1316 ymago
1184 1209 1367 1299 crucifixi,
1394 1209 1507 1316 peciit
1532 1209 1579 1288 ab
1600 1238 1645 1287 eo
1666 1227 1795 1288 utrum

371 1339 540 1418 crederet
557 1337 598 1415 in
617 1338 726 1416 illum
747 1339 853 1447 cujus
872 1367 1004 1447 ymago
1024 1341 1079 1418 ibi
1100 1358 1189 1418 erat.
1211 1341 1303 1434 Qui,
1324 1340 1413 1418 licet
1434 1315 1672 1447 responderit
1692 1341 1796 1447 quod

369 1469 437 1560 sic,
467 1469 734 1546 nichilominus
773 1470 989 1576 compulsus
1019 1471 1090 1548 luit
1118 1499 1187 1577 per
1206 1498 1294 1548 eum
1320 1472 1368 1548 ad
1393 1463 1658 1576 abnegandum
1685 1469 1795 1550 Chri-

229 1691 236 1708 ·
368 1617 487 1688 stum,
507 1600 613 1708 quod
632 1599 770 1678 invitus
788 1600 893 1692 fecit3
915 1602 983 1680 sed
1002 1601 1082 1708 ipse
1096 1601 1315 1680 ¹minabatur
1333 1603 1406 1680 sibi
1422 1600 1528 1708 quod
1544 1601 1615 1678 nisi
1636 1601 1791 1689 laceret,

368 1731 447 1836 ipse
462 1745 622 1836 poneret
635 1758 724 1808 eum
743 1729 783 1810 in
804 1759 949 1810 carcere
964 1749 1149 1838 perpetuo
1167 1763 1176 1808 ε
1194 1749 1231 1808 et
1249 1731 1338 1809 fecit
1352 1759 1440 1810 eum
1455 1733 1583 1839 jurare
1598 1730 1703 1837 quod
1723 1731 1794 1808 hoc

368 1887 562 1966 nunquam
582 1859 692 1938 alicui
713 1861 905 1938 revelaret.
929 1863 1030 1939 Dixit
1046 1863 1164 1940 eciam
1183 1891 1251 1968 per
1268 1862 1527 1968 juramentum
1551 1887 1664 1938 suum
1690 1860 1795 1966 quod

368 1990 398 2067 si
409 2008 536 2097 posset
547 1991 719 2080 evadere,
732 2019 809 2070 non
822 1991 979 2070 lecisset.
991 1993 1092 2072 Dixit
1100 1993 1217 2070 eciam
1227 2019 1296 2099 per
1300 1994 1679 2100 juramentumsuum
1690 1990 1794 2097 quod

366 2119 456 2199 fecit
474 2147 564 2198 cum
584 2119 643 2198 bis
665 2149 801 2225 spuere
821 2149 932 2228 supra
953 2151 1120 2212 crucemr
1151 2139 1189 2199 et
1209 2121 1324 2198 tercia
1344 2122 1423 2198 vice
1449 2148 1527 2198 non
1553 2119 1655 2226 spuit
1682 2147 1794 2224 supra

368 2277 539 2338 crucem,
567 2250 634 2328 scd
662 2251 710 2328 ad
733 2268 882 2330 terram.
912 2252 1014 2331 Dixit
1042 2252 1159 2330 eciam
1180 2279 1249 2356 per
1268 2251 1528 2357 juramentum
1554 2277 1666 2360 suum
1688 2248 1795 2356 quod

367 2379 490 2458 dictus
510 2380 696 2487 recipiens
721 2381 815 2460 dixit
839 2382 910 2460 sibi
936 2380 1039 2487 quod
1063 2409 1149 2458 curn
1170 2379 1367 2486 oportebat
1388 2379 1513 2484 ipsum
1540 2377 1733 2456 interdum
1753 2407 1792 2454 se

367 2508 559 2589 absentare
575 2529 612 2588 et
631 2513 685 2588 irc
701 2511 749 2588 ad
766 2511 905 2589 multas
926 2512 1087 2590 diversas
1098 2527 1236 2620 partes,
1254 2509 1285 2588 si
1300 2510 1536 2618 contingeret
1549 2507 1654 2615 quod
1668 2507 1793 2615 aliqua

365 2638 536 2718 voluntas
555 2641 613 2718 vel
630 2641 763 2747 aliquis
781 2660 907 2718 motus
927 2641 1083 2718 carnalis
1102 2656 1271 2718 moveret
1290 2667 1396 2729 eum,
1418 2656 1545 2744 posset
1558 2636 1696 2715 habere
1711 2665 1792 2714 rem

366 2797 453 2846 cuna
469 2770 596 2876 aliquo
613 2770 660 2848 de
675 2769 786 2850 sociis
805 2749 882 2850 suis
896 2771 1086 2860 fratribus,
1109 2787 1147 2848 ct
1165 2799 1244 2848 non
1261 2799 1348 2848 cum
1363 2767 1600 2847 mulieribus.
1622 2767 1795 2873 Reqnisi-

366 2917 426 2978 tus
438 2917 566 2979 utrum
587 2902 713 2979 credat
732 2900 838 3009 quod
852 2930 985 2980 omnes
1005 2901 1066 2980 alii
1085 2901 1136 2979 ita
1157 2901 1394 3006 recipiantur,
1412 2900 1504 2978 dixit
1517 2927 1586 3005 per
1600 2899 1793 3005 juramen-

365 3048 450 3108 turn
465 3059 577 3108 suum
593 3032 699 3137 quod
717 3033 837 3109 credit
851 3033 957 3138 quod
976 3033 1039 3110 sic.
1696 3047 1697 3050 ’

420 3161 673 3266 Interrogatus
684 3188 752 3264 por
760 3162 1140 3267 juramentumsuum
1155 3177 1283 3236 utrum
1296 3160 1348 3247 vi,
1365 3158 1423 3235 vel
1438 3176 1542 3236 metu
1562 3158 1721 3235 carceris
1734 3157 1791 3234 vel

364 3306 656 3376 tormentorum,
679 3306 743 3366 aut
758 3288 827 3366 alia
843 3290 891 3366 de
908 3317 1031 3377 causa,
1047 3289 1211 3392 aliquam
1226 3286 1425 3364 falsitatem
1447 3286 1580 3364 dixerit
1593 3287 1652 3364 vel
1674 3287 1804 3364 immi.

283 3487 284 3492 ,
362 3419 502 3498 seuerit
516 3419 556 3494 in
575 3418 818 3524 deposicione
839 3445 922 3505 sua,
939 3434 1004 3496 aut
1017 3415 1174 3494 tacuerit
1187 3417 1395 3504 veritatem,
1411 3415 1504 3494 dixit
1521 3445 1590 3520 per
1602 3416 1793 3521 juramen-

363 3565 446 3626 tum
465 3575 576 3625 sunm
595 3547 700 3654 quod
725 3574 820 3637 non3
843 3547 960 3624 inimo
982 3544 1073 3624 dixit
1090 3573 1225 3651 puram
1243 3544 1437 3622 veritatem
1460 3563 1612 3650 propter
1633 3543 1790 3620 salutem

366 3677 489 3756 anime
511 3705 590 3756 sue.

419 3939 514 4014 ltem
535 3935 647 4012 frater
664 3935 796 4013 Petrus
818 3935 866 4012 de
895 3934 1055 4041 Arblayo
1087 3934 1302 4012 Parisiensis
1332 3932 1508 4024 diocesis,
1539 3934 1645 4010 etatis
1671 3933 1790 4010 xlunor

365 4092 563 4154 annorum,
583 4081 627 4144 ut
647 4063 810 4152 dicebat,
830 4063 966 4141 eodem
980 4063 1096 4142 modo
1107 4064 1254 4170 juratus
1269 4063 1318 4142 de
1329 4089 1368 4142 se
1384 4080 1423 4140 et
1435 4062 1687 4146 aliisincausa
1698 4061 1788 4142 lidei

364 4195 489 4280 dicere
511 4195 721 4282 veritatem,
744 4193 948 4298 requisitus
971 4189 1018 4270 de
1043 4211 1213 4299 tempore
1242 4211 1279 4270 et
1302 4193 1418 4272 modo
1441 4193 1673 4299 reccpcionis
1697 4221 1783 4280 sue,

364 4325 458 4404 dixit
478 4353 546 4429 per
564 4324 962 4432 juramentumsuum
982 4324 1086 4428 quod
1110 4351 1230 4400 annus
1254 4341 1310 4403 est
1324 4324 1473 4430 'elapsus
1496 4323 1599 4432 quod
1618 4340 1787 4428 receptus

362 4453 434 4534 fixit
451 4454 553 4561 apud
573 4455 805 4561 Soysiaoum‚
822 4481 891 4558 per
911 4452 1062 4530 tratrem
1075 4451 1286 4532 iohannem
1305 4453 1599 4550 thesaurarium.
1616 4471 1786 4558 presente

363 4585 474 4664 fratrc
496 4584 695 4690 Radulpho
720 4601 915 4689 receptore
935 4583 1154 4690 Campanie‚
1180 4599 1218 4660 et
1237 4582 1317 4660 aliis
1335 4582 1513 4662 fratribus
1532 4582 1630 4662 dicte
1652 4581 1785 4661 domus

363 4718 411 4794 de
433 4744 599 4822 quornm
618 4715 834 4794 nominibus
853 4744 929 4795 non
948 4713 1093 4794 recolit.
1118 4715 1219 4794 Dixit
1247 4715 1364 4794 eciam
1383 4715 1511 4822 quod,
1541 4734 1626 4819 post
1650 4699 1785 4792 multas

343 4903 344 4906 ,
362 4846 629 4950 promissiones
643 4846 691 4924 de
712 4845 952 4924 observandis
972 4845 1115 4924 statutis
1131 4862 1168 4924 et
1187 4845 1338 4924 secretis
1355 4844 1515 4932 ordinis,
1537 4843 1608 4923 fuit
1626 4842 1696 4920 sibi
1713 4859 1787 4942 tra-

794 4971 805 4996 ’
1564 4992 1614 5073 39.
