4210 5882
699 557 897 650 raeces
923 575 1019 647 nes
1045 575 1345 652 reurmans
1664 583 1738 655 395

203 699 207 708 ’
312 715 500 794 osculatus
520 714 592 794 tuit
606 716 750 796 dictum
769 718 1014 824 recipientem
1034 735 1071 795 et
1085 717 1179 796 alios
1201 737 1395 825 presentes
1420 721 1459 797 in
1480 749 1558 799 cre.
1579 725 1740 800 interro-

199 861 203 870 ’
309 865 416 952 gatus
430 847 479 924 de
498 846 579 926 aliis
598 849 777 939 articulis,
802 849 894 927 dixit
906 878 981 956 per
997 852 1256 957 juramentum
1278 879 1388 928 suum
1403 852 1509 957 quod
1523 852 1639 930 nichil
1659 854 1739 930 scit.

365 1111 459 1186 ltem
484 1109 598 1189 frater
621 1112 745 1190 Droco
766 1112 822 1188 de·
836 1113 991 1191 Vivariis
1014 1129 1139 1190 custos
1164 1113 1299 1191 domus
1321 1114 1369 1191 de
1396 1113 1625 1205 Barberone,
1655 1115 1738 1194 loco

310 1242 555 1348 preceptoris‚
579 1243 686 1319 etatis
705 1243 950 1350 quadraginta
966 1273 1150 1322 annorum
1160 1246 1218 1322 vel
1234 1245 1346 1333 circa,
1370 1245 1505 1322 eodem
1520 1247 1636 1325 modo
1651 1275 1740 1325 con-

310 1373 479 1462 stitutus,
494 1373 641 1480 juratus
669 1391 706 1451 et
727 1375 992 1482 interrogatus,
1020 1377 1114 1453 dixit
1133 1403 1204 1482 per
1222 1376 1482 1483 juramentum
1504 1403 1615 1454 suum
1636 1380 1739 1484 quod

216 1561 222 1570 .
309 1521 482 1610 receptus
494 1503 568 1582 suit
580 1506 619 1582 in
630 1506 745 1584 domo
755 1506 904 1613 Templi
924 1507 971 1582 de
981 1505 1220 1594 Pruvino‚xx
1234 1507 1324 1586 anni
1333 1505 1391 1584 vel
1404 1506 1498 1582 circa
1508 1524 1596 1583 sunt
1606 1507 1735 1612 elapsi,
1779 1597 1781 1602 Ι

308 1661 376 1738 per
408 1634 557 1712 fratrem
586 1635 795 1732 Gerardum
828 1636 1086 1742 presbyterum
1114 1653 1151 1712 et
1174 1653 1433 1743 preceptorem
1458 1636 1556 1714 dicte
1585 1638 1735 1730 domus,

307 1765 543 1869 presentibus
570 1765 680 1844 fratre
706 1767 924 1846 Godefredo
945 1785 1164 1874 preceptore
1196 1769 1294 1862 dicte
1318 1767 1466 1845 ballivie
1495 1766 1580 1844 loco
1617 1768 1738 1848 fratris

308 1896 492 2001 Arnulphi
508 1897 555 1974 de
577 1897 822 1985 Woisemale‚
845 1914 884 1975 et
903 1897 1014 1974 fratre
1035 1899 1195 2004 Hugone
1210 1916 1402 2006 receptore
1420 1897 1561 1976 telonei
1581 1899 1668 1976 ville
1689 1900 1736 1977 de

308 2027 485 2117 Pruvino,
509 2045 548 2104 et
567 2027 791 2134 quibusdam
813 2028 893 2106 aliis
906 2028 953 2104 de
969 2057 1131 2134 quorum
1146 2027 1362 2106 nominibus
1381 2057 1457 2106 non
1478 2028 1620 2106 recolit.
1637 2031 1739 2106 Dixit

308 2157 425 2232 eciam
445 2183 514 2264 per
528 2157 786 2264 juramentum
808 2187 916 2235 suum
940 2159 1060 2265 quod,
1086 2177 1172 2264 post
1190 2158 1328 2236 multas
1347 2159 1614 2264 promissiones
1629 2161 1676 2236 ab
1691 2189 1736 2238 eo

308 2286 420 2363 factas
453 2289 500 2366 de
526 2285 672 2367 statutis
692 2289 931 2368 observandis
957 2307 994 2366 et
1018 2293 1169 2396 secretis
1197 2290 1286 2366 dicti
1315 2289 1456 2366 ordinis
1479 2288 1734 2380 observandis,

309 2419 431 2496 dictus
457 2420 643 2527 recipiens
668 2420 833 2499 ostendit
857 2422 927 2501 sibi
948 2421 1150 2528 quamdam
1178 2449 1328 2498 crucem
1357 2449 1505 2527 parvam
1526 2421 1670 2526 nigram
1689 2422 1735 2498 de

306 2549 428 2655 ligno,
448 2569 487 2628 et
501 2552 630 2658 petivit
642 2551 688 2629 ab
700 2581 745 2630 eo
761 2569 889 2630 utrum
904 2553 1076 2630 crederet
1090 2553 1129 2630 in
1142 2581 1270 2642 cruce;
1287 2570 1325 2630 et
1339 2553 1418 2658 ipse
1432 2551 1525 2628 dixit
1541 2567 1578 2627 et
1589 2579 1736 2656 respon·

310 2680 364 2757 dit
376 2683 480 2787 quod
494 2682 592 2760 bene
613 2683 791 2761 credebat
805 2684 844 2760 in
861 2711 946 2760 eum
960 2684 1025 2789 qui
1040 2711 1167 2788 passus
1180 2681 1301 2760 fuerat
1320 2685 1359 2758 in
1378 2709 1488 2759 cruce
1503 2709 1572 2788 pro
1585 2681 1736 2758 redem-

307 2813 440 2917 pcione
462 2830 598 2891 nostra.
624 2814 671 2890 Et
688 2831 779 2890 tunc
795 2813 875 2919 ipse
895 2813 1063 2919 precepit
1082 2813 1152 2888 sibi
1173 2813 1277 2919 quod
1296 2813 1497 2918 abnegaret
1523 2839 1671 2888 crucem
1699 2830 1735 2888 et

308 2944 545 3034 crucifixum
565 2945 696 3050 etipse
722 2943 813 3020 dixit
832 2943 936 3050 quod
955 2971 1031 3021 non
1048 2943 1193 3020 faceret.
1217 2945 1264 3020 Et
1288 2960 1379 3019 tunc
1406 2943 1528 3020 dictus
1552 2943 1735 3047 recipiens

306 3071 399 3149 dixit
418 3074 489 3151 sibi
513 3106 521 3150 :
544 3076 692 3180 «Spuas
714 3103 824 3182 supra
856 3103 1025 3161 crucem,
1057 3074 1145 3179 quia
1170 3074 1306 3150 modus
1332 3091 1388 3151 est
1417 3090 1455 3150 et
1477 3101 1567 3150 usus
1593 3074 1735 3151 ordinis

306 3204 443 3295 nostri3
461 3245 473 3274 ι
496 3223 535 3282 et
553 3223 643 3284 tunc
664 3206 742 3312 ipse
762 3204 906 3313 fingens
925 3233 1058 3311 spuere
1078 3233 1189 3310 supra
1209 3232 1375 3292 erucem,
1398 3204 1497 3310 spuit
1518 3205 1565 3280 ad
1579 3191 1732 3282 terram.

305 3334 405 3412 Dixit
432 3354 470 3414 et
498 3365 566 3442 per
587 3336 845 3442 juramentum
872 3363 983 3414 suum
1006 3337 1113 3441 quod
1137 3336 1380 3440 postmodum
1403 3336 1525 3412 dictus
1550 3336 1733 3441 recipiens

304 3468 413 3542 traxit
428 3495 516 3542 eum
533 3467 581 3542 ad
594 3467 794 3573 quamdam
810 3484 971 3573 partem,
989 3484 1041 3554 et,
1061 3465 1251 3543 sublevata
1266 3483 1462 3553 vestesua,
1478 3461 1614 3543 fecitso
1627 3493 1734 3542 oseu-

304 3594 371 3672 lari
393 3597 440 3673 ab
460 3625 505 3674 eo
522 3597 561 3672 in
582 3597 761 3674 umbilico
783 3615 819 3673 et
835 3613 964 3703 postea
983 3599 1023 3673 in
1042 3625 1118 3672 ore.
1141 3596 1354 3702 Requisitus
1370 3613 1497 3672 utrum
1512 3595 1647 3670 viderit
1666 3596 1732 3671 ali-

304 3757 418 3833 quem
434 3727 548 3832 recipi
563 3715 603 3804 in‘
611 3725 713 3805 dicto
729 3728 883 3815 ordine,
897 3727 990 3804 dixit
1002 3756 1070 3832 per
1076 3729 1332 3834 juramentum
1349 3727 1452 3833 quod
1464 3727 1518 3802 sic
1529 3724 1628 3830 apud
1638 3726 1732 3803 Che-

303 3877 470 3949 nutum,
493 3858 634 3937 scilicet
652 3859 805 3938 fratrem
823 3858 1004 3937 Jacobum
1019 3859 1065 3936 de
1081 3858 1297 3947 Chamerot,
1327 3887 1395 3964 per
1414 3857 1564 3935 fratrem
1591 3857 1731 3934 Radul-

303 3989 423 4094 pbum
444 3990 491 4066 de
510 3989 589 4067 Gisi
611 4007 843 4097 receptorem
863 3989 1082 4098 Campanie;
1107 4006 1143 4065 et
1166 3987 1260 4065 vidit
1280 3985 1386 4094 quod
1406 3987 1526 4068 dictus
1548 3987 1730 4092 recipiens

302 4121 412 4197 traxit
431 4149 518 4198 eum
537 4137 637 4198 retro
659 4121 791 4210 altare,
808 4121 875 4198 sed
894 4121 1012 4198 nescit
1024 4120 1117 4226 quid
1142 4118 1231 4196 fecit
1255 4118 1323 4195 sibi
1342 4117 1444 4196 fieri·
1459 4119 1589 4198 Credit
1603 4137 1729 4196 tamen

304 4251 408 4356 quod
422 4250 533 4328 simili
547 4252 663 4328 modo
680 4279 767 4328 eum
782 4251 995 4357 recepisset.
1018 4250 1231 4357 Requieitus
1247 4267 1373 4326 utrum
1389 4251 1440 4338 vi,
1459 4249 1517 4326 vel
1534 4266 1638 4327 metu
1652 4265 1730 4326 tor—

302 4399 515 4458 mentorum
535 4399 600 4458 aut
619 4383 789 4470 carceris,
816 4410 884 4458 seu
903 4382 1027 4487 aliqua
1044 4383 1092 4458 de
1113 4409 1237 4467 eausa,
1260 4379 1423 4486 aliquam
1443 4378 1639 4458 falsitatem
1657 4381 1728 4456 im·
1798 4391 1801 4401 “

302 4513 492 4590 miscuerit
502 4514 541 4589 in
554 4513 793 4619 deposicione
808 4542 885 4603 sua,
899 4530 961 4590 aut
974 4513 1163 4590 veritatem
1176 4513 1344 4600 tacuerit,
1359 4512 1449 4588 dixit
1461 4541 1529 4618 per
1535 4514 1729 4619 juramen-

299 4661 382 4720 tum
395 4673 508 4723 suum
523 4646 627 4752 quod
644 4673 737 4735 nom
756 4646 872 4721 immo
888 4673 1019 4750 puram
1036 4643 1226 4720 veritatem
1243 4643 1383 4722 dixerat
1395 4670 1464 4754 pro
1477 4645 1593 4722 salute
1605 4642 1726 4718 anime

299 4803 377 4853 sue.
