4486 5890
637 516 708 588 nc
1028 489 1222 584 esoces
1249 509 1340 582 uns
1367 507 1667 580 rennuens

632 652 851 730 deffendere
872 650 920 728 de
945 647 1161 728 confessatis
1194 677 1262 756 per
1292 675 1398 736 eum,
1433 649 1500 726 sed
1528 648 1577 726 de
1604 647 1689 726 aliis
1712 676 1788 754 que
1809 648 2058 756 imponuntur

631 781 768 860 eidem.

686 911 902 1018 Requisitus
934 912 964 988 si
990 912 1041 987 sic
1071 910 1297 1015 deposuerat
1327 935 1456 1014 prece,
1492 925 1686 1016 precepto,
1714 910 1875 1000 timore,
1907 939 2054 1002 amore,

633 1040 739 1131 odio,
762 1040 819 1118 vel
844 1040 1043 1146 temporali
1074 1039 1236 1118 comodo
1264 1039 1395 1116 habito
1424 1038 1482 1117 vel
1510 1039 1707 1132 babendo,
1729 1041 1926 1147 respondit
1953 1041 2055 1148 quod

632 1200 731 1259 non,
745 1174 812 1249 sed
826 1200 896 1279 pro
911 1171 1063 1249 veritate
1078 1170 1253 1260 dicende3
1271 1171 1330 1246 cui
1352 1168 1424 1247 suit
1439 1169 1652 1276 injunctum
1669 1169 1775 1276 quod
1787 1197 1864 1248 non
1878 1171 2056 1250 revelaret

631 1303 728 1380 hanc
747 1329 854 1379 suurn
877 1299 1174 1406 deposicionem,
1196 1285 1395 1406 quousque
1415 1299 1671 1378 attestationes
1694 1299 1838 1378 luerint
1854 1300 2052 1407 publicete.

687 1432 777 1510 Acta
794 1430 950 1507 fuerunt
968 1429 1039 1506 hec
1059 1429 1172 1508 diest
1190 1428 1274 1506 loco
1294 1429 1491 1535 predictis,
1510 1429 1751 1535 presentibus
1766 1430 1945 1537 magistro
1956 1430 2056 1510 Ami·

632 1564 704 1653 sio,
722 1589 783 1638 me
803 1561 1058 1637 Floriamonte
1077 1557 1300 1650 Dondedei,
1322 1576 1360 1636 et
1378 1559 1460 1636 aliis
1480 1559 1635 1636 notariis
1650 1587 1762 1666 supra
1782 1561 1920 1638 ultimo
1940 1562 2055 1640 nomi·

633 1691 747 1778 natis,
770 1692 843 1768 hoc
863 1688 963 1768 salvo
983 1689 1089 1795 quod
1103 1688 1226 1766 dictus
1239 1687 1416 1794 magister
1427 1687 1537 1794 Hugo
1557 1713 1634 1766 non
1653 1686 1827 1766 interfuit
1845 1692 2051 1798 recepcioni

629 1819 833 1926 juramenti
856 1819 1044 1896 dictorum
1056 1817 1213 1896 testium
1234 1816 1352 1896 hodie
1378 1819 1605 1923 juratorum.

688 2084 776 2160 Post
801 2083 887 2170 hec,
915 2082 978 2157 die
1005 2079 1129 2158 Sabati
1154 2080 1347 2186 sequenti,
1374 2106 1450 2186 que
1470 2079 1543 2158 fuit
1571 2106 1667 2159 xxvn
1692 2082 1775 2159 dies
1801 2082 1891 2160 dicti
1920 2085 2053 2164 mensis

632 2212 780 2299 Marcii,
803 2209 875 2288 luit
898 2209 1085 2288 adductus
1106 2209 1154 2286 sd
1175 2209 1407 2316 presencium
1434 2211 1657 2290 eorumdem
1688 2211 1933 2290 dominorum
1954 2241 2053 2292 com·

630 2343 904 2429 misteriorum,
935 2342 975 2417 in
1004 2340 1120 2419 domo
1146 2339 1315 2444 predicta
1339 2339 1486 2418 domini
1511 2341 1611 2418 Petri
1638 2341 1686 2418 de
1709 2342 1916 2433 Sabuudin,
1945 2341 2053 2422 frater

629 2471 818 2550 lohannes
839 2473 886 2548 de
906 2471 1029 2548 Canes
1056 2469 1236 2557 serviens,
1257 2468 1520 2546 Ambisnensis
1539 2469 1718 2560 diocesis,
1739 2471 1846 2548 testis
1866 2499 1978 2577 supra
1994 2475 2053 2579 ju·

628 2617 751 2688 ratus,
773 2627 820 2678 xx
840 2627 1025 2678 annorum
1054 2599 1113 2675 vel
1134 2598 1246 2687 circe,
1274 2597 1340 2704 qui
1367 2597 1407 2672 in
1428 2597 1589 2676 concilio
1608 2599 1806 2692 Remcnsi,
1826 2601 1867 2676 in
1892 2628 1971 2708 quo
1990 2628 2053 2708 pcr

630 2729 828 2808 dominum
848 2728 1170 2834 archiepiscopum
1185 2728 1413 2804 Remensem
1425 2726 1622 2805 absolutus
1640 2744 1679 2804 et
1696 2728 1959 2809 reconciliatus
1978 2729 2052 2808 lue·

630 2877 702 2949 rut,
724 2861 948 2940 mantellum
963 2860 1168 2936 dimiserat.
1185 2858 1462 2936 Protestacione
1481 2859 1662 2964 premissa
1677 2861 1782 2966 quod
1798 2889 1876 2938 non
1892 2861 2053 2940 intendit

629 2991 846 3069 recederes
871 2989 1112 3096 deposicione
1132 3017 1201 3094 pcr
1219 3015 1310 3064 eum
1331 2986 1425 3063 lacta
1452 3015 1578 3066 coram
1601 2988 1702 3067 dicto
1728 2990 1885 3069 domino
1911 2992 2052 3070 archie-

629 3121 799 3228 piscopo,
821 3119 928 3197 lectis
949 3137 985 3196 et
1010 3118 1212 3226 diligenter
1236 3116 1411 3224 expositis
1431 3117 1502 3195 sibi
1522 3119 1702 3197 omnibus
1724 3137 1763 3197 et
1786 3121 1946 3230 singulis
1970 3123 2052 3199 urti-

630 3250 744 3342 culis,
765 3247 963 3356 respondit
977 3249 1081 3355 quod
1102 3275 1179 3324 non
1200 3263 1354 3325 steterat
1368 3247 1408 3323 in
1429 3250 1579 3341 ordine,
1601 3249 1672 3327 nisi
1688 3278 1757 3357 per
1769 3251 1975 3330 dimidium
1990 3281 2050 3330 an·

630 3407 723 3458 num
744 3398 829 3457 ante
850 3379 1067 3485 capcionem
1090 3406 1240 3465 eorum,
1267 3405 1338 3454 nec
1362 3375 1528 3484 aliquem
1554 3379 1670 3458 alium
1699 3381 1846 3458 videret
1871 3383 1987 3488 recipi
2011 3383 2047 3460 in

630 3511 763 3588 ordine
784 3525 1009 3598 memorato,
1032 3507 1134 3586 unde
1154 3507 1360 3597 nesciebat,
1384 3535 1454 3585 nec
1473 3509 1670 3598 credebat,
1692 3539 1762 3587 nec
1776 3509 1973 3590 audiverat·
1981 3510 2049 3590 dici

630 3638 677 3718 de
697 3639 886 3717 contentis
915 3639 953 3714 in
976 3639 1085 3717 dictis
1105 3637 1271 3716 articulis
1296 3637 1366 3715 nisi
1388 3639 1493 3744 quod
1513 3639 1698 3744 sequitur.
1724 3639 1828 3717 Dixit
1852 3667 1989 3748 nempe
2015 3667 2050 3718 se

627 3767 740 3847 luisse
753 3786 949 3876 receptum
961 3767 1000 3845 in
1020 3767 1163 3874 capella
1179 3769 1316 3846 domus
1335 3768 1488 3874 Templi
1501 3767 1549 3846 de
1568 3768 1707 3876 Nuylhi
1727 3769 1960 3848 Belvucensis
1975 3771 2051 3850 dio·

629 3901 739 3989 cesis,
760 3928 829 4005 per
839 3899 993 3976 lrstrem
1005 3899 1250 4004 Radulpbum
1272 3898 1319 3975 de
1330 3896 1495 3989 Gisiaco,
1507 3915 1643 3977 testem
1658 3927 1769 4007 supra
1782 3899 2048 3988 examinatum,

628 4029 867 4136 presentibus
900 4028 1078 4106 fratribus
1104 4028 1287 4104 ¹lohanne
1318 4029 1366 4104 de
1398 4030 1497 4106 Nans
1527 4029 1753 4136 presbitero,
1789 4056 1905 4135 quem
1935 4018 2051 4109 credit

629 4157 783 4245 obiisse,
809 4159 934 4246 Petro,
965 4173 1102 4263 nepote
1131 4155 1254 4235 fratris
1285 4157 1455 4264 Hugonis
1491 4159 1539 4237 de
1572 4159 1789 4251 Penrsndo,
1824 4158 1979 4248 militis,
2016 4175 2050 4237 et

629 4286 830 4393 Radulpho
849 4287 898 4365 de
922 4285 1148 4394 Conpendio
1167 4287 1376 4380 serviente,
1402 4316 1500 4394 quos
1519 4289 1639 4366 credit
1664 4290 1803 4378 vivere3
1825 4315 2049 4396 equorecs·

629 4435 736 4524 ptore
755 4444 851 4524 pane
874 4434 909 4494 et
930 4445 1027 4525 equa
1046 4415 1191 4495 ordinis
1214 4417 1420 4523 requisitis,
1443 4434 1481 4496 et
1500 4418 1670 4524 predicto
1683 4417 1788 4524 quod
1796 4415 1897 4496 bene
1910 4419 2048 4498 delibe-

627 4563 745 4637 reret,
757 4545 828 4624 sibi
844 4546 1044 4637 concessis,
1057 4545 1213 4653 prestito
1226 4549 1332 4653 quod
1346 4575 1425 4625 non
1441 4564 1520 4626 erat
1531 4547 1638 4626 elteri
1655 4546 1845 4654 religioni,
1860 4548 2048 4626 matrimo-

627 4676 694 4753 nio
705 4675 764 4753 vel
775 4674 914 4754 debitis
924 4703 1000 4784 quc
1010 4702 1089 4753 non
1105 4693 1232 4782 posset
1241 4675 1385 4754 solvere
1402 4675 1602 4784 obligatus,
1616 4703 1686 4754 nec
1697 4678 2045 4769 excommunicatus,

627 4833 697 4884 nec
710 4805 852 4888 servilis
869 4805 1118 4896 conditionis,
1136 4823 1175 4882 et
1189 4806 1295 4914 quod
1310 4833 1387 4886 non
1401 4805 1565 4884 habebat
1583 4805 1842 4886 infirmitatem
1858 4805 2044 4895 latentem,
