4486 5890
763 533 959 626 Pnocts
985 553 1082 624 nas
1107 553 1406 625 rnuemnus.
1731 553 1800 630 rra

431 695 649 802 Requisitus
665 693 695 770 si
711 693 765 770 sic
777 693 1003 799 deposuerat
1018 719 1141 798 prece,
1161 711 1349 800 precepto,
1365 693 1520 784 timore,
1538 701 1682 787 amore,
1697 695 1800 784 odio,

376 827 435 904 vel
453 824 652 931 temporali
670 825 831 902 comodo
851 823 981 904 babito
997 823 1055 902 vel
1070 823 1263 912 babendo,
1286 823 1482 930 respondit
1502 824 1607 931 quod
1625 854 1719 915 non,
1736 829 1802 904 sed

374 985 444 1062 pro
464 955 616 1034 veritate
643 953 822 1044 dicenda3
846 956 905 1032 cui
926 953 998 1032 luit
1026 955 1239 1063 injunctum
1265 954 1371 1061 quod
1395 983 1472 1032 non
1498 953 1682 1033 revelaret
1707 955 1803 1033 hanc

375 1111 482 1164 suam
494 1085 792 1193 deposicionem,
809 1113 1010 1190 quousque
1025 1085 1285 1163 attestaciones
1299 1083 1438 1162 suerint
1453 1083 1661 1191 publicate3
1676 1104 1713 1163 et
1728 1115 1803 1164 nou

376 1215 565 1294 obtulerat
584 1244 625 1292 se
638 1216 689 1292 'ad
711 1214 988 1294 deffensionem
1003 1199 1163 1303 ordinis,
1181 1231 1220 1292 et
1237 1213 1471 1321 intelligebat
1484 1214 1656 1294 latinum.

431 1347 521 1424 Acta
540 1345 695 1426 luerunt
709 1347 780 1424 hcc
800 1347 865 1425 die
878 1365 917 1424 et
933 1346 1017 1424 loco
1031 1345 1227 1452 predictis,
1249 1345 1487 1452 presentibus
1506 1335 1681 1454 magistre
1701 1348 1805 1424 Ami-

377 1478 454 1568 sio,
474 1505 536 1554 me
556 1476 811 1556 Floriamonte
826 1476 1026 1554 Dondedei
1053 1492 1092 1554 et
1111 1474 1192 1552 aliis
1214 1476 1369 1554 notariis
1388 1504 1499 1581 supra
1521 1475 1658 1554 ultimo
1684 1480 1805 1556 nomi-

375 1624 482 1684 natis.

432 1869 626 1955 Posthac,
649 1868 711 1946 die
728 1869 841 1956 lovis,
863 1896 938 1974 que
959 1865 1032 1944 fuit
1050 1867 1171 1972 prima
1202 1867 1285 1948 dies
1311 1869 1452 1945 mensis
1477 1868 1630 1975 Aprilis,
1649 1871 1724 1950 luit
1740 1873 1806 1948 ad-

377 2000 509 2076 ductus
530 1999 578 2076 ad
592 1999 826 2105 presenciam
847 1997 1068 2074 eorumdem
1100 1997 1342 2076 dominorum
1372 2000 1735 2092 commissariorum,
1766 2005 1803 2082 in

377 2129 476 2206 dicta
488 2130 604 2206 domo
617 2129 763 2206 domini
774 2129 873 2206 Petri
890 2129 937 2204 de
947 2127 1147 2216 Sabaudia,
1165 2127 1279 2204 frater
1293 2129 1403 2236 Hugo
1418 2129 1614 2208 Charnerii
1627 2133 1803 2222 serviens,

307 2351 317 2364 ,
376 2275 574 2365 preceptor
587 2259 724 2336 domus
739 2255 889 2363 Templi
904 2255 951 2333 de
968 2256 1102 2334 Sancto
1116 2255 1297 2334 Porciano
1308 2255 1625 2338 Claramontensis
1633 2262 1802 2352 diocesis,

225 2405 233 2418 ·
377 2388 483 2464 testis
502 2415 615 2494 supra
624 2389 790 2497 juratus,
811 2403 856 2463 ut
875 2387 1083 2493 deponeret
1102 2385 1247 2463 dictum
1265 2415 1395 2478 suum,
1418 2390 1642 2470 mantellum
1661 2395 1806 2471 ordinis

378 2533 416 2594 et
436 2516 593 2596 barbam
617 2516 821 2605 defferens,
843 2516 1089 2624 quadraginta
1108 2517 1281 2622 quinque
1299 2543 1486 2594 annorum
1503 2520 1562 2596 vel
1581 2522 1691 2613 circa,
1718 2553 1803 2601 eum

377 2676 454 2754 quo
469 2648 695 2756 inquisitum
710 2647 847 2736 luerat,
870 2645 1064 2724 absolutus
1083 2663 1122 2723 ct
1139 2646 1402 2724 reconciliatus
1421 2677 1490 2755 per
1509 2650 1707 2730 dominum
1728 2659 1805 2762 epi-

378 2807 533 2884 scopum
552 2779 910 2857 Claramontensem.
936 2777 1060 2854 Lectis
1083 2793 1214 2853 autem
1239 2791 1277 2854 ct
1301 2777 1504 2888 diligenter
1530 2784 1706 2890 expositis
1734 2787 1803 2884 sibi

378 2909 557 2986 omnibus
576 2925 614 2985 et
633 2907 788 3014 singulis
805 2905 987 2997 articulis,
1007 2906 1203 3012 respondit
1219 2935 1260 2984 se
1276 2909 1437 3000 nescire,
1458 2938 1527 2988 nec
1546 2912 1718 3003 credere,
1736 2945 1805 2994 nec

379 3038 562 3116 audivisse
587 3037 662 3114 dici
693 3037 740 3113 de
766 3037 954 3114 contentis
972 3036 1009 3112 in
1032 3035 1086 3114 eis
1106 3036 1184 3144 nisi
1200 3036 1306 3142 quod
1335 3039 1518 3144 sequitur.
1546 3043 1593 3118 Et
1620 3062 1804 3149 proteste-

379 3167 486 3244 cione
506 3166 687 3273 premissa
705 3167 812 3271 quod
832 3193 907 3242 non
932 3166 1096 3244 intendit
1115 3143 1291 3244 leccdere
1307 3197 1328 3243 a
1353 3169 1593 3275 deposicione
1623 3201 1692 3281 per
1716 3205 1804 3254 eum

379 3295 473 3373 lacta
490 3325 617 3374 mam
635 3296 736 3374 dicto
753 3295 911 3372 domino
928 3295 1107 3402 episcopo
1123 3295 1439 3388 Claramontensi,
1460 3301 1553 3378 dixit
1566 3327 1606 3380 se
1621 3303 1736 3384 tuisse
1754 3337 1807 3385 re·

379 3445 529 3532 ceptum
541 3427 580 3502 in
596 3425 737 3532 capella
753 3424 889 3502 domm
901 3425 1053 3530 Templi
1067 3426 1114 3502 de
1129 3426 1300 3504 Chambo
1308 3427 1624 3511 Claramontensis
1633 3434 1802 3531 diocesis,

380 3555 475 3632 circa
495 3556 637 3634 instans
656 3555 797 3634 festum
824 3555 1024 3632 nativitatis
1047 3557 1163 3633 sancti
1187 3557 1370 3635 lobannis
1388 3561 1550 3666 baptiste
1571 3584 1684 3642 erunt
1702 3568 1806 3644 circi·

379 3701 438 3762 ter
461 3713 532 3764 xxx
563 3687 671 3775 anni,
699 3713 767 3791 per
799 3683 953 3762 fratrem
980 3688 1134 3762 Petrum
1162 3687 1210 3764 de
1238 3689 1364 3767 Domo
1403 3690 1568 3770 militem
1593 3696 1825 3800 quondam,

379 3833 636 3921 preceptorem
659 3815 846 3908 Alvsmie,
878 3816 1115 3921 presentibus
1146 3815 1331 3895 fratribus
1351 3821 1542 3899 Bernardo
1567 3825 1802 3934 presbytero,

380 3946 487 4052 cujus
501 3973 712 4052 cognomen
726 3946 888 4053 ignorat,
903 3945 1114 4026 Guillelmo
1127 3947 1341 4038 Cbarnerii,
1357 3951 1543 4030 avunculo
1554 3953 1673 4060 ipsius
1686 3961 1802 4047 testis,

382 4093 419 4152 et
445 4075 729 4183 Aymcrico=.del
751 4074 866 4154 Chier
891 4077 1156 4169 servientibus,
1185 4079 1401 4176 deffimctis,
1430 4083 1468 4158 in
1497 4083 1600 4162 hunc
1626 4088 1803 4166 modum:

381 4232 470 4282 uam
492 4203 608 4308 petita
630 4204 805 4282 societate
826 4205 971 4282 ordinis
996 4223 1035 4283 ct
1059 4207 1131 4286 sibi
1161 4236 1356 4300 concessa,
1385 4207 1508 4290 dictus
1524 4235 1696 4322 receptor
1718 4217 1806 4296 lecit

382 4361 470 4410 cum
486 4359 617 4410 vovere
639 4351 677 4412 et
694 4334 823 4440 jurare
845 4335 1067 4429 castitatem,
1089 4335 1367 4429 obedienciam,
1387 4342 1516 4420 vivers
1530 4344 1614 4422 sine·
1632 4349 1802 4453 proprio,

381 4481 420 4542 et
439 4491 583 4542 seruam
601 4464 722 4542 bonos
745 4483 890 4544 usus-et
908 4467 1028 4544 bonas
1043 4469 1337 4548 consuetudines
1353 4472 1514 4562 ordinis,
1544 4493 1582 4553 et
1606 4479 1712 4582 quod
1735 4509 1804 4585 pro

382 4593 625 4699 acquisitione
658 4595 762 4702 regni
795 4595 1024 4704 lerosolyme
1057 4595 1195 4675 faceret
1223 4627 1332 4706 posse
1361 4631 1491 4692 suum,
1528 4621 1566 4682 et
1589 4607 1695 4714 quod
1728 4634 1804 4685 non

382 4724 526 4803 essetin
540 4723 623 4802 loco
638 4724 676 4800 in
692 4752 768 4831 qno
783 4725 1157 4832 aliquischristianus
1172 4730 1464 4811 exheredaretur
1478 4734 1632 4843 injuste,
1646 4755 1685 4814 et
1699 4740 1805 4845 quod

382 4881 458 4932 non
478 4853 660 4932 revelaret
682 4871 822 4932 secreta
836 4854 1270 4962 capitulorum-ordinis3
1295 4888 1372 4968 qno
1397 4861 1508 4952 lacto,
1534 4865 1714 4972 imposuit
1733 4867 1804 4944 sibi
1925 4887 1930 4900 ’
