4348 5886
398 505 450 579 so
790 483 987 573 procus
1016 501 1115 572 oss
1134 499 1432 573 Temperans.

395 647 661 756 inquisitores,
689 642 756 720 sed
784 641 959 720 nondum
983 659 1062 718 erat
1087 641 1282 720 absolutus
1305 669 1374 719 nee
1399 643 1673 721 reconciliatus.
1701 647 1824 724 Lectis

393 797 520 857 autem
543 794 579 854 et
600 774 800 883 diligenter
818 772 994 879 expositis
1014 772 1084 850 sibi
1103 773 1281 850 omnibus
1302 791 1340 850 et
1366 773 1523 881 singulis
1547 773 1730 868 articulis,
1763 807 1822 854 re-

394 911 548 1017 spondit
562 935 600 985 se
617 905 781 991 nescire,
800 931 870 981 nec
889 903 1058 994 credere,
1076 931 1146 980 nec
1160 902 1343 982 audivisse
1359 903 1433 982 dici
1448 905 1496 983 de
1511 907 1698 985 contentis
1713 908 1753 983 in
1769 910 1821 986 eis

393 1042 464 1118 nisi
481 1040 585 1148 quod
596 1036 779 1143 sequitur.
792 1016 1070 1141 Dixit'namque
1082 1062 1121 1111 se
1130 1033 1243 1112 fuisse
1257 1052 1467 1141 receptum,
1477 1036 1516 1113 in
1529 1035 1625 1115 sesto
1634 1037 1818 1126 Omnium

391 1174 617 1250 Sanctorum
640 1167 811 1274 proximo
836 1165 1016 1271 preterito
1039 1163 1194 1242 fuertmt
1218 1193 1281 1242 sex
1305 1167 1415 1255 anni,
1442 1166 1481 1243 in
1506 1167 1649 1274 capella
1679 1169 1819 1254 domus

390 1301 538 1408 Templi
561 1301 607 1376 de
633 1297 833 1377 Blandesio
855 1296 1131 1373 Lemovieensis
1156 1295 1336 1388 diocesis,
1363 1326 1431 1404 per
1450 1297 1602 1376 fratrem
1630 1302 1819 1379 Humber·

387 1451 468 1508 tum
484 1433 532 1508 de
546 1429 778 1510 Comborino
794 1426 953 1504 militem
965 1425 1175 1533 quondam,
1190 1444 1449 1534 preceptorem
1463 1445 1556 1506 tune
1569 1429 1617 1506 de
1630 1428 1814 1522 Pulbaco,

387 1563 625 1668 presentibus
637 1558 815 1636 fratribus
825 1560 935 1636 Petro
948 1557 995 1635 de
1006 1559 1164 1666 Remeys
1174 1558 1395 1665 presbitero,
1408 1559 1615 1639 Guillelmo
1627 1562 1675 1639 de
1685 1563 1817 1641 Cham-

386 1691 546 1787 benent,
563 1691 741 1771 Gnidone
761 1691 807 1766 de
823 1689 859 1766 la
872 1689 1101 1767 Chastareda
1119 1705 1157 1765 et
1171 1688 1368 1796 Aymerico
1383 1691 1434 1768 de
1451 1690 1590 1798 Copiae
1611 1693 1811 1786 militibus,

385 1821 594 1900 Guillelmo
609 1822 770 1900 Calabru
785 1838 1005 1927 preceptore
1022 1819 1070 1896 de
1089 1821 1263 1908 Viveriis,
1279 1820 1488 1899 Guillelmo
1503 1823 1643 1900 Brivata
1657 1841 1695 1901 et
1707 1823 1815 1902 Guil-

384 1953 807 2030 lelmodePodioVinali
820 1951 1080 2041 servientibus,
1092 1952 1812 2046 Lemovicensisdiocesis‚vivis,inhunc

385 2083 541 2160 modum
559 2116 567 2158 ε
583 2107 668 2158 nam
688 2083 807 2188 petito
824 2111 893 2188 per
910 2099 1145 2189 receptorem
1166 2112 1186 2160 a
1205 2082 1383 2160 fratribus
1398 2083 1574 2190 predictis
1593 2084 1632 2159 in
1648 2085 1812 2191 capitulo

383 2212 613 2318 congregatis
635 2212 664 2288 si
690 2211 857 2289 sciebant
876 2212 914 2286 in
938 2239 983 2288 eo
1004 2212 1148 2317 aliquid
1171 2212 1506 2317 impedimentum,
1528 2231 1566 2290 et
1585 2215 1810 2293 concordato

381 2344 485 2447 quod
506 2369 595 2418 eum
616 2342 840 2447 reciperent,
855 2341 944 2417 dicti
966 2337 1096 2416 fratres
1112 2339 1343 2416 Guillelmus
1360 2338 1407 2415 de
1421 2339 1582 2419 Calabro
1598 2358 1637 2418 et
1655 2341 1812 2423 Guillel·

380 2501 465 2548 mus
475 2472 523 2549 de
536 2469 798 2558 PodioVinali,
817 2469 919 2544 missi
934 2468 1083 2544 adeum
1100 2467 1138 2543 in
1152 2468 1315 2572 quadam
1328 2496 1491 2558 camera,
1507 2471 1752 2577 predixerunt
1774 2478 1809 2553 ei

378 2602 589 2708 quodbene
601 2598 827 2675 deliberaret
837 2613 922 2672 ante
931 2597 1250 2703 ingressum,quia
1259 2615 1450 2704 oporteret
1459 2627 1626 2678 eumase
1635 2603 1808 2683 abdicare

378 2732 568 2836 propriam
581 2728 811 2805 voluntatem
827 2742 864 2802 et
882 2725 1015 2832 subjici
1029 2725 1167 2815 aliene,
1191 2744 1229 2803 et
1248 2726 1368 2804 multa
1389 2727 1483 2804 dura
1499 2746 1536 2806 et
1553 2759 1681 2837 aspera
1697 2737 1809 2813 susti-

378 2889 484 2946 nere;
497 2876 628 2937 etcum
638 2856 1003 2965 respondissetquod
1013 2855 1141 2934 emnia
1151 2857 1364 2950 sustineret,
1377 2859 1808 2972 etinstructusabeispe-

377 2992 735 3095 eiissetareceptore
747 3015 885 3095 panem
899 3003 1085 3093 etaquam
1098 3003 1136 3063 et
1149 2988 1370 3064 societatem
1381 2989 1526 3066 ordinis
1546 2990 1616 3068 sibi
1634 2997 1804 3082 concedi,

377 3139 413 3196 et
433 3119 634 3198 obtulisset
647 3145 687 3196 se
704 3117 802 3194 velle
818 3115 899 3193 lieri
914 3144 1064 3193 servum
1081 3114 1267 3194 esclavum
1286 3117 1448 3208 ordinis,
1468 3117 1557 3197 feeit
1570 3149 1658 3197 eum
1673 3149 1806 3201 vovere

376 3267 412 3325 et
426 3251 554 3357 jurare
575 3275 688 3355 super
700 3247 905 3354 quemdam
926 3246 1087 3338 librum,
1109 3263 1299 3352 apertum,
1322 3247 1361 3324 in
1374 3277 1450 3356 quo
1466 3267 1546 3327 erat
1565 3281 1699 3361 ymago
1715 3255 1806 3336 Cru-

374 3381 488 3468 cisrxi,
512 3380 616 3486 quod
635 3405 712 3456 non
729 3376 911 3454 revelaret
926 3392 1067 3454 secreta
1083 3375 1350 3486 capitulorum,
1368 3396 1406 3457 et
1421 3381 1524 3487 quod
1540 3404 1703 3464 servaret
1716 3417 1805 3466 usus

375 3529 411 3587 et
430 3509 726 3589 eonsuetudines
751 3509 816 3616 qui
836 3525 928 3586 tunc
953 3525 1060 3586 erant
1080 3508 1119 3586 in
1140 3509 1274 3588 ordine
1302 3511 1425 3618 etqui
1447 3512 1485 3586 in
1513 3532 1708 3618 posterum
1733 3519 1804 3596 im-

372 3659 604 3746 ponerentur
622 3668 691 3748 per
717 3641 954 3750 Magistrum,
978 3659 1014 3718 et
1034 3641 1143 3746 quod
1169 3642 1381 3746 acquireret
1414 3640 1537 3718 ordini
1563 3645 1804 3751 quibuscum-

371 3800 444 3878 que
473 3771 615 3862 modis,
648 3800 725 3850 non
754 3771 1000 3876 exprimendo
1027 3771 1139 3848 licitis
1166 3770 1223 3848 vel
1257 3768 1413 3861 illicitis,
1447 3788 1484 3846 et
1512 3776 1617 3878 quod
1641 3796 1802 3856 servaret

305 3993 308 4000 Δ
371 3902 594 3991 castitatem,
617 3901 895 3988 obedienciam,
919 3915 957 3976 et
976 3900 1114 3976 viveret
1137 3898 1217 3975 sine
1237 3897 1402 4003 proprio.
1422 3899 1507 3992 Quo
1533 3901 1645 3992 lacto,
1679 3907 1800 3983 dictus

369 4031 597 4138 receptorio
616 4030 806 4135 presencia
827 4031 998 4107 omniurn
1020 4028 1277 4134 predictorum
1292 4032 1459 4136 precepit
1474 4033 1507 4107 ei
1524 4037 1629 4140 quod
1645 4055 1798 4141 spueret

367 4180 426 4240 ter
438 4191 551 4269 supra
566 4161 703 4239 dictam
717 4161 947 4268 ymaginem
964 4177 1105 4237 etcum
1124 4160 1205 4266 ipse
1220 4160 1326 4238 testis
1337 4164 1586 4268 responderet
1603 4166 1709 4272 quod
1726 4167 1798 4245 boc

368 4293 475 4369 nullo
492 4292 609 4369 modo
624 4291 774 4377 laceret,
796 4290 889 4367 dixit
904 4289 937 4366 ei
954 4289 1060 4396 quod
1076 4289 1149 4368 boc
1171 4291 1370 4397 oportebat
1385 4319 1473 4369 eum
1489 4292 1626 4386 lacere,
1644 4297 1733 4402 quia
1748 4299 1798 4375 ita

367 4423 550 4498 faciebant
570 4421 631 4496 alii
648 4438 686 4497 et
699 4419 770 4498 hoe
786 4434 866 4496 erat
879 4419 933 4496 ‘de
948 4420 1098 4525 punctis
1116 4421 1278 4510 ordinis,
1302 4437 1340 4498 et
1358 4422 1465 4530 quod
1482 4423 1619 4502 faceret
1630 4427 1796 4531 predicta

368 4571 404 4627 et
428 4580 505 4629 non
529 4568 690 4642 curaret,
718 4552 805 4658 quia
830 4577 907 4628 non
934 4563 1088 4656 propter
1112 4549 1185 4626 hoc
1211 4551 1337 4629 minus
1362 4552 1516 4644 valeret;
1544 4569 1581 4632 et
1605 4573 1696 4633 tune
1715 4559 1795 4662 ipse

366 4685 470 4761 testis
493 4683 593 4790 spuit
617 4700 675 4760 ter
695 4709 806 4787 supra
833 4681 970 4758 dictam
997 4679 1221 4788 ymaginem.
1253 4682 1339 4775 Quo
1369 4683 1484 4773 sacto,
1515 4685 1697 4793 imposuit
1722 4685 1792 4762 sibi

367 4813 602 4902 mantellum,
622 4813 723 4890 dicto
744 4813 951 4916 presbitero
972 4812 1118 4889 dicente
1133 4809 1312 4914 quasdam
1331 4814 1540 4904 oraciones,
1565 4835 1602 4893 et
1619 4833 1791 4920 receptor
