4210 5882
659 532 855 626 eneces
881 553 977 625 nus
1003 551 1300 623 rnuenrnns.
1621 533 1694 623 3'79

207 687 211 696 ⁸
271 699 476 786 veritatem,
494 697 585 774 dixit
599 723 667 804 per
681 697 937 804 juramentum
953 693 1057 800 quod
1071 721 1166 780 non,
1190 709 1227 769 et
1239 692 1341 798 quod
1359 719 1489 797 puram
1504 693 1695 769 veritatem

273 829 364 908 dixit
383 857 451 937 pro
472 829 589 906 salute
604 827 726 904 anime
742 855 819 902 sue.

327 964 437 1039 Facta
448 977 574 1036 autem
590 957 660 1036 fuit
675 955 858 1035 confessio
874 985 941 1034 scu
957 955 1145 1064 deposicio
1159 957 1228 1062 hec
1241 984 1259 1030 a
1274 955 1373 1033 dicto
1383 953 1494 1032 fratre
1503 953 1689 1042 Johanne,

267 1094 479 1199 juramento
500 1089 698 1167 abeodem
717 1089 836 1196 prius,
849 1103 892 1164 ut
903 1086 1141 1195 premittitur,
1160 1087 1334 1191 prestito,
1356 1111 1469 1173 anno,
1486 1083 1692 1172 indicione,

272 1221 505 1326 pontificatu,
529 1244 625 1296 anno
647 1236 683 1296 ct
703 1219 766 1295 die
786 1217 979 1324 predictis,
1001 1214 1239 1323 presentibus
1262 1215 1444 1322 religiosis
1470 1231 1507 1291 et
1531 1215 1697 1291 honestis

273 1351 359 1427 viris
377 1349 551 1428 fratribus
568 1347 772 1428 Guillelmo
793 1348 840 1424 de
857 1345 1007 1453 Capella
1023 1363 1060 1422 et
1075 1343 1278 1424 Guillelmo
1295 1345 1341 1421 de
1360 1345 1433 1422 Boz
1454 1343 1598 1422 ordinis
1610 1345 1697 1420 Pre-

275 1481 481 1558 dicatorum
496 1480 543 1557 de
566 1496 750 1557 conventu
769 1477 980 1565 Parisiensi,
1003 1475 1160 1552 testibus
1181 1475 1227 1551 ad
1243 1475 1313 1550 hoc
1329 1475 1466 1552 vocatis
1488 1491 1524 1550 et
1547 1475 1697 1581 rogatis.

330 1743 376 1816 Et
393 1766 461 1847 ego
478 1739 625 1814 Evenus
642 1734 749 1841 Phily
765 1735 813 1811 de
829 1735 963 1813 Sancto
985 1733 1129 1811 Nicasio
1146 1731 1300 1810 clericus
1318 1729 1607 1838 Corisopitensis
1626 1735 1705 1810 dio·

276 1868 383 1957 cesis,
405 1866 608 1971 apostolica
626 1863 801 1969 publicus
821 1864 1036 1941 auctoritate
1057 1864 1239 1952 notarius,
1261 1863 1449 1969 premissis
1470 1861 1643 1940 omnibus
1664 1879 1701 1938 et

276 1996 429 2103 singulis
449 1996 487 2071 in
505 1994 666 2100 presenti
688 2011 785 2070 carta
806 2021 871 2070 seu
886 1994 990 2099 peeia
1012 2009 1048 2070 et
1070 1993 1150 2069 aliis
1167 1994 1276 2070 cartis
1290 1995 1579 2100 precedentibus
1595 1996 1700 2101 signo

277 2155 363 2204 meo
379 2125 529 2231 signatis
549 2123 700 2200 interlui
725 2151 892 2229 presens,
916 2140 952 2199 et
973 2151 1146 2199 unacum
1167 2123 1271 2230 signo
1289 2141 1325 2200 et
1345 2123 1622 2230 subscripsione
1642 2154 1705 2203 no·

277 2256 360 2332 terii
381 2255 617 2360 suprascripti
638 2254 685 2329 ad
704 2253 884 2359 premissa
903 2254 1085 2359 presentis
1100 2253 1247 2359 signum
1262 2281 1391 2330 meum
1405 2271 1626 2331 consuetum
1643 2283 1704 2332 ro-

279 2403 384 2490 gatus
404 2385 575 2491 apposui,
601 2413 662 2459 me
684 2383 929 2460 subscribens.

336 2650 377 2723 ln
397 2648 551 2725 nomine
568 2647 720 2724 Domini
742 2667 862 2722 amen.
882 2645 990 2722 Anno
1005 2644 1207 2722 Natiuitatis
1228 2645 1398 2752 ejusdem
1417 2645 1617 2722 millesimo
1632 2663 1709 2722 tre-

282 2779 485 2856 centesimo
504 2778 681 2883 septimo,
694 2776 882 2853 indicione
899 2793 1014 2865 sexta,
1032 2804 1161 2854 mense
1178 2777 1406 2865 novembris,
1423 2777 1591 2885 ejusdem
1603 2805 1708 2854 men-

282 2911 331 2986 sis
343 2935 407 2988 xur
420 2909 498 2996 die,
513 2906 753 3014 pontificatus
772 2901 995 2985 sanctissimi
1009 2907 1124 3012 patris
1136 2925 1173 2983 et
1187 2905 1331 2984 domini
1347 2907 1492 2985 domini
1502 2905 1708 2984 Clementis

283 3040 404 3111 divina
428 3037 663 3141 providencia
682 3063 776 3139 pape
795 3037 915 3140 quinti
936 3063 1034 3110 anno
1053 3037 1236 3125 secundo,
1260 3038 1299 3112 in
1320 3037 1483 3143 religiosi
1496 3037 1565 3113 ‘viri
1586 3037 1709 3114 fratris

282 3166 421 3242 Nicolai
440 3167 487 3241 de
509 3164 706 3241 Anessiaco
728 3165 968 3240 commissarii
989 3164 1108 3240 lratris
1123 3163 1315 3243 Guillelmi
1337 3166 1383 3242 de
1404 3168 1564 3244 Parisius
1586 3169 1711 3274 inqui-

283 3296 408 3372 sitoris
429 3295 592 3371 heretice
611 3295 798 3399 pravitatis
818 3295 857 3369 in
877 3321 993 3400 regno
1014 3295 1166 3371 Francie
1188 3297 1403 3373 auctoritate
1423 3295 1623 3402 apostolica
1644 3297 1711 3374 de-

283 3426 416 3529 putati,
451 3441 621 3500 nostrum
655 3423 887 3500 notariorum
919 3441 955 3500 et
983 3425 1135 3501 testium
1167 3425 1486 3532 infrascriptorum
1515 3429 1709 3532 presencia

282 3554 526 3662 personaliter
546 3553 764 3630 constitutus
789 3553 900 3630 frater
923 3555 1111 3632 Johaunes
1133 3553 1178 3631 de
1199 3557 1330 3632 Turno
1352 3556 1636 3633 elemosinarius
1655 3586 1711 3632 re-

283 3687 338 3792 gis
357 3684 561 3792 quondam,
597 3685 701 3762 etatis
720 3685 782 3762 lxx
802 3711 983 3763 annorum
1012 3684 1070 3761 vel
1096 3685 1209 3774 circa,
1235 3687 1382 3792 juratus
1409 3685 1457 3763 ad
1484 3704 1606 3764 sancta
1637 3688 1709 3765 Dei

285 3816 478 3921 Evangelia
497 3816 618 3891 eidem
632 3815 835 3923 preposita,
855 3831 892 3892 et
907 3816 953 3894 ab
968 3843 1012 3892 eo
1024 3815 1266 3923 corporaliter
1278 3833 1390 3906 tacta,
1408 3819 1456 3895 de
1471 3844 1509 3894 se
1525 3834 1562 3893 et
1573 3815 1656 3894 aliis
1669 3817 1709 3892 in

286 3971 393 4022 causa
414 3944 504 4020 fidei
519 3944 667 4049 plenam
688 3961 726 4019 et
750 3945 933 4049 integram
956 3943 1079 4022 dicere
1100 3945 1307 4034 veritatem3
1334 3955 1371 4022 et
1390 3933 1637 4053 interrogatus
1664 3945 1711 4022 de

285 4091 453 4179 tempore
475 4089 511 4150 et
530 4073 645 4150 modo
665 4099 733 4150 sue
748 4072 992 4178 recepcionis,
1013 4073 1105 4150 dixit
1124 4101 1191 4179 per
1204 4074 1461 4181 juramentum
1481 4105 1590 4152 suum
1608 4075 1712 4181 quod

286 4202 359 4278 luit
374 4220 545 4309 receptus
560 4231 628 4309 per
636 4201 786 4280 fratrem
800 4204 1011 4316 lohannem
1024 4204 1070 4279 de
1086 4206 1216 4281 Turno
1232 4195 1711 4312 quoddam'thesaurarium

287 4334 437 4440 Templi
451 4334 681 4427 Parisiensis,
696 4335 735 4410 in
747 4333 861 4412 domo
876 4333 927 4410 de·
937 4337 1100 4442 Sau'ceya
1115 4364 1228 4441 super
1239 4329 1398 4425 Yona'm,
1411 4325 1517 4415 xxsvr
1528 4337 1615 4413 anni
1627 4355 1714 4414 sunt

289 4463 419 4570 elapsi,
451 4464 686 4570 presentibus
716 4463 890 4542 fratribus
914 4464 1065 4542 Galtero
1085 4466 1244 4573 Dacolay
1269 4482 1306 4543 et
1326 4465 1526 4544 Guillebno
1551 4469 1616 4574 qui
1643 4467 1713 4544 suit

289 4593 572 4672 elemosinarius
593 4611 677 4672 ante
694 4597 833 4700 ipsum,
853 4611 890 4672 et
909 4595 1133 4701 quibusdam
1154 4595 1235 4674 aliis
1251 4595 1299 4673 de
1312 4625 1475 4704 quorum
1495 4596 1714 4676 nominibus

289 4751 366 4798 non
382 4725 612 4800 recordatur.
626 4725 728 4801 Dixit
744 4727 857 4801 eciam
874 4752 942 4831 per
949 4727 1205 4831 juramentum
1221 4735 1331 4803 s'uum
1344 4730 1465 4833 quod,
1482 4744 1566 4833 post
1582 4725 1715 4803 multas

289 4853 556 4958 promissiones
576 4855 623 4931 ab
644 4883 689 4931 eo
714 4854 826 4933 factas
849 4855 896 4931 de
919 4855 1065 4969 statutis
1088 4872 1125 4931 et
1145 4855 1296 4934 secretis
1314 4855 1403 4935 dicti
1426 4857 1568 4936 ordinis
1588 4857 1715 4934 obser-

1495 5002 1546 5070 48.
