4210 5882
676 524 1321 618 procasoasrnupxrans.
1510 492 1513 502 ⁴
1629 545 1710 620 coc

282 681 469 760 censionis
487 681 638 760 Domini
662 700 775 760 erunt
786 700 950 790 quatuor
964 685 1049 762 anni
1067 683 1169 792 quod
1190 683 1263 762 fuit
1281 702 1454 789 receptus
1473 713 1542 791 per
1558 685 1711 766 fratrem

281 815 482 922 Hugonem
507 814 554 890 de
586 814 755 892 Paraudo
781 815 1008 893 visitatorem
1029 816 1200 906 Frende,
1225 819 1262 892 in
1280 817 1396 894 domo
1423 816 1470 893 de
1491 818 1602 896 Buris
1622 820 1712 896 Lin-

279 943 631 1051 gonensisdiocesis,
647 943 885 1051 presentibus
897 944 1286 1025 fratreGodefredode
1298 947 1473 1038 Ranerio,
1487 946 1600 1026 fratre
1616 948 1711 1028 Gui-

281 1074 381 1152 done
396 1074 444 1152 de
462 1074 550 1152 Nice
571 1090 609 1152 et
628 1076 856 1182 quibusdem
876 1076 958 1154 aliis
979 1078 1026 1154 de
1046 1105 1210 1184 quorum
1231 1077 1451 1156 nominibus
1468 1107 1545 1157 non
1566 1080 1708 1158 recolit.

280 1205 381 1283 Dixit
401 1206 517 1284 eciam
542 1233 611 1312 per
623 1207 882 1313 juramentum
903 1237 1014 1285 suum
1035 1208 1157 1315 quod,
1179 1224 1265 1314 post
1285 1209 1422 1286 multas
1442 1211 1710 1314 promissiones

246 1331 251 1343 ¹
281 1339 327 1417 ab
355 1338 534 1416 colantes
563 1337 611 1414 de
635 1339 781 1416 statutis
809 1356 847 1415 et
869 1339 1022 1417 secretis
1044 1337 1187 1416 ordinis
1210 1338 1368 1444 predicti
1389 1338 1647 1431 observandis,
1672 1359 1710 1418 et

280 1469 459 1546 mantello
472 1468 542 1548 sibi
558 1468 607 1546 ad
622 1468 761 1547 collum
777 1471 911 1576 posito,
925 1469 1110 1578 recipiens
1119 1469 1312 1576 predictus
1322 1468 1488 1546 ostendit
1502 1471 1571 1547 sibi
1584 1500 1711 1579 quam-

281 1602 367 1678 dam
386 1628 534 1678 crucem
556 1599 744 1704 depictam
772 1601 812 1676 in
829 1601 995 1708 quodam
1017 1601 1133 1688 libro,
1156 1618 1194 1678 et
1208 1601 1410 1708 quamdam
1430 1600 1541 1678 aliam
1559 1631 1709 1681 crucem

280 1732 440 1840 ligneam
460 1759 573 1838 quam
593 1730 647 1808 ibi
669 1732 830 1838 aportari
858 1731 961 1822 fecit,
986 1750 1024 1810 et
1039 1733 1154 1839 peciit
1168 1732 1214 1810 ab
1235 1761 1280 1810 eo
1295 1733 1325 1808 si
1348 1731 1525 1810 credebat
1546 1734 1585 1809 in
1607 1763 1707 1824 eam;

281 1879 318 1938 et
342 1863 422 1967 ipse
451 1862 517 1968 qui
536 1860 706 1967 loquitur
733 1863 929 1967 respondit
963 1863 1067 1969 quod
1092 1863 1174 1952 sic,
1197 1879 1235 1938 ct
1265 1863 1388 1940 dictus
1414 1863 1599 1968 recipiens
1619 1863 1710 1941 dixit

277 1993 353 2088 ,sihi
377 2009 415 2070 et
436 1992 606 2098 precepit
632 1993 737 2099 quod
764 1993 926 2099 amplius
955 2021 1032 2070 non
1061 1993 1248 2081 crederet,
1280 2011 1319 2070 et
1345 1995 1449 2099 quod
1475 2012 1628 2100 spueret
1652 2014 1710 2072 ter

281 2100 392 2229 supra
419 2151 518 2212 eam;
550 2139 588 2198 et
614 2122 717 2199 idern
740 2142 912 2228 receptus
938 2123 1083 2230 fingens
1108 2151 1147 2200 se
1172 2111 1307 2229 spuere
1335 2152 1446 2230 supra
1474 2152 1577 2213 eam,
1608 2126 1711 2232 spuit

280 2252 369 2331 alibi
385 2252 434 2329 ad
449 2269 607 2358 partem.
622 2251 838 2357 Requisitus
852 2271 983 2330 utrum
999 2269 1076 2330 erat
1093 2254 1132 2328 in
1151 2253 1229 2357 ipsa
1245 2279 1354 2330 cruce
1369 2253 1512 2358 effigies
1523 2253 1707 2342 crncifixi,

168 2435 172 2444 «
282 2384 374 2462 dixit
389 2384 494 2490 quod
509 2410 587 2462 non
602 2383 750 2472 recolit,
767 2371 838 2488 pro
854 2410 900 2460 eo
915 2382 1022 2489 qnod
1038 2399 1117 2460 erat
1129 2382 1293 2458 multum
1312 2384 1465 2460 territus
1481 2403 1518 2460 et
1536 2385 1709 2462 turbatus
1789 2455 1791 2462 .

280 2515 327 2592 de
351 2513 425 2592 hiis
447 2513 611 2620 quesibi
637 2510 857 2589 dicebantur
880 2529 918 2588 et
937 2510 1252 2617 precipiebantur,
1276 2511 1406 2588 dicens
1432 2513 1539 2620 quod
1557 2542 1707 2620 semper
1777 2543 1778 2548 ¹

276 2644 441 2723 'credidit
461 2660 500 2720 et
513 2643 633 2720 credit
652 2644 693 2720 in
715 2672 804 2720 eum
822 2644 886 2749 qui
899 2671 1030 2747 pessus
1047 2641 1134 2730 suit,
1158 2659 1195 2718 et
1214 2643 1355 2748 recepit
1375 2659 1538 2720 mortem
1557 2674 1626 2751 pro
1643 2673 1711 2723 no·

280 2774 338 2852 bis
349 2775 389 2852 in
399 2803 522 2852 cruce.
539 2774 639 2852 Dixit
654 2773 770 2852 eciam
789 2774 894 2880 quod
906 2774 1003 2879 ipse,
1020 2775 1068 2852 de
1082 2785 1260 2880 precepto
1276 2774 1505 2879 recipientis,
1523 2777 1711 2859 osculatus

281 2905 354 2984 fuit
370 2905 495 3012 ipsum
514 2904 761 3011 recipientem
776 2905 815 2980 in
840 2904 1021 2982 umbilico
1040 2921 1077 2982 et
1094 2904 1135 2980 in
1155 2932 1221 2982 ore
1240 2889 1278 2980 et
1298 2932 1374 3018 nop
1397 2903 1503 2994 alibi,
1523 2905 1611 3012 quia
1630 2936 1713 3013 pre;

282 3037 404 3114 dictus
418 3037 603 3142 recipiens
623 3035 821 3118 festinabat
843 3063 898 3124 se,
918 3053 956 3110 et
976 3035 1095 3112 credit
1110 3035 1215 3142 quod
1230 3035 1292 3112 alii
1312 3035 1443 3113 fratres
1465 3039 1579 3114 modo
1596 3038 1708 3115 simili

281 3169 520 3276 recipiantur.

337 3303 430 3378 Item
449 3299 653 3406 requisitus
670 3315 798 3375 utrum
818 3299 870 3387 vi,
891 3298 949 3375 vel
969 3315 1073 3376 metu
1097 3300 1251 3376 carceris
1271 3317 1334 3376 aut
1352 3316 1646 3389 tormentorum,
1669 3300 1708 3375 in

280 3431 470 3538 premissis
484 3430 729 3508 immiscuerit
744 3446 810 3506 aut
825 3429 1132 3537 dixeritaliquam
1148 3417 1346 3506 falsitatem
1365 3429 1421 3506 vel
1436 3429 1596 3507 tacuerit
1614 3431 1711 3507 veri-

280 3581 413 3650 tatem,
435 3561 529 3639 dixit
551 3590 620 3668 per
634 3561 893 3667 juramentum
908 3589 1030 3638 sunm
1051 3561 1156 3668 quod
1176 3589 1269 3648 non,
1294 3577 1330 3636 et
1350 3559 1454 3666 quod
1475 3565 1554 3666 ipse
1575 3589 1709 3668 puram

282 3693 473 3770 veritatem
490 3692 582 3769 dixit
595 3719 664 3798 pro
684 3692 802 3770 solute
823 3693 946 3770 anime
962 3719 1042 3769 sue.

337 3959 430 4034 Item
441 3984 556 4046 anno,
575 3957 777 4044 indicione,
795 3953 1017 4064 pontificatu
1031 3973 1068 4034 et
1078 3955 1140 4034 die
1150 3955 1343 4062 predictis,
1362 3956 1399 4032 in
1413 3955 1602 4060 presencia
1615 3954 1705 4031 dicti

282 4089 537 4180 commissarii,
550 4105 720 4168 nostrum
732 4089 965 4167 notariorum
976 4106 1014 4164 et
1022 4088 1176 4165 testium
1189 4073 1522 4192 infrascriptorum,
1535 4085 1709 4164 constitu-

167 4203 171 4210 *
279 4234 357 4307 tus,
379 4219 527 4326 juratus
557 4235 594 4295 et
623 4219 825 4325 requisitus
850 4219 985 4296 eodem
1012 4219 1146 4308 modo,
1173 4217 1286 4294 freter
1315 4215 1539 4323 Radulphus
1563 4217 1709 4324 Moyset

158 4341 160 4346 ¹
281 4348 370 4426 dicti
398 4349 541 4428 ordinis
560 4349 727 4456 Templi,
756 4351 861 4426 etatis
881 4350 1067 4458 sexaginta
1093 4350 1261 4457 quinque
1288 4376 1474 4426 annorum
1503 4345 1562 4424 vel
1591 4347 1705 4436 circa,

279 4507 427 4557 morans
443 4481 482 4557 in
498 4481 612 4558 domo
629 4479 676 4556 de
696 4479 914 4558 Castellario
926 4480 1030 4588 juxta
1045 4480 1244 4568 Peronam,
1259 4477 1351 4555 dixit
1369 4507 1437 4583 per
1449 4478 1710 4584 juramentum

279 4637 390 4688 suum
403 4611 507 4717 qnod
523 4610 623 4686 bene
639 4627 727 4687 sunt
737 4610 982 4718 quadraginta
993 4610 1162 4716 quinque
1179 4607 1265 4684 anni
1279 4606 1336 4684 vel
1350 4607 1447 4686 circa
1457 4607 1589 4713 elapsi,
1605 4606 1711 4714 quod

209 4807 212 4814 .
280 4743 359 4847 ipse
386 4741 459 4818 luit
478 4758 651 4846 receptus
679 4743 718 4818 in
745 4743 859 4821 domo
881 4743 928 4820 de
951 4743 1070 4820 Bosco
1094 4739 1244 4818 ballivie
1264 4738 1526 4828 Viromandie,
1547 4765 1616 4845 per
1637 4736 1711 4813 sra-

277 4890 379 4968 trem,
396 4872 592 4952 Danielem
616 4873 808 4951 Britonem
828 4863 1089 4982 presbyterum
1117 4870 1208 4950 dicti
1234 4869 1393 4960 ordinis,
1423 4887 1461 4948 et
1480 4869 1603 4976 quod,
1626 4886 1712 4974 post

355 5024 475 5098 ¹ritoc'es
490 5041 543 5082 nes
558 5041 734 5082 restauras.
744 5057 785 5069 -
797 5043 829 5084 u.
1483 5019 1520 5079 52
