4208 5886
673 506 872 602 rnocss
903 525 1002 602 nus
1032 526 1337 605 rennuens.
1649 535 1719 607 195

292 671 363 749 alia
387 671 464 750 sint
486 665 646 748 confessi
664 666 956 748 contradictum
979 666 1172 760 ordinem,
1195 668 1243 749 ad
1261 672 1369 780 cujus
1390 670 1665 754 deffensionem
1681 705 1720 756 se

291 830 369 882 non
382 798 585 881 obtulerat.
1645 823 1648 832 ·

348 932 565 1044 Requisitus
579 931 610 1008 si
622 929 677 1010 sic
688 930 916 1038 deposuerat
927 959 1054 1038 prece,
1072 950 1267 1041 precepto,
1286 936 1436 1025 timore,
1454 963 1598 1030 amore,
1615 939 1720 1030 odio,

290 1063 349 1145 vel
375 1061 575 1174 temporali
600 1061 761 1140 comodo
787 1061 921 1140 habim
950 1062 1010 1140 vel
1039 1062 1235 1152 habendo,
1265 1065 1462 1172 rospondit
1489 1067 1593 1174 quod
1624 1095 1744 1159 non„

291 1199 359 1278 scd
383 1225 454 1305 pro
477 1197 630 1276 veritate
661 1193 836 1284 dicenda,
867 1195 927 1272 cui
955 1192 1028 1274 fuit
1054 1195 1268 1306 injunctum
1298 1198 1405 1304 quod
1436 1225 1514 1276 uon
1542 1199 1725 1279 revelaret

278 1324 388 1410 'banc
407 1356 514 1410 suem
535 1325 834 1438 deposicionem,
848 1353 1057 1435 ‘quousque
1078 1327 1338 1406 attestacionss
1355 1327 1498 1407 fuerim
1520 1329 1720 1437 publicate.

347 1595 538 1684 Posthac,
559 1591 676 1670 freter
693 1593 829 1670 Petrus
848 1591 896 1669 de
916 1589 1059 1668 Paluda
1079 1589 1345 1700 Lugdunensis
1371 1591 1551 1678 diocesis,
1578 1591 1725 1670 ordinis

292 1725 592 1814 Predicatorum,
613 1720 842 1801 baccalarius
861 1723 900 1800 in
918 1721 1128 1830 theologia,
1150 1723 1216 1830 qui
1239 1722 1437 1804 dicebatur
1458 1721 1605 1828 aliquid
1628 1723 1723 1800 scire

293 1857 342 1935 de
361 1856 548 1935 contentis
561 1855 600 1933 in
619 1854 730 1932 dictis
744 1853 928 1943 articulis,
944 1853 1103 1962 juravit,
1118 1853 1225 1933 tactis
1239 1853 1482 1933 sacrosanctis
1493 1853 1721 1963 Evangeliis,

294 1987 419 2066 dicere
434 1988 630 2066 veritatem
649 1985 691 2062 in
710 1985 869 2093 negocio
884 1986 977 2074 isto,
999 1988 1211 2063 secundum
1230 1984 1392 2064 sormam
1404 1985 1611 2094 juramenti
1630 1985 1724 2064 alie·

293 2147 379 2196 rum
407 2117 563 2197 testium
587 2117 762 2223 superius
778 2116 1030 2224 registratem,
1058 2111 1193 2196 lectam
1214 2117 1357 2206 cidem,
1384 2117 1595 2195 secundum
1620 2117 1724 2223 quod

292 2247 571 2328 recordabatur.
596 2247 719 2325 Lectis
744 2262 871 2324 autem
898 2244 970 2323 sibi
995 2245 1176 2325 omnibus
1198 2263 1237 2324 st
1259 2245 1419 2355 singulis
1447 2245 1630 2335 articulis,
1664 2273 1725 2324 re-

294 2379 448 2488 spondit
466 2407 505 2456 sc
532 2377 696 2466 nescire,
722 2405 792 2454 nec
812 2377 985 2464 credere,
1013 2405 1082 2454 nec
1101 2377 1285 2455 audivisse
1313 2377 1387 2453 dici
1414 2377 1461 2454 de
1482 2376 1667 2454 contentis
1684 2377 1724 2452 in

294 2508 438 2586 sitnisi
460 2509 565 2616 quod
585 2508 757 2614 sequitur
778 2538 787 2583 t
808 2506 984 2584 videlicet
1006 2506 1112 2614 quod
1140 2503 1360 2584 interfuerat
1378 2503 1726 2584 ¹examinacionibus

295 2637 505 2717 multorum
525 2636 848 2744 Templariorum,
869 2663 1034 2743 qnorum
1064 2636 1182 2743 aliqui
1210 2635 1490 2714 confitebantur
1522 2636 1662 2714 multos
1682 2667 1726 2716 ex
1789 2697 1793 2704 .

296 2768 487 2847 erroribus
506 2767 692 2847 contentis
712 2767 752 2842 in
773 2766 883 2844 dictis
903 2765 1086 2858 articulis,
1107 2782 1146 2844 et
1171 2765 1286 2872 aliqui
1308 2767 1370 2844 alii
1391 2793 1457 2845 eos
1474 2767 1635 2846 omnino
1654 2767 1728 2844 dii-

295 2898 512 2985 litebantur,
538 2915 575 2976 et
597 2923 640 2974 er
667 2896 798 2976 multis
819 2897 1051 3004 argumentis
1076 2896 1276 2975 videbatur
1299 2897 1335 2974 ei
1359 2897 1465 3004 quod
1489 2899 1610 3006 major
1630 2897 1727 2976 fides

295 3047 392 3108 esset
404 3027 622 3106 adhibenda
634 3026 859 3134 negantibus
870 3053 985 3134 quam
1002 3027 1285 3106 confitentibus.
1299 3026 1454 3106 Audiuit
1462 3043 1592 3105 tamen
1607 3026 1726 3106 multa

295 3160 474 3238 narraris
497 3157 628 3237 multis
648 3160 713 3265 qui
733 3158 995 3236 examinabant
1019 3145 1139 3236 dictos
1162 3158 1414 3266 Templarics,
1437 3158 1556 3236 multa
1581 3159 1727 3238 confas-

294 3306 372 3368 sata
387 3316 511 3367 coram
527 3290 597 3377 eis,
615 3317 658 3365 er
675 3289 814 3395 quibus
833 3289 1116 3368 narraciouibus
1131 3306 1169 3366 et
1187 3289 1269 3367 aliis
1280 3289 1458 3369 credebat
1473 3289 1579 3396 quod
1598 3290 1728 3368 illicita

296 3437 471 3498 contenta
491 3419 532 3496 in
560 3418 670 3496 dictis
690 3418 873 3511 articulis,
893 3418 953 3496 vel
977 3420 1097 3527 major
1118 3447 1203 3525 pem
1226 3447 1269 3496 ex
1295 3421 1364 3510 eis,
1385 3420 1659 3498 intervenirent
1687 3422 1726 3496 in

295 3548 581 3657 recepcionibus
600 3549 816 3658 aliquorum
830 3579 874 3628 ex
891 3548 1068 3627 fratribus
1088 3549 1233 3628 ordinis
1251 3549 1311 3630 vel
1332 3568 1433 3657 post,
1457 3568 1494 3628 et
1511 3578 1588 3627 nou
1609 3551 1648 3626 in
1669 3579 1728 3627 re-

296 3680 539 3788 cepcionibus
564 3678 726 3759 aliorum
750 3709 820 3758 nec
848 3697 952 3786 post;
975 3696 1013 3760 et
1044 3679 1185 3757 audivit
1212 3679 1353 3758 narrari
1384 3681 1491 3788 quod
1519 3681 1566 3759 ab
1592 3681 1726 3774 inicio,

297 3811 450 3923 quando
470 3811 566 3890 ordo
586 3809 894 3918 Templariomm
913 3811 1087 3918 inceptus
1111 3809 1251 3899 iuerat,
1277 3812 1355 3890 duo
1382 3813 1592 3920 equitantes
1616 3841 1730 3920 snper

297 3972 418 4021 unum
444 3971 587 4050 equum
608 3942 648 4018 in
668 3942 791 4049 prelio
811 3941 911 4020 ultra
929 3969 1051 4032 mare,
1073 3967 1237 4050 quorum
1262 3943 1555 4049 primussossor
1580 3971 1730 4021 recum-

298 4075 489 4153 mendavit
507 4101 547 4153 sc
575 4074 692 4153 lbesu
708 4073 876 4165 Christo,
898 4089 938 4150 et
962 4071 1032 4152 fuit
1053 4072 1270 4152 vulneratus
1289 4074 1329 4150 io
1353 4073 1496 4180 preli03
1524 4074 1619 4152 alter
1641 4103 1729 4153 vero

298 4223 383 4314 post
402 4233 491 4284 eum
513 4206 701 4312 equitans,
724 4231 840 4312 quem
870 4204 990 4282 crodit
1008 4203 1122 4282 fuisse
1143 4203 1349 4312 dyabolum
1365 4203 1673 4282 transformatum
1690 4208 1729 4282 in

297 4336 418 4415 lomna
439 4337 621 4422 humana,
644 4336 738 4414 dixit
760 4335 866 4444 quod
885 4335 965 4443 ipse
992 4331 1329 4414 recommendabat
1355 4363 1394 4412 se
1418 4336 1476 4415 illi
1505 4337 1571 4444 qui
1593 4337 1731 4416 melius

295 4469 426 4576 juvare
445 4485 608 4574 poterat,
636 4483 778 4546 etcum
796 4494 875 4544 non
897 4466 1029 4544 fuisset
1050 4467 1091 4544 iu
1111 4465 1233 4574 prelio
1258 4464 1496 4560 vulneratus,
1524 4468 1731 4574 reprehen-

301 4600 410 4677 deret
426 4597 544 4676 aliurn
572 4598 678 4706 quod
702 4597 1074 4676 recummendaverat
1098 4623 1137 4674 se
1164 4596 1281 4678 Jbesu
1307 4597 1476 4689 Christo,
1506 4613 1546 4674 st
1577 4597 1671 4676 dixit
1696 4600 1729 4676 ei

301 4729 424 4836 quod,
445 4729 477 4807 si
497 4729 646 4808 volabat
664 4728 736 4809 sibi
758 4728 930 4816 credere,
950 4725 1268 4834 multiplicaretur
1287 4746 1326 4806 et
1345 4727 1530 4808 ditaretur
1548 4727 1671 4817 Ordo;
1694 4746 1732 4806 et

301 4861 458 4952 audivit,
480 4861 745 4940 nescittamon
762 4889 782 4937 a
802 4857 959 4968 quibus,
977 4859 1084 4968 quod
1108 4859 1254 4966 primus
1274 4861 1341 4968 qui
1364 4860 1489 4938 lueret
1515 4858 1730 4937 vulneratus

1531 4999 1579 5059 25.
