4208 5886
656 534 853 630 enonas
883 551 980 624 nes
1011 549 1319 626 remeamus.
1389 613 1396 620 .
1624 546 1698 620 aar

272 723 351 796 tus,
367 729 438 780 nec
455 697 577 780 credit
593 697 699 804 quod
713 698 753 774 in
773 693 908 774 ordine
924 693 1045 774 lieret.
1065 691 1147 770 Alia
1163 691 1294 770 illicita
1316 717 1393 766 non
1419 688 1702 766 intervenerunt

273 835 315 911 in
342 833 443 912 dicta
470 859 537 908 sua
557 827 777 935 recepcione
806 853 877 902 nec
903 841 1007 931 post,
1030 840 1068 901 et
1094 823 1216 901 credit
1234 820 1340 928 quod
1367 818 1500 898 eadem
1519 818 1649 897 illicita
1664 837 1702 896 et

274 961 441 1042 nonalia
465 959 719 1039 communiter
738 974 778 1036 et
798 956 942 1062 ubique
959 954 1232 1032 intervenirent
1251 953 1290 1028 in
1306 949 1592 1057 receptionibus
1613 949 1703 1028 alio-

274 1123 362 1174 rum
380 1091 536 1172 fratrum
553 1089 698 1169 ordinis
711 1088 772 1166 vel
787 1101 889 1195 post,
906 1086 994 1194 quia
1012 1086 1292 1162 intervenerant
1308 1083 1349 1159 in
1368 1110 1451 1169 sua,
1473 1097 1512 1160 et
1528 1081 1616 1188 quia
1634 1107 1704 1188 per

276 1222 443 1302 eundem
459 1220 619 1300 modum
634 1219 728 1296 vidit
741 1217 859 1325 recipi
877 1216 1031 1314 fratrem
1049 1214 1262 1292 lohannem
1283 1214 1331 1292 de
1353 1214 1483 1291 Monte
1503 1211 1702 1292 Morlhone

275 1351 469 1460 quondam
508 1349 689 1442 militem,
723 1349 763 1426 in
793 1348 891 1425 dicta
923 1345 1065 1453 capella
1100 1346 1148 1422 de
1186 1343 1397 1432 Charnaco,
1436 1358 1525 1420 sunt
1558 1342 1705 1421 circiter

276 1510 336 1563 rvr
357 1482 462 1574 anni,
480 1509 549 1588 per
566 1480 712 1558 dictum
735 1478 889 1557 fratrem
908 1479 1110 1585 Hugonem
1135 1474 1318 1583 Saycelli,
1336 1473 1577 1581 presentibus
1596 1473 1704 1552 dictis

275 1629 439 1721 quatuor
461 1610 638 1688 fratribus
661 1610 727 1716 qui
746 1607 945 1688 adsuerant
968 1611 1035 1686 sue
1062 1604 1291 1711 receptioni,
1321 1619 1360 1682 et
1381 1602 1493 1680 fratre
1511 1601 1704 1710 Stephano

277 1741 325 1820 de
355 1739 658 1827 Cella1i0,teste
690 1738 862 1845 proximo
892 1737 1119 1828 examinato,
1151 1734 1321 1842 plurium
1348 1731 1634 1840 recepcionibus
1665 1735 1734 1810 se'

278 1897 357 1950 non
384 1868 519 1947 recolit
538 1867 701 1944 affuisse.
727 1869 839 1958 Item,
864 1867 956 1944 dixit
980 1867 1086 1973 quod
1105 1865 1185 1976 ipse
1205 1865 1305 1944 bene
1333 1863 1512 1943 credebat
1536 1860 1707 1946 ecclesia·

279 2001 382 2078 sticis
402 1998 658 2088 sacramentis,
683 1998 842 2076 credens
868 1996 977 2104 quod
1004 1995 1067 2073 alii
1095 1994 1227 2074 fratres
1253 1995 1396 2073 ordinis
1425 1994 1563 2073 eodem
1590 1993 1706 2072 modo

278 2129 496 2221 crederent,
526 2144 565 2206 et
590 2126 696 2235 quod
716 2154 851 2206 eorum
879 2126 1093 2206 sacerdotes
1121 2125 1250 2205 debite
1276 2124 1522 2204 celebrarent.
1544 2124 1707 2205 Clanda-

278 2261 376 2339 stine
397 2258 689 2365 recipiebantur,
703 2257 819 2336 nullis
837 2257 1079 2365 presentibus
1095 2256 1166 2334 nisi
1187 2254 1364 2334 iratribus
1384 2255 1542 2347 ordinis,
1564 2283 1608 2333 ex
1630 2283 1706 2362 quo
1830 2283 1839 2316 ,-

279 2389 571 2469 murmurabant
594 2389 751 2495 plurimi
777 2403 908 2467 contra
936 2415 1012 2466 eos.
1039 2387 1218 2466 Cordulis
1240 2388 1343 2464 unde
1370 2385 1544 2464 volebant
1567 2413 1708 2464 assum·

279 2520 353 2626 ptis
374 2518 622 2628 cingebantur
640 2547 755 2625 super
780 2518 952 2596 camisias
973 2546 1062 2596 oum
1087 2518 1228 2624 quibus
1246 2518 1433 2626 jacebant.
1453 2517 1586 2596 Credit
1605 2517 1709 2624 quod

281 2649 456 2730 nolentes
475 2648 597 2728 lacere
611 2649 780 2756 predicta
799 2648 928 2726 illicita
951 2647 1156 2726 consessura
1170 2641 1247 2754 'per
1268 2675 1374 2738 eum,
1403 2663 1441 2726 et
1460 2647 1564 2754 quod
1588 2673 1634 2724 ea
1650 2647 1710 2724 vel

280 2795 424 2858 secreta
441 2779 692 2884 capitulorum
707 2777 932 2866 revelantes,
953 2778 1051 2858 duro
1079 2777 1216 2856 carceri
1240 2778 1439 2884 mancipati
1455 2776 1624 2856 luissent.
1651 2777 1711 2854 ln·

279 2908 512 3019 jungebatur
532 2908 586 2986 eis
600 2908 706 3017 quod
723 2937 801 2986 non
821 2907 1096 2986 confiterentur
1115 2909 1188 2985 nisi
1202 2906 1461 2986 sacerdotibus
1485 2907 1645 2996 ordinis,
1673 2925 1712 2986 et

282 3043 322 3118 in
347 3066 482 3118 eorum
500 3037 684 3130 deffectu,
704 3037 929 3116 Carmelitis.
960 3039 1109 3116 Fratres
1132 3038 1277 3117 ordinis
1304 3038 1445 3145 quibus
1474 3038 1594 3116 credit
1622 3056 1710 3116 nota
1801 3087 1807 3098 ·

283 3169 398 3246 fuisse
414 3168 544 3246 illicita
559 3167 764 3247 consessata
788 3197 965 3273 pereum
982 3168 1139 3246 filerunt
1155 3169 1405 3277 negligentes,
1424 3169 1513 3276 quia
1533 3197 1610 3249 non
1628 3197 1710 3248 cor·
1783 3189 1790 3202 ·

282 3313 461 3376 rexerunt
493 3323 564 3376 nec
597 3297 921 3376 denunciaverunt
941 3299 1120 3378 Ecclesia.
1148 3299 1404 3378 Elemosinem
1436 3319 1496 3379 ter
1524 3301 1562 3378 in
1592 3300 1712 3379 ebdo-

282 3428 393 3506 mada
408 3427 586 3506 omnibus
600 3427 889 3507 advenientibus
909 3445 948 3507 et
964 3421 1132 3536 qualibet
1148 3431 1211 3508 die
1235 3433 1464 3538 peregrinis,
1488 3449 1526 3510 et
1544 3432 1712 3539 hospita-

283 3557 430 3636 litatem
459 3555 553 3636 vidit
583 3558 851 3638 convenienter
878 3557 961 3638 fieri
997 3577 1035 3638 et
1053 3561 1189 3638 servari
1219 3561 1258 3638 in
1284 3562 1463 3640 domibus
1497 3561 1640 3639 ordinis
1672 3563 1710 3638 in

283 3688 424 3794 quibus
448 3687 570 3765 extitit
598 3704 866 3768 commoratus.
890 3688 1170 3796 Pracipiebatur
1186 3690 1240 3768 eis
1266 3691 1371 3799 quod
1386 3691 1525 3771 debite
1542 3692 1712 3799 acquire·

283 3835 370 3896 rent
389 3817 527 3896 ordini.
546 3815 702 3895 Audivit
719 3818 793 3895 dici
810 3817 915 3926 quod
932 3847 1066 3898 eorum
1084 3819 1259 3927 capitolia
1280 3819 1377 3898 clam
1392 3837 1431 3898 et
1448 3838 1591 3902 secrete
1607 3839 1713 3900 tene-

283 3948 438 4037 bantur,
466 3947 671 4055 aliqnando
692 3948 741 4026 de
767 3966 896 4040 nocte,
917 3948 1122 4058 aliquando
1151 3951 1199 4028 de
1230 3951 1305 4029 die.
1333 3950 1517 4030 Ordinata
1544 3981 1615 4059 per
1640 3953 1714 4032 Ma·

284 4079 442 4188 gistrum
470 4109 559 4158 cum
585 4096 769 4159 conventu
796 4097 976 4160 servasset
996 4097 1100 4162 totus
1125 4083 1240 4174 ordo,
1271 4083 1311 4160 in
1340 4111 1418 4190 quo
1445 4083 1536 4161 dicti
1569 4111 1715 4163 errores

285 4209 465 4291 dicuntur
479 4209 595 4289 luisse
613 4210 820 4290 introducti
843 4211 941 4290 ultra
965 4240 1085 4305 mare,
1108 4228 1146 4292 et
1171 4241 1249 4292 non
1273 4212 1426 4292 durasse
1449 4213 1548 4294 ultra
1564 4230 1716 4322 tempus

286 4355 366 4418 rur*
382 4340 648 4449 Magistrorum
676 4339 919 4434 ultimorum,
941 4358 1072 4422 contra
1098 4369 1213 4449 quem
1238 4343 1414 4422 ordinem
1439 4371 1540 4424 nunc
1558 4345 1716 4454 granffia

283 4470 473 4565 seandala,
494 4470 658 4578 suspicio
678 4486 717 4548 et
739 4469 894 4584 infamia
917 4489 1006 4550 su'nt
1027 4489 1153 4551 exorta
1170 4491 1326 4579 propter
1347 4475 1537 4581 predicta,
1561 4493 1716 4584 propter

283 4627 360 4706 que
389 4601 511 4680 credit
536 4602 682 4710 aliquos
708 4602 853 4682 dietum
878 4603 1053 4682 ordinem
1083 4597 1254 4696 exivisse,
1288 4624 1327 4684 et
1345 4607 1451 4714 quod
1477 4606 1653 4716 Magister
1678 4627 1716 4688 et

285 4727 347 4806 alii
368 4729 502 4808 eadem
531 4731 608 4810 sint
627 4729 798 4812 confessi.
819 4734 903 4814 Non
918 4733 1109 4814 obtulerat
1128 4762 1168 4814 se
1189 4735 1236 4812 ad
1257 4735 1533 4816 deffensionem
1552 4738 1711 4824 ordinis,

285 4886 356 4938 nec
372 4859 496 4940 haeret
516 4861 615 4940 ultra
638 4891 753 4942 mare.
