4242 5890
369 681 371 684 Ι
398 519 475 652 soi
790 557 986 651 moces
1016 575 1111 650 ons
1137 573 1436 648 inarmans.

400 750 488 800 eum
514 720 729 826 abnegaret,
753 737 790 796 et
809 737 962 827 spueret
981 747 1093 827 supra
1112 719 1231 825 ipsam
1254 717 1465 826 ymaginem
1491 732 1560 794 ter.
1580 716 1628 794 Et
1648 747 1734 796 cum
1755 719 1829 800 boc

399 853 519 930 facere
533 868 738 940 recusaret,
760 850 891 929 fratres
911 851 1068 959 predicti
1086 849 1229 928 ordinis
1244 866 1435 956 presentes
1449 847 1624 927 dixerunt
1639 850 1709 927 sibi
1726 852 1830 958 quod

400 983 597 1091 oportebat
610 981 715 1089 quod
730 983 803 1058 hoc
819 982 974 1075 faceret3
992 999 1030 1060 et
1047 998 1136 1058 tunc
1151 981 1249 1088 ipse,
1270 980 1360 1058 licet
1372 979 1526 1070 invitus,
1543 980 1740 1088 abnegavit
1757 997 1827 1074 ter,

401 1132 439 1192 et
464 1113 632 1222 qualibet
653 1115 731 1190 vice
751 1115 851 1219 spuit
873 1143 989 1220 supra
1006 1139 1171 1203 crucem;
1198 1112 1266 1190 sed
1286 1111 1360 1190 hoc
1378 1139 1456 1190 non
1475 1109 1564 1189 fecit
1591 1111 1721 1202 corde,
1744 1112 1831 1191 licet

401 1274 483 1334 ore,
504 1262 547 1322 ut
563 1245 665 1322 dixit.

456 1380 550 1455 ltem
569 1377 661 1454 dixit
676 1405 743 1480 per
751 1376 1007 1483 juramentum
1023 1375 1128 1482 quod
1144 1375 1329 1481 recipiens
1348 1373 1515 1482 precepit
1533 1373 1606 1452 sibi
1626 1376 1733 1482 quod
1747 1376 1830 1454 abs·

400 1509 536 1586 tineret
553 1537 574 1584 a
594 1507 832 1596 midieribus,
852 1524 890 1584 et
908 1506 1058 1614 quodsi
1074 1507 1207 1612 aliquis
1224 1506 1383 1583 fratrum
1402 1505 1516 1582 vellet
1531 1533 1571 1582 se
1588 1507 1829 1588 commiscere

401 1639 486 1716 cum
504 1667 567 1728 eo,
590 1637 695 1744 quod
714 1637 787 1715 hoc
807 1638 1056 1743 permitteret,
1079 1654 1117 1715 et
1135 1638 1295 1744 ipsemet
1315 1637 1488 1716 similiter
1507 1637 1767 1714 commisceret
1790 1665 1829 1714 se

401 1797 485 1845 cum
503 1769 573 1858 eis,
590 1769 621 1846 si
636 1768 762 1857 vellet,
780 1785 818 1846 et
833 1796 946 1874 super
959 1769 1032 1846 hoc
1046 1768 1160 1845 dabat
1172 1768 1207 1845 ei
1222 1768 1437 1858 licenciam
1460 1767 1588 1845 dicens
1607 1768 1713 1875 quod
1729 1768 1831 1844 dixe·

400 1915 489 1976 runt
506 1899 576 1975 sibi
597 1900 702 2005 quod
721 1916 899 1976 statutum
921 1916 1118 1976 estonum
1140 1899 1228 1975 dicti
1251 1897 1410 1988 ordinis,
1433 1899 1538 2005 quod
1557 1897 1587 1974 si
1606 1899 1744 2006 aliquis
1757 1897 1830 1974 fra-

400 2048 501 2108 trum
526 2030 694 2135 ipsorum
723 2030 863 2108 revelat
894 2031 1005 2108 alicui
1031 2029 1092 2106 alii
1121 2047 1306 2108 secretum
1334 2047 1531 2136 peccatum
1556 2058 1626 2107 seu
1651 2029 1832 2108 delictum

400 2163 555 2240 alterius
568 2161 690 2238 fratris
703 2162 760 2238 sui
776 2161 847 2238 sibi
864 2160 967 2239 abeo
983 2161 1208 2251 revelatum,
1223 2159 1303 2267 ipse
1312 2160 1471 2266 punitur
1480 2177 1518 2238 et
1530 2161 1688 2238 sustinet
1694 2187 1831 2266 penam

400 2322 512 2400 quam
528 2293 755 2399 delinquens
769 2292 836 2399 qui
856 2291 927 2370 sibi
946 2292 1020 2370 hoc
1039 2291 1214 2368 revelarit
1234 2291 1418 2368 sustinere
1443 2290 1613 2370 deberet.

455 2424 549 2502 Item
568 2423 662 2500 dixit
679 2451 747 2529 per
763 2423 1022 2532 juramentum
1044 2452 1172 2512 suum,
1195 2421 1318 2500 adbuc
1337 2452 1358 2501 a
1378 2422 1479 2500 dicto
1502 2421 1660 2500 domino
1679 2423 1832 2530 inquisi-

398 2572 481 2633 tore
501 2554 706 2660 repetitum
724 2568 762 2630 ct
776 2553 974 2658 prestitum
985 2553 1183 2632 abeodem
1196 2552 1308 2630 fratre
1322 2553 1545 2661 Hymberto,
1566 2553 1673 2659 quod
1685 2554 1765 2662 ipse
1777 2554 1829 2642 vi,

400 2685 458 2762 vel
476 2701 582 2762 metu
602 2684 758 2761 carceris
776 2682 835 2761 vel
852 2684 1048 2774 tormenti,
1071 2711 1149 2762 non
1170 2683 1264 2761 dixit
1278 2684 1381 2762 aliud
1403 2711 1517 2791 quam
1537 2685 1746 2774 veritatem,
1763 2712 1833 2761 nec

400 2815 593 2919 premissis
621 2813 825 2892 immiscuit
849 2815 1011 2922 aliquam
1035 2813 1250 2906 falsitatem,
1275 2815 1343 2894 sed
1367 2842 1502 2922 puram
1526 2815 1721 2894 veritatem
1739 2814 1833 2892 dixit

402 2975 471 3052 pro
490 2945 606 3025 salute
627 2946 752 3022 anime
768 2973 847 3024 sue.

459 3211 569 3286 Facta
584 3226 710 3287 autem
725 3226 812 3285 sunt
828 3209 897 3286 hec
909 3209 1163 3288 confessiones
1173 3225 1212 3286 et
1224 3209 1484 3315 deposiciones
1499 3209 1641 3287 adictis
1655 3209 1833 3288 fratribus

403 3339 606 3419 Guillelmo
626 3360 665 3418 et
683 3339 888 3447 Hymberto
912 3339 1056 3418 ordinis
1081 3339 1219 3418 milicie
1237 3341 1406 3448 Templi,
1423 3341 1648 3449 juramentis
1670 3341 1718 3419 ab
1733 3341 1834 3447 ipso·

285 3485 290 3494 '
401 3501 487 3550 rum
505 3472 689 3579 quolibet,
709 3489 753 3547 ut
769 3472 1008 3578 premittitur,
1024 3473 1206 3578 prestitis,
1223 3473 1401 3562 Parisius,
1418 3473 1457 3549 in
1478 3472 1655 3551 domibus
1671 3471 1833 3550 fratrum

402 3604 698 3694 Predicatorum3
718 3604 756 3680 in
781 3604 990 3709 presencia,
1018 3621 1060 3680 ut
1078 3603 1322 3710 premittitur,
1350 3619 1387 3680 et
1413 3631 1556 3680 camera
1578 3603 1667 3681 dicti
1689 3601 1830 3681 domini

402 3735 647 3841 inquisitoris,
669 3761 788 3824 anno,
810 3733 1016 3823 indicione,
1038 3733 1276 3839 pontificatu,
1293 3759 1392 3810 anno
1409 3751 1447 3810 et
1463 3732 1524 3810 die
1540 3733 1735 3840 predictis,
1752 3761 1833 3838 pre·

401 3865 570 3942 sentibus
585 3865 754 3944 discretis
770 3881 808 3942 et
826 3865 1009 3970 religiosis
1025 3865 1111 3943 viris
1130 3866 1255 3970 priore
1272 3865 1362 3941 dicti
1379 3864 1469 3953 loci,
1487 3863 1664 3942 fratribus
1679 3865 1825 3940 Herveo

401 3995 537 4072 Natalis
561 3995 738 4100 magistro
758 3995 798 4070 in
814 3993 1022 4099 theologia,
1044 3995 1154 4071 Petro
1171 3995 1217 4071 de
1235 3991 1423 4083 Condeto,
1447 3993 1653 4101 Reginaldo
1678 3993 1725 4070 de
1741 3993 1830 4070 Cre·

402 4123 505 4202 dolio
530 4141 568 4202 et
585 4125 754 4202 loliannc
780 4124 827 4201 de
852 4125 989 4202 Sancto
1008 4123 1209 4204 Vincencio
1229 4125 1388 4231 predicti
1409 4116 1552 4202 ordinis
1567 4122 1726 4201 fratrum
1748 4124 1833 4199 Pre

403 4254 631 4344 dicatorum,
651 4254 811 4333 testibus
827 4253 876 4332 ad
890 4255 962 4333 hec
979 4255 1117 4333 vocatis
1138 4274 1176 4332 et
1195 4257 1346 4364 rogatis.
1754 4241 1765 4254 ,

458 4517 507 4595 Et
525 4545 594 4626 ego
613 4517 776 4596 Amisius
796 4518 843 4595 de
857 4515 1059 4596 Aureliano
1074 4516 1196 4595 dictus
1207 4518 1243 4596 le
1259 4515 1375 4609 Ratif,
1398 4517 1577 4604 clericus,
1601 4533 1832 4594 sacrosancte

401 4653 569 4730 Romane
589 4649 743 4727 ecclesie
763 4650 981 4736 auctoritate
999 4649 1165 4729 notarius
1184 4647 1373 4754 publicus,
1393 4647 1585 4756 premissis
1597 4647 1835 4756 juramento·

400 4812 486 4860 rum
506 4782 803 4887 prestacionibus
825 4799 863 4858 et
884 4781 1181 4860 confessionibus
1203 4797 1241 4858 et
1266 4781 1445 4860 omnibus
1473 4779 1557 4858 aliis
1587 4796 1625 4856 et
1654 4777 1831 4886 singulis,

402 4932 512 5020 prout
530 4914 579 4990 in
592 4929 690 4992 carta
708 4941 774 4992 seu
790 4913 894 5019 pecie
914 4913 1078 5018 presenti
1094 4931 1131 4990 et
1149 4911 1441 5018 precedentibus
1460 4912 1568 5020 signo
1582 4938 1669 4990 meo
1682 4909 1834 5018 signatis
