4208 5886
669 546 868 642 proces
898 566 997 640 nes
1027 565 1331 640 rurenses.
1636 570 1708 642 211

288 729 325 788 et
347 709 467 789 credit
489 707 595 817 quod
610 705 673 786 alii
697 705 829 790 tratres
850 707 995 788 ordinis
1009 707 1146 786 eodem
1166 709 1283 788 modo
1305 705 1525 797 crederent,
1553 726 1592 786 et
1607 711 1712 816 quod

286 869 421 920 eorum
451 840 664 920 sacerdotes
694 837 822 918 debite
843 839 1097 929 celebrarent,
1124 856 1162 917 et
1189 839 1282 916 dixit
1304 839 1409 945 quod
1428 857 1487 920 ter
1502 843 1714 919 communi-

286 971 419 1050 cabant
438 971 478 1052 iu
492 997 610 1059 anno,
629 968 772 1052 scilicet
788 970 828 1047 in
845 971 1041 1062 Pascbate,
1062 971 1282 1050 Pentecoste
1299 987 1337 1047 et
1350 970 1558 1048 Nativitate.
1572 973 1715 1049 Juravit

286 1102 462 1182 ordinem
491 1129 569 1178 non
599 1099 711 1178 exire.
741 1101 982 1180 Clandestine
1012 1099 1305 1207 recipiebantur,
1337 1099 1453 1179 nullis
1473 1101 1713 1207 presentibus

286 1233 358 1312 nisi
382 1231 560 1310 fratribus
581 1229 744 1322 ordinis,
769 1257 815 1310 es
839 1260 917 1339 quo
945 1247 1170 1337 potestesse
1192 1230 1359 1338 suspicio
1387 1257 1462 1338 que
1487 1247 1566 1308 erat
1586 1249 1714 1308 contra

288 1389 364 1440 eos.
388 1360 566 1441 Cordulis
584 1359 687 1438 unde
703 1358 882 1438 volebant
895 1362 1096 1465 assumptis
1113 1389 1182 1464 per
1198 1361 1452 1465 penitenciam
1467 1361 1714 1466 cingebantur

287 1521 400 1600 super
414 1490 586 1574 camisias
607 1519 695 1568 cum
717 1491 857 1598 quibas
870 1488 1058 1600 jacebant.
1080 1491 1304 1595 Preceptum
1331 1487 1404 1566 fuit
1427 1489 1532 1598 quod
1545 1488 1715 1568 confite-

287 1639 391 1702 retur
415 1621 593 1700 fretribus
620 1621 877 1700 sacerdotibus
902 1620 1062 1709 ordinis,
1085 1638 1123 1697 et
1148 1620 1268 1698 credit
1292 1621 1398 1727 quod
1419 1618 1562 1726 ubique
1582 1617 1714 1699 fratres

287 1754 547 1859 reciperentur
564 1751 683 1840 licite,
698 1751 797 1828 sicut
811 1751 989 1856 deposuit
1005 1777 1044 1828 se
1057 1750 1172 1828 fuisse
1194 1766 1400 1856 receptum.
1424 1749 1656 1828 Elemosinas
1676 1769 1714 1827 et

288 1881 580 1992 hospitalitatem
597 1880 690 1958 vidit
712 1881 980 1960 convenienter
1000 1881 1084 1958 {ieri
1101 1897 1138 1959 et
1152 1881 1289 1960 servari
1308 1882 1348 1958 in
1368 1881 1545 1960 domibus
1568 1880 1714 1960 ordinis

287 2011 487 2120 inquibus
507 2011 628 2089 extitit
646 2027 911 2095 commoratus.
937 2011 1069 2090 Credit
1088 2012 1194 2120 quod
1214 2012 1385 2092 ordinata
1410 2041 1478 2118 per
1491 2013 1713 2121 Magistrum

287 2172 375 2222 cunt
390 2158 597 2234 conventu,
618 2139 931 2220 sifuissentboua
946 2157 984 2218 et
998 2141 1113 2232 licita,
1136 2159 1315 2220 servasset
1334 2157 1437 2218 totus
1451 2142 1566 2228 ordo,
1584 2159 1714 2220 contra

288 2301 405 2381 quem
418 2301 523 2352 nunc
534 2272 722 2363 indebite,
739 2289 783 2350 ut
798 2271 928 2364 credit,
955 2271 1111 2380 grandia
1126 2271 1314 2360 scandala,
1331 2270 1495 2378 suspicio
1511 2289 1549 2348 et
1562 2269 1714 2349 infamia

287 2420 376 2481 sunt
396 2419 533 2484 exorta.
555 2402 709 2481 Audivit
732 2418 859 2479 emen
883 2401 958 2480 dici
980 2401 1086 2508 quod
1113 2401 1244 2479 dictus
1254 2401 1489 2510 Magisteret
1510 2401 1627 2508 aliqui
1650 2402 1712 2479 alii

288 2533 414 2642 aliqua
425 2533 557 2613 illicita
571 2534 728 2612 luerunt
741 2549 871 2610 contra
887 2532 1062 2610 ordinem
1077 2530 1254 2621 conlessi,
1272 2549 1310 2610 et
1325 2531 1445 2610 credit
1456 2531 1560 2638 quod
1574 2532 1714 2612 firerint

288 2663 460 2754 mentiti3
480 2681 519 2742 et
535 2691 612 2742 non
628 2661 820 2741 obtulerat
833 2689 874 2740 se
892 2661 940 2739 ed
956 2660 1230 2740 deffensionem
1253 2661 1412 2752 ordinis,
1437 2679 1477 2740 et
1497 2691 1573 2741 non
1591 2660 1713 2742 liceret

286 2792 385 2871 ultra
399 2821 513 2872 mare.

344 2925 560 3033 Requisitus
574 2925 607 3002 si
620 2925 673 3004 sic
685 2924 912 3030 deposuerat
926 2951 1053 3031 prece,
1075 2941 1270 3030 precepto,
1287 2925 1576 3016 timore,amore
1587 2985 1596 3018 ,
1609 2925 1711 3013 odio,

289 3055 345 3132 vel
364 3055 565 3161 temporali
582 3055 744 3132 comodo
764 3053 895 3132 habito
910 3053 969 3130 vel
983 3053 1176 3142 habendo,
1194 3055 1390 3160 respondit
1407 3054 1509 3162 quod
1531 3081 1623 3144 non,
1646 3056 1713 3132 sed

287 3205 357 3283 pro
382 3185 535 3256 veritate
561 3184 739 3269 dicendae
766 3182 825 3260 cui
849 3183 922 3260 fuit
935 3183 1156 3286 injunctum
1181 3185 1285 3289 quod
1311 3213 1387 3260 non
1417 3184 1599 3262 revelaret
1619 3186 1715 3262 hanc

287 3335 392 3386 suem
415 3307 716 3413 deposicionem,
739 3337 939 3414 quousque
957 3310 1219 3388 attestaeiones
1233 3310 1373 3390 fuerint
1388 3312 1590 3419 publicata.

343 3571 472 3648 Frater
490 3569 623 3646 Petrus
642 3567 797 3648 Gemldi
818 3571 866 3648 de
887 3571 1034 3648 Mursao
1058 3573 1239 3664 serviens,
1262 3575 1513 3654 xantonensis
1535 3577 1710 3668 diocesis,

286 3697 390 3777 testis
404 3725 516 3806 supra
530 3698 696 3806 juratus,
717 3725 828 3778 xnvru
849 3727 1036 3778 annorum
1055 3701 1115 3780 vel
1135 3702 1248 3791 cirea,
1267 3701 1492 3782 mantellum
1511 3707 1658 3784 ordinis
1676 3726 1714 3785 et

286 3826 441 3907 barbam
464 3827 669 3921 defferens,
692 3857 779 3906 curn
803 3857 882 3936 quo
904 3828 1128 3936 inquisitum
1148 3819 1288 3921 suerat,
1310 3834 1506 3913 absolutus
1525 3853 1563 3912 et
1582 3865 1713 3915 recon-

287 3957 432 4038 ciliatus
454 3987 524 4066 per
543 3958 743 4038 dominum
761 3960 980 4071 episcopum
1003 3961 1303 4049 Xantonensem,
1325 3963 1432 4042 lectis
1454 3981 1494 4042 et
1513 3965 1715 4075 diligenter

288 4090 464 4194 expositis
484 4089 554 4168 eibi
572 4089 752 4170 omnibus
766 4107 805 4167 et
818 4089 977 4198 singulis
989 4089 1171 4182 articulis,
1194 4094 1389 4199 respondit
1408 4123 1448 4171 se
1464 4096 1625 4185 nescire,
1644 4127 1714 4176 nec

289 4217 459 4310 credere,
482 4247 554 4298 nee
570 4220 759 4298 audivisse
785 4219 860 4298 dici
885 4217 934 4298 de
956 4221 1144 4298 contentis
1168 4221 1207 4297 in
1230 4223 1283 4300 eis
1303 4222 1375 4302 nisi
1396 4225 1501 4331 quod
1520 4227 1712 4333 sequitur:

204 4353 207 4360 “
288 4348 381 4428 dixit
402 4377 540 4456 nempe
564 4349 679 4429 baisse
703 4365 916 4456 receptum,
947 4350 988 4428 in
1015 4349 1110 4428 lesto
1136 4353 1341 4431 Natiuitatis
1363 4354 1518 4432 Domini
1542 4360 1713 4462 proximo
1780 4440 1786 4452 ,

286 4479 467 4586 preterito
490 4479 646 4558 fisenus
669 4507 747 4558 xttn
774 4481 861 4557 anni
886 4480 947 4558 vel
971 4478 1082 4573 cirea,
1102 4481 1146 4557 in
1169 4481 1309 4588 capella
1332 4482 1471 4562 domus
1490 4487 1641 4593 Templi
1665 4489 1713 4565 de

288 4609 493 4716 Enspaneis
511 4611 762 4690 xantonensis
787 4610 963 4700 diocesis,
985 4610 1226 4717 perstarem
1242 4613 1527 4708 Theobaldum,
1551 4617 1713 4696 militem

290 4741 504 4846 quondam,
537 4759 800 4849 preceptorem
828 4760 921 4820 tunc
953 4741 1050 4820 dicte
1078 4743 1234 4836 domus,
1267 4746 1506 4851 presentibus
1537 4744 1714 4826 fratribus

291 4869 397 4948 Helia
416 4869 576 4960 Costati,
597 4889 693 4950 teste
714 4873 885 4978 proximo
905 4873 1132 4965 examinato,
1154 4891 1198 4950 ut
1218 4875 1288 4952 sibi
1304 4876 1461 4965 videtur,
1478 4895 1517 4954 et
1528 4876 1715 4983 aliquibus

1516 5033 1565 5092 27.
