4320 5898
719 479 915 572 enonas
943 498 1037 570 ons
1065 496 1369 570 ruururnns.
1710 497 1757 572 aa
1798 493 1805 508 ·

328 687 397 735 nec
418 657 487 735 scit
506 656 600 764 quid
620 658 762 746 credat,
786 687 832 734 an
858 657 1026 765 predicta
1045 655 1174 735 illicita
1193 658 1252 735 vel
1273 657 1344 736 alia
1363 657 1632 736 intervenirent
1656 687 1760 736 com-

328 789 496 866 muniter
515 789 553 864 in
574 787 857 895 receptionibus
876 789 1054 879 aliorum,
1072 788 1130 867 vel
1145 807 1243 896 post.
1264 791 1358 867 Item
1373 787 1465 866 dixit
1484 816 1523 866 se
1544 787 1658 868 luisse
1670 818 1760 867 con-

329 919 467 998 sessum
487 920 535 997 de
553 919 731 1025 predictis
747 919 937 998 erroribus
958 919 1054 997 infra
1071 919 1289 1028 quindecim
1306 921 1387 998 dies
1407 948 1427 996 a
1442 921 1660 1028 receptione
1676 948 1758 1009 sua,

329 1051 368 1126 in
389 1049 528 1157 capella
550 1049 650 1126 dicte
672 1051 809 1128 domus
830 1052 878 1129 de
899 1051 1092 1144 Morlenis,
1114 1051 1216 1129 dicto
1232 1049 1336 1128 fratri
1358 1050 1520 1128 Johanni
1544 1052 1592 1129 de
1610 1053 1721 1138 Nans,
1741 1079 1761 1126 a

329 1209 405 1288 quo
425 1180 620 1258 absolutus
638 1181 794 1271 exstitit,
822 1183 998 1290 imposita
1025 1181 1095 1262 sibi
1116 1183 1331 1289 penitencia
1355 1181 1460 1289 quod
1480 1181 1657 1289 deinceps
1682 1211 1759 1259 non

330 1330 428 1390 esset
446 1313 486 1387 in
505 1311 590 1389 loco
610 1312 649 1388 in
667 1341 744 1419 quo
761 1313 850 1390 talia
870 1313 1006 1391 fierent
1027 1332 1064 1391 et
1079 1313 1186 1421 quod
1206 1340 1250 1391 ea
1269 1339 1348 1390 non
1369 1311 1521 1401 laceret,
1542 1329 1580 1391 ct
1598 1329 1762 1422 quatuor

330 1444 440 1520 sextis
464 1441 567 1520 seriis
591 1439 785 1522 camisiam
801 1473 879 1522 non
900 1461 1078 1552 portaret.
1102 1445 1210 1534 Item,
1229 1443 1323 1521 dixit
1343 1443 1449 1551 quod
1467 1442 1566 1521 benc
1586 1444 1762 1521 credebat

330 1573 588 1651 ecclesiasticis
609 1575 865 1664 sacramentis,
893 1575 1051 1652 credens
1072 1574 1178 1682 quod
1205 1574 1267 1652 alii
1292 1573 1425 1652 fratres
1454 1573 1597 1652 ordinis
1625 1575 1760 1654 eodem

330 1705 447 1783 modo
468 1705 682 1798 crederent,
710 1724 748 1783 et
768 1707 873 1814 quod
899 1734 1031 1784 eorum
1059 1706 1272 1784 sacerdotes
1297 1705 1425 1786 debite
1448 1704 1703 1796 celebrarent;
1725 1725 1763 1783 et

330 1836 422 1913 vidit
442 1867 463 1913 a
482 1835 659 1915 fratribus
679 1837 824 1915 ordinis
839 1866 989 1914 crucem
1006 1836 1046 1913 in
1067 1837 1129 1914 die
1144 1837 1302 1918 Veneris
1314 1853 1439 1914 sancta
1455 1835 1588 1913 devote
1606 1853 1644 1915 et
1658 1866 1762 1916 reve-

331 1983 468 2060 renter,
488 1966 766 2054 calceamentis,
789 1967 951 2074 capuciis
976 1983 1015 2044 et
1033 1967 1159 2075 pilleis
1177 1967 1375 2074 depositis,
1398 1967 1503 2044 flexis
1523 1966 1699 2076 genibus,
1723 1969 1761 2044 in

332 2097 519 2176 honorem
540 2097 694 2188 Christi,
712 2097 899 2176 adhorari.
920 2098 1055 2176 Statim
1074 2127 1143 2205 pro
1163 2097 1340 2204 professis
1359 2096 1607 2176 habebantur.
1634 2098 1763 2176 Januis

332 2227 476 2316 clausis,
499 2227 615 2305 nullis
635 2227 874 2335 presentibus
894 2229 965 2306 nisi
982 2223 1159 2306 fratribus
1180 2227 1336 2321 ordinis,
1355 2227 1648 2335 recipiebantur.
1669 2228 1760 2308 Cor-

334 2358 433 2436 dulis
448 2359 552 2436 unde
573 2358 750 2436 volebant
771 2360 972 2466 assumptis
991 2358 1239 2467 cingebantur
1256 2386 1370 2464 super
1390 2358 1559 2436 camisias
1576 2385 1662 2434 cum
1678 2361 1764 2466 qui-

331 2488 404 2566 bus
411 2487 599 2596 jacebant,
617 2519 664 2564 ne
682 2491 732 2565 ita
748 2487 867 2566 libere
883 2489 1146 2597 contingerent
1161 2515 1312 2566 carnem
1328 2516 1446 2566 suam.
1465 2488 1682 2597 lnjunctum
1694 2488 1765 2568 fuit

333 2620 380 2709 ei,
402 2635 440 2695 et
460 2617 580 2695 credit
597 2617 703 2724 quod
719 2617 802 2695 aliis
823 2617 1101 2727 injungebatur,
1124 2646 1172 2694 ne
1194 2617 1404 2697 revelarent
1423 2637 1564 2697 secreta
1584 2621 1766 2728 capitulo·

333 2777 430 2836 rum,
449 2747 498 2825 de
518 2747 635 2825 modo
653 2748 887 2855 recepcionis
907 2747 1011 2825 nulla
1031 2747 1181 2855 speciali
1204 2746 1330 2825 habita
1351 2749 1567 2842 mancione,
1587 2766 1625 2828 et
1645 2752 1765 2829 credit

333 2878 437 2984 quod
448 2878 515 2985 qui
528 2877 753 2956 revelassent
760 2879 888 2988 puniti
901 2877 1071 2966 brissent,
1086 2877 1207 2956 nescit
1216 2876 1391 2985 qualiter.
1408 2880 1644 2960 Audivitdici
1659 2885 1764 2991 quod

335 3007 474 3115 absque
497 3007 652 3086 licencia
673 3037 750 3087 non
775 3025 950 3117 poterant
970 3007 1042 3086 nisi
1062 3008 1323 3087 sacerdotibus
1348 3009 1493 3087 ordinis
1513 3011 1698 3092 confiteri.
1725 3015 1763 3094 Si

336 3140 401 3245 qui
422 3158 526 3217 erant
545 3139 677 3218 fratres
693 3139 851 3218 scientes
872 3167 1017 3217 errores
1031 3137 1237 3245 predictos,
1254 3138 1408 3217 fixerunt
1425 3139 1658 3248 negligentes
1678 3146 1764 3250 quia

336 3298 413 3348 non
424 3273 667 3348 correxerunt
677 3297 742 3348 eos
751 3297 820 3346 nee
830 3269 1153 3346 denunciaverunt
1161 3269 1338 3347 Ecclesie.
1348 3270 1480 3349 Dictus
1491 3269 1606 3349 frater
1621 3272 1765 3351 Rober-

335 3416 397 3478 tus
416 3401 585 3507 precepit
605 3400 731 3476 eidem
751 3400 837 3477 testi
857 3400 1016 3477 indicta
1037 3401 1153 3478 domo
1174 3400 1222 3477 de
1242 3399 1396 3479 Roseria
1415 3401 1521 3508 quod
1542 3402 1766 3483 elemosinas

336 3549 373 3606 et
386 3531 677 3638 hospitalitatem
694 3529 826 3608 debito
841 3531 958 3608 modo
973 3549 1147 3618 servaret,
1165 3547 1202 3608 et
1218 3559 1279 3609 eas
1293 3530 1386 3609 vidit
1402 3535 1670 3612 convenienter
1681 3535 1765 3613 fieri

337 3681 382 3738 et.
394 3662 529 3740 servari
551 3663 590 3739 in
610 3662 789 3740 domibus
809 3662 848 3739 in
868 3661 1008 3768 quibus
1034 3661 1155 3739 extitit
1175 3679 1440 3753 commoratus,
1464 3681 1502 3740 et
1521 3663 1766 3743 inhibebatur

337 3797 390 3870 eis
409 3822 456 3871 ne
478 3822 610 3870 eorum
627 3793 767 3870 vicinos
788 3811 1023 3900 agravarent,
1051 3809 1089 3870 et
1108 3821 1156 3870 ne
1177 3791 1347 3870 indebite
1367 3793 1492 3870 ordini
1511 3795 1762 3903 acquirerent,

336 3942 379 4000 ut
403 3925 545 4002 audivit
565 3925 651 4001 dici.
681 3923 803 4012 Clam,
826 3921 941 4001 nullis
967 3922 1208 4030 presentibus
1228 3923 1300 4001 nisi
1320 3921 1500 4002 fratribus
1521 3925 1681 4021 ordinis,
1703 3953 1766 4003 eo·

335 4083 421 4130 rum
446 4054 620 4161 capitulla
639 4053 878 4131 tenebantur.
909 4051 1039 4130 Credit
1059 4053 1165 4161 quod
1194 4053 1267 4133 lata
1293 4069 1429 4132 statuta
1451 4081 1520 4161 per
1544 4057 1764 4165 Magistrum

337 4214 423 4260 cum
446 4203 632 4262 conventu
652 4183 812 4261 luissent
831 4183 1032 4284 servatanin
1052 4201 1133 4262 toto
1152 4184 1302 4272 ordine,
1323 4201 1451 4262 contra
1474 4214 1589 4293 quem
1611 4187 1765 4295 grandia

337 4315 528 4405 scandala,
543 4315 705 4422 suspicio
722 4333 760 4392 et
781 4313 933 4390 inlamia
952 4333 1037 4420 post
1057 4342 1189 4392 eorum
1209 4313 1426 4422 capcionem
1448 4336 1538 4395 sunt
1559 4335 1700 4408 exorta,
1718 4319 1766 4396 ad

337 4421 444 4553 cujus
459 4445 732 4524 deffensionem
752 4473 791 4522 se
813 4473 891 4521 non
907 4444 1109 4522 obtulerat.
1131 4445 1206 4522 Nec
1222 4445 1275 4522 sic
1292 4443 1519 4552 deposuerat
1538 4478 1665 4557 prece,
1683 4478 1768 4558 pre-

338 4593 461 4682 cepto,
482 4576 632 4665 timore,
655 4605 795 4668 amore,
819 4575 921 4665 odio,
941 4576 1142 4682 temporali
1160 4575 1322 4655 comodo
1341 4576 1471 4656 habito
1492 4579 1549 4657 vel
1571 4580 1764 4668 habendo,

339 4705 405 4782 sed
430 4734 498 4812 pro
525 4708 677 4783 veritate
703 4704 878 4796 dicenda,
907 4722 950 4782 ut
969 4705 1076 4798 dixin
1105 4721 1143 4782 et
1164 4703 1236 4784 luit
1255 4723 1483 4813 protestatus
1506 4726 1591 4789 ante
1616 4711 1768 4819 deposi·
1859 4716 1862 4724 ’

426 4844 531 4906 anonis
554 4867 605 4906 aas
628 4865 799 4908 inarmans.
812 4865 896 4904 -ra
1358 4893 1378 4916 1
1440 4923 1443 4931 ,
1621 4871 1638 4932 7
