4210 5882
712 535 909 632 raeces
935 553 1032 628 nes
1058 553 1361 632 reuertens.
1677 559 1750 630 aar

323 727 391 776 sue
410 697 656 802 recepcionis‚
679 697 771 774 dixit
796 727 865 804 per
883 698 1141 808 juramentum
1166 727 1276 776 suum
1298 696 1401 804 quod
1422 697 1492 774 suit
1513 715 1687 803 receptus
1712 700 1751 774 in

324 831 442 908 domo
454 826 670 906 dePrunaio
686 829 846 908 diocesis
854 829 1111 920 Carnotensis,
1124 829 1162 906 in
1176 827 1326 906 instanti
1339 829 1631 935 Quadragesima
1642 847 1755 906 erunt

322 959 452 1070 viginti
473 977 550 1039 tres
564 961 672 1052 anni,
697 989 766 1068 per
784 959 917 1039 fratem
937 961 1139 1069 Syrnonem
1162 961 1209 1038 de
1232 960 1370 1055 Quinci
1397 977 1653 1067 preceptorem
1675 960 1756 1037 bal-

324 1093 408 1170 livie
428 1091 475 1169 de
495 1091 673 1184 Prunaio,
700 1093 942 1198 presentibus
965 1091 1077 1169 fratre
1103 1090 1254 1170 Galtero
1282 1091 1330 1168 de
1354 1091 1424 1168 Ete
1453 1107 1606 1168 tenente
1629 1091 1755 1168 locum

199 1229 205 1240 '
324 1223 491 1331 Magistri
513 1223 683 1312 Francia,
707 1239 746 1300 ct
765 1223 878 1300 fratre
900 1221 1108 1329 Reginaldo
1129 1220 1370 1328 d‘Argevilie,
1390 1221 1455 1327 qui
1476 1219 1548 1296 suit
1568 1219 1757 1298 cubicula-

323 1355 402 1430 rius
421 1381 518 1460 pape
533 1353 792 1442 voluntarius,
812 1370 850 1430 et
864 1353 1093 1460 quibusdam
1105 1351 1187 1429 aliis
1206 1353 1252 1428 de
1268 1378 1432 1457 quortun
1447 1351 1668 1428 nominibus
1679 1379 1756 1429 non

325 1485 554 1564 recordatur.
570 1485 672 1562 Dixit
686 1485 803 1562 eciam
813 1512 882 1590 per
888 1485 1145 1591 juramentum
1159 1509 1270 1560 suum
1286 1482 1408 1588 quod,
1419 1499 1505 1587 post
1519 1480 1655 1558 multas
1670 1511 1755 1587 pro-

324 1617 522 1694 missiones
539 1615 587 1693 de
604 1615 755 1694 secretis
768 1631 806 1692 et
822 1615 968 1694 statutis
982 1613 1072 1691 dicti
1089 1612 1234 1690 ordinis
1245 1612 1293 1689 ab
1308 1639 1354 1690 eo
1370 1610 1482 1689 saetas
1496 1612 1751 1706 observandis,
1789 1695 1794 1705 ,

324 1763 362 1820 ct
381 1745 561 1824 mantello
582 1745 653 1823 sibi
674 1744 722 1822 ad
738 1743 881 1822 collum
899 1744 1040 1850 posito,
1062 1744 1185 1821 dictus
1201 1742 1386 1849 recipiens
1402 1742 1609 1848 apportavit
1625 1771 1756 1849 quam-

312 1876 410 1952 dam
425 1901 576 1951 crucem
592 1875 632 1950 in
649 1901 722 1979 qua
741 1891 822 1950 erat
835 1901 969 1980 ymago
986 1873 1103 1951 Jhcsu
1111 1872 1250 1952 Christi
1268 1871 1432 1978 depicta,
1447 1887 1486 1948 et
1501 1873 1668 1978 precepit
1682 1873 1753 1950 sibi

323 2003 595 2110 quothesum
616 2003 810 2082 Christum
829 2002 1044 2110 abnegaret,
1065 2019 1104 2078 et
1122 2001 1226 2107 quod
1239 2019 1389 2107 spueret
1403 2029 1515 2106 supra
1531 2030 1700 2090 crucem,
1719 2023 1755 2081 et

322 2163 410 2210 cum
432 2161 510 2212 non
529 2133 644 2210 vellet
655 2132 793 2223 facere,
815 2131 948 2210 fratres
968 2131 1181 2210 assistentes
1199 2129 1373 2208 dixenrnt
1392 2130 1462 2208 sibi
1484 2132 1589 2238 quod
1604 2151 1754 2238 oporte-

321 2265 469 2342 bathoc
483 2263 621 2354 facere,
640 2262 698 2341 vel
712 2280 919 2370 poneretur
931 2263 1126 2340 incarcere
1138 2277 1334 2368 perpetuo.
1352 2263 1399 2338 Et
1414 2279 1507 2338 tunc
1521 2290 1604 2351 cre,
1622 2280 1661 2339 et
1676 2293 1752 2342 non

322 2396 452 2484 corde,
482 2394 677 2502 abnegavit
696 2394 852 2472 Jbesum
873 2394 1086 2483 Christum,
1109 2411 1148 2470 et
1171 2391 1357 2470 simulavit
1381 2420 1516 2499 spuere
1536 2423 1648 2499 supra
1668 2423 1753 2472 cru-

322 2554 416 2602 cem.
434 2527 686 2632 Interrogatus
699 2526 746 2604 de
762 2524 908 2616 oscu10,
928 2524 1022 2601 dixit
1034 2553 1103 2630 per
1111 2525 1370 2631 juramentum
1383 2551 1496 2603 suum
1510 2525 1615 2632 quod
1629 2525 1751 2604 dictus

320 2657 504 2764 recipiens
521 2656 711 2736 osculatus
727 2655 800 2733 fuit
813 2655 937 2762 ipsum
955 2655 995 2732 in
1009 2655 1191 2733 umbilico
1207 2673 1245 2734 et
1259 2655 1298 2732 in
1312 2683 1377 2734 ore
1393 2655 1529 2734 solum.
1545 2658 1753 2766 Interroga·

319 2802 380 2866 tus
402 2787 449 2864 de
470 2787 608 2894 capite,
630 2786 724 2864 dixit
740 2814 809 2893 per
820 2786 1080 2894 juramentum
1099 2815 1209 2864 suum
1234 2785 1338 2892 quod
1357 2786 1437 2891 ipsc
1457 2786 1552 2865 vidit
1576 2786 1674 2864 illud
1691 2787 1751 2866 bis

320 2917 482 2996 Parisins
501 2917 541 2994 in
561 2916 724 3024 capitulo
743 2918 881 3022 portari
901 2945 970 3023 per
988 2915 1140 2994 fratrem
1156 2913 1367 2995 Gerardum
1380 2916 1428 2994 de
1440 2916 1662 3008 Villaribus‚
1685 2920 1752 2996 sed

320 3055 515 3154 nunquam
530 3049 656 3153 potuit
670 3047 874 3125 decernere
893 3046 987 3154 quid
1007 3064 1102 3136 erat,
1125 3047 1212 3153 quia
1231 3047 1385 3126 sedebat
1403 3048 1568 3157 alonge,
1588 3067 1752 3126 necerat

320 3177 449 3256 lumen
470 3178 510 3254 in
531 3177 711 3283 capitulo,
733 3178 839 3284 quod
852 3177 1053 3255 tenebatur
1071 3179 1177 3284 quasi
1195 3177 1321 3254 media
1337 3195 1464 3266 nocte,
1486 3179 1558 3258 nisi
1579 3207 1676 3256 unus
1689 3209 1751 3258 ce-

320 3335 407 3386 reus
436 3307 609 3386 modicus
628 3307 783 3396 ardens,
816 3325 854 3384 ct
880 3319 1034 3413 propter
1058 3307 1132 3385 boc
1156 3335 1236 3385 non
1259 3308 1385 3414 potuit
1407 3308 1505 3386 bene
1534 3311 1628 3386 scire
1658 3312 1751 3416 quid

321 3455 410 3514 erat.
431 3438 535 3516 Dixit
551 3455 678 3515 tamen
697 3438 802 3544 quod
817 3464 894 3514 non
915 3438 1035 3514 credit
1054 3437 1158 3544 quod
1180 3454 1277 3515 esset
1294 3437 1438 3515 bonum
1459 3439 1563 3544 quid.
1589 3441 1752 3516 Interro-

318 3585 424 3674 gatus
443 3585 571 3646 utrum
591 3568 702 3645 sciret
716 3567 820 3674 quod
835 3594 968 3646 omnes
986 3567 1246 3674 reciperentur
1261 3597 1330 3675 per
1344 3567 1452 3646 illum
1468 3569 1642 3659 modum,
1659 3570 1752 3648 dixit

319 3698 423 3806 quod
444 3700 563 3776 nescit
585 3727 655 3806 pro
677 3715 795 3791 certo,
818 3698 906 3805 quia
925 3726 1115 3806 nunquam
1133 3698 1226 3776 vidit
1244 3699 1376 3778 tratres
1394 3700 1530 3807 recipi,
1547 3701 1614 3776 sed
1632 3701 1752 3778 credit

279 3885 283 3900 .
319 3827 424 3934 qnod
443 3829 517 3918 sic;
536 3847 580 3908 'et
603 3829 675 3906 hoc
704 3828 841 3920 credit,
862 3830 1047 3936 quianam
1071 3829 1192 3907 credit
1213 3829 1319 3936 quod
1343 3829 1446 3908 aliud
1467 3829 1580 3908 fuerit
1599 3830 1669 3906 sibi
1698 3831 1750 3906 fa-

319 3976 422 4038 ctum
435 3960 540 4067 quod
554 3959 619 4038 fiat
637 3959 732 4040 aliis.
753 3961 1002 4068 Interrogatus
1016 3977 1145 4038 uuum
1159 3961 1211 4053 vi,
1228 3960 1287 4038 vel
1306 3979 1411 4040 metu
1424 3961 1578 4038 carceris
1593 3989 1661 4038 seu
1673 3980 1751 4040 tor-

319 4109 550 4181 mentorum,
561 4108 633 4176 aut
643 4090 712 4170 alia
726 4093 773 4169 de
789 4119 913 4181 causa,
930 4091 1092 4198 aliquam
1107 4091 1304 4170 salsitatem
1321 4091 1457 4171 dixerit
1466 4109 1531 4170 aut
1542 4091 1750 4170 immiscue

319 4223 369 4298 rit
383 4224 422 4299 in
445 4222 690 4329 deposicione
711 4251 793 4312 sua,
816 4239 879 4301 aut
897 4221 1056 4301 tacuerit
1067 4223 1278 4316 veritatem,
1301 4223 1393 4301 dixit
1411 4251 1481 4330 per
1495 4225 1749 4332 juramentum

319 4379 430 4430 suum
450 4353 555 4459 quod
573 4381 667 4442 non,
690 4381 762 4430 nec
781 4351 903 4460 aliqua
922 4353 1096 4432 violentia
1113 4353 1184 4432 sibi
1201 4353 1273 4432 fuit
1288 4353 1401 4446 sacta,
1421 4353 1488 4432 sed
1507 4383 1639 4462 puram
1654 4355 1750 4433 veri-

317 4499 434 4560 tatem
450 4481 605 4561 dixerat.

374 4743 467 4818 Item
487 4740 601 4819 scater
617 4742 809 4820 Johannes
829 4741 878 4818 de
897 4741 1060 4822 Sivriaco
1079 4743 1288 4852 presbyter,
1310 4743 1418 4822 etatis
1433 4744 1563 4853 viginti
1586 4761 1670 4821 octo
1686 4771 1750 4820 an·

318 4899 455 4950 norum
481 4871 540 4950 vel
568 4873 680 4962 circa,
708 4873 853 4980 juratus
873 4873 1009 4952 eodem
1029 4873 1145 4953 modo
1165 4873 1214 4954 de
1238 4902 1278 4953 se
1298 4891 1337 4952 et
1360 4875 1443 4954 aliis
1463 4875 1502 4952 in
1527 4901 1635 4951 causa
1655 4871 1744 4951 fidei
