4320 5898
441 497 487 567 72
826 478 1023 565 PROCES
1048 491 1142 564 Des
1168 490 1470 568 TEMPLIERS.

437 651 598 712 servaret
613 631 737 710 bonos
751 658 841 709 usus
855 646 892 708 et
909 631 1028 709 bonas
1044 631 1338 711 consuetudines
1353 633 1516 722 ordinis3
1538 648 1576 710 et
1591 632 1767 739 imposito
1784 635 1855 715 sibi

438 761 636 852 mantello,
667 761 789 840 dictus
812 778 983 867 receptor
1008 778 1046 838 et
1076 760 1138 838 alii
1162 776 1324 840 astantes
1347 761 1506 841 osculati
1529 759 1684 840 laterum
1708 789 1795 840 enm
1817 764 1856 840 in

437 921 514 972 ore.
529 894 706 1001 Postque
721 890 811 970 dicti
826 891 1016 970 Aubcrtus
1032 909 1069 970 et
1088 891 1182 972 Milo
1202 893 1394 971 duxerunt
1408 894 1535 999 ipsum
1551 907 1686 972 testem
1708 891 1757 970 td
1771 893 1857 971 dor·

437 1025 684 1112 montorium,
703 1039 741 1103 at
760 1022 885 1102 clauso
906 1023 1018 1114 ostio,
1039 1023 1165 1102 dictus
1186 1022 1278 1102 Milo
1298 1025 1466 1130 precepit
1481 1023 1515 1102 ei
1531 1023 1637 1132 quod
1656 1021 1856 1134 abnegaret

436 1156 592 1233 chsum
606 1153 815 1246 Christum3
834 1170 971 1231 etcum
986 1153 1064 1260 ipse
1073 1153 1179 1231 testis
1194 1153 1339 1232 diceret
1352 1182 1392 1232 se
1404 1151 1511 1232 nullo
1525 1151 1854 1240 monetariorum,

437 1285 530 1361 dixit
562 1285 596 1362 ei
622 1285 728 1392 quod
753 1285 825 1363 hoc
845 1284 1044 1392 oportebat
1074 1313 1163 1362 eum
1182 1283 1322 1376 facere,
1345 1285 1434 1392 quia
1453 1302 1534 1364 erat
1552 1284 1600 1362 de
1625 1283 1777 1390 punctis
1795 1311 1856 1362 or-

437 1415 555 1508 dinis,
576 1432 614 1493 et
629 1432 720 1494 tunc
735 1417 814 1523 ipse
829 1417 935 1494 testis
950 1414 1146 1522 abnegavit
1165 1417 1323 1495 lhesum
1336 1416 1532 1495 Christum
1543 1443 1610 1495 ore
1625 1443 1703 1494 non
1719 1415 1854 1506 corde,

435 1563 479 1621 ut
499 1546 602 1623 dixit.
624 1545 772 1624 Deinde
789 1547 913 1624 dictus
934 1546 1028 1625 Milo
1047 1545 1199 1625 extraxit
1212 1547 1397 1626 desubtus
1416 1564 1536 1626 vestes
1553 1573 1637 1625 suas
1653 1543 1855 1652 quamdam

435 1703 583 1753 crucem
614 1675 795 1785 ligneam,
829 1678 983 1785 pictam,
1012 1693 1195 1766 veterem,
1223 1678 1263 1755 in
1293 1707 1368 1784 qua
1394 1706 1471 1757 non
1492 1677 1619 1784 potuit
1643 1677 1856 1754 discernere

435 1805 638 1914 imaginem
659 1805 852 1896 Crucifixi,
876 1825 914 1886 et
933 1808 1100 1915 precepit
1120 1808 1155 1885 ci
1170 1807 1276 1915 quod
1292 1824 1446 1915 spueret
1465 1835 1579 1915 super
1598 1835 1699 1900 eam,
1718 1823 1756 1884 et
1775 1806 1855 1914 ipse

433 1935 539 2012 testis
558 1964 635 2013 non
655 1939 777 2046 spuit,
797 1937 864 2014 sed
876 1936 985 2015 finxit
998 1965 1037 2016 se
1050 1965 1184 2044 spuere
1197 1937 1314 2044 juxta.
1331 1940 1512 2046 Postque
1530 1937 1625 2014 dixit
1635 1937 1670 2014 ei
1686 1936 1790 2044 qnod
1805 1963 1856 2014 se·

435 2065 604 2142 cundum
622 2066 720 2143 dicta
742 2084 879 2172 puncta
898 2067 1062 2145 debebat
1078 2067 1237 2144 osculari
1259 2085 1493 2174 receptorem
1515 2095 1626 2146 sunm
1649 2067 1691 2143 in
1709 2093 1794 2155 ano,
1820 2083 1855 2143 et

433 2212 581 2301 poterat
596 2196 830 2274 commisceri
851 2196 1048 2275 carnaliter
1066 2195 1244 2276 fratribus
1259 2198 1406 2276 ordinis
1426 2215 1464 2276 et
1481 2198 1551 2303 ipsi
1560 2226 1655 2275 cum
1671 2224 1734 2286 ecc
1750 2195 1856 2303 quod

431 2341 557 2404 tamen
570 2353 648 2405 non
658 2326 762 2419 fecit,
775 2353 846 2404 nec
858 2327 979 2405 credit
993 2327 1099 2435 quod
1113 2328 1257 2404 crimen
1272 2328 1539 2406 sodomiticum
1557 2327 1857 2405 committeretur

334 2482 335 2485 ’
431 2458 470 2532 in
492 2455 638 2535 ordine.
654 2455 736 2534 Alia
750 2457 881 2536 illicita
894 2485 973 2535 non
989 2456 1272 2536 intervenerunt
1286 2458 1326 2536 in
1344 2457 1442 2536 dicta
1461 2487 1528 2537 sna
1550 2456 1770 2565 recepoione
1786 2485 1855 2535 nec

402 2633 405 2638 ,
432 2604 536 2690 post,
561 2615 631 2665 nec
649 2586 718 2664 scit
733 2587 764 2664 si
780 2615 824 2665 aa
844 2588 1114 2666 intervenirent
1125 2589 1165 2666 in
1181 2589 1468 2696 recepoionibus
1486 2588 1650 2668 aliorum
1670 2587 1728 2666 vel
1748 2602 1855 2695 post;

433 2717 553 2794 credit
573 2733 700 2796 tamen
724 2718 831 2826 quod
849 2719 977 2806 sicet
995 2718 1102 2824 quod
1126 2719 1206 2824 ipse
1226 2746 1304 2798 non
1324 2716 1397 2796 fuit
1418 2718 1607 2798 infelicior
1624 2718 1706 2796 aliis
1729 2719 1854 2825 quoad

432 2847 513 2923 ista.
531 2846 744 2954 Requisitus
763 2847 795 2923 si
814 2845 959 2924 viderat
976 2845 1069 2924 alios
1088 2847 1128 2923 in
1147 2845 1280 2925 ordine
1294 2849 1430 2954 recipi,
1446 2847 1644 2956 respondit
1655 2847 1761 2955 quod
1779 2847 1854 2925 sic:

432 2977 583 3054 fratrem
601 2977 805 3054 Martinam
821 2976 870 3054 de
887 2975 1104 3066 Marselhes‚
1124 2994 1260 3056 testem
1273 3003 1387 3086 supra
1400 2980 1573 3084 proximo
1589 2979 1851 3068 examinatum,

430 3135 500 3213 per
518 3103 669 3185 fratrem
689 3106 899 3186 liebertum
919 3108 967 3184 de
984 3108 1120 3186 Sancto
1138 3109 1245 3186 lusto
1259 3106 1511 3214 presbiterum
1524 3107 1734 3218 quondam,
1749 3108 1788 3184 in
1802 3135 1857 3184 ca·

431 3236 531 3342 pella
551 3236 689 3314 domus
705 3235 855 3343 Templi
880 3237 928 3314 de
948 3235 1154 3314 Somercns
1171 3235 1434 3314 Ambianensis
1460 3237 1638 3326 diocesis,
1661 3254 1750 3315 sunt
1768 3253 1854 3314 octo

431 3368 518 3442 anni
544 3365 602 3444 vel
622 3366 732 3457 circa,
758 3365 996 3473 presentibus
1017 3364 1195 3446 fratribus
1219 3365 1376 3445 Albcrto
1399 3367 1587 3474 predicto,
1615 3367 1786 3446 Johanne
1806 3367 1853 3444 dc

432 3499 541 3586 Tera,
555 3513 649 3574 teste
660 3525 773 3604 supra
784 3497 1005 3583 examinato,
1021 3513 1060 3574 et
1069 3496 1298 3603 quibusdam
1309 3496 1392 3574 aliis
1401 3499 1448 3575 de
1458 3523 1624 3605 quorum
1636 3496 1855 3575 nominibus
1905 3581 1908 3586 λ

431 3655 508 3706 non
530 3627 760 3706 recordatur.
783 3627 887 3706 Vidit
911 3627 1028 3705 eciam
1047 3625 1164 3733 recipi
1187 3625 1340 3704 sratrem
1364 3627 1602 3705 Clementem
1630 3629 1678 3706 dc
1699 3628 1853 3706 Hoden·

430 3759 518 3836 villa
536 3759 761 3836 servientem
781 3760 990 3866 quondam,
1014 3775 1145 3836 natum
1166 3758 1214 3834 de
1234 3787 1352 3864 prope
1365 3758 1607 3838 Claromonte
1620 3757 1855 3837 belvacensis

432 3888 608 3976 diocesis,
633 3889 699 3994 qui
729 3885 803 3964 fuit
828 3904 1002 3991 receptus
1028 3887 1068 3965 in
1098 3885 1239 3993 capella
1261 3887 1398 3966 domus
1424 3889 1575 3995 Templi
1597 3889 1645 3967 de
1675 3885 1854 3968 Morlenis

432 4019 530 4095 dicte
549 4016 783 4096 belvacensis
803 4017 978 4108 diocesis,
1001 4045 1068 4123 per
1087 4016 1229 4096 dictum
1250 4017 1403 4098 fratrem
1423 4017 1632 4098 Rohertum
1649 4019 1696 4096 de
1718 4017 1851 4096 Sancto

347 4213 350 4218 .
432 4151 555 4237 lusto,
584 4165 672 4226 sunt
691 4175 727 4226 rx
753 4147 811 4224 vel
838 4148 971 4224 decem
992 4147 1098 4237 anni,
1118 4166 1293 4255 presente
1321 4147 1433 4227 fratre
1463 4149 1633 4227 Johanne
1652 4147 1688 4226 le
1714 4149 1852 4226 Cantus

432 4276 638 4385 quondam,
662 4295 881 4386 preceptore
905 4295 997 4356 tunc
1016 4278 1114 4364 dicte
1137 4280 1289 4371 domus,
1311 4278 1352 4355 in
1374 4306 1539 4386 quorum
1567 4277 1852 4385 recepoionibns

432 4409 549 4486 nichil
569 4407 662 4487 vidit
684 4407 858 4487 illicitum
877 4407 981 4498 fieri,
1001 4409 1089 4516 quia
1114 4409 1226 4487 exivit
1248 4407 1387 4487 tradito
1413 4408 1594 4487 mantello
1622 4407 1724 4487 dicto
1750 4405 1849 4485 fratri

433 4540 617 4629 Martino,
637 4567 707 4647 pro
727 4567 773 4618 eo
794 4540 900 4647 quod
918 4537 1211 4647 sanguiscribat
1226 4538 1275 4618 dc
1293 4539 1448 4628 naribus
1467 4540 1585 4646 ipsius
1596 4539 1719 4632 testis,
1735 4555 1773 4616 et
1785 4567 1851 4616 ne-

431 4670 538 4747 scivit
559 4672 665 4778 quod
680 4687 854 4778 egerunt,
876 4669 1058 4749 mantello
1078 4689 1205 4750 autem
1224 4669 1364 4748 tradito
1379 4669 1481 4749 dicto
1501 4668 1708 4758 Clementi,
1729 4668 1850 4746 dictus

430 4801 544 4880 frater
568 4802 757 4881 Robertus
780 4802 929 4880 intravit
953 4829 1137 4889 cameram
1158 4829 1281 4892 suam,
1311 4816 1349 4878 et
1372 4799 1565 4907 predictus
1584 4799 1760 4880 Clemens
1780 4798 1850 4878 luit
