4320 5898
739 463 935 558 moons
962 486 1057 559 nas
1084 487 1383 562 caueamus
1726 495 1773 568 os

344 651 414 702 nec
432 625 618 705 audivisse
634 625 708 704 dici
730 627 777 705 de
796 628 850 707 eis
864 629 937 706 nisi
956 630 1060 736 quod
1076 631 1259 738 sequitur.
1280 629 1468 712 Videlicet
1487 633 1593 740 quod
1609 633 1689 740 ipse
1715 663 1775 711 re-

344 773 475 863 ceptus
503 757 641 862 luerpt,
673 775 712 838 et
740 758 855 838 frater
881 759 1070 840 Gerardus
1100 762 1148 839 de
1181 763 1218 840 la
1246 763 1376 869 Chapa
1410 762 1574 842 serviens
1606 761 1777 841 Cathala-
1834 841 1835 846 ,

344 890 471 966 nensis
495 889 655 969 diocesis
684 920 771 969 cum
793 919 858 984 eo,
884 919 952 1000 per
977 891 1130 970 fratrem
1157 895 1313 971 Petrum
1343 893 1390 972 de
1411 896 1591 974 'Ilorbona
1614 895 1776 974 militem

344 1020 554 1128 quondam,
590 1033 850 1130 preceptorem
869 1021 974 1101 'tunc
989 1014 1152 1102 ¹ballivie
1177 1025 1479 1118 cathalanensis,
1509 1027 1605 1104 circa
1622 1027 1776 1104 ‘instans

343 1150 482 1235 festum
501 1154 707 1233 Natiuitatis
725 1154 826 1232 beati
843 1139 1025 1234 lobannis
1038 1158 1202 1262 baptiste
1220 1175 1332 1236 erunt
1352 1185 1463 1238 xxvm
1481 1159 1570 1235 anni
1592 1157 1651 1236 vel
1666 1159 1772 1247 circa,

342 1282 382 1360 in
398 1284 540 1391 capella
551 1287 690 1364 domus
700 1287 909 1394 Templide
919 1287 1235 1396 Novavillaprope
1249 1288 1519 1379 Cathalanum,
1535 1289 1775 1396 presentibus

344 1413 522 1496 fratribus
542 1416 693 1494 Andrea
713 1416 924 1524 presbitero
943 1416 1041 1494 dicte
1061 1418 1213 1510 domus,
1236 1419 1398 1525 Hugono
1416 1419 1578 1510 Sicardi,
1600 1421 1775 1500 Vicencio

345 1546 392 1623 de
411 1549 598 1637 Possessa,
617 1546 756 1625 Jacobo
775 1546 954 1626 Vienensi
979 1531 1244 1640 servientibus,
1268 1547 1485 1636 deffunctis,
1514 1567 1552 1625 et
1571 1551 1774 1658 Raynaudo

345 1678 392 1754 de
409 1678 648 1786 Dompierre‚
673 1679 739 1786 qui
756 1679 887 1787 affugit
898 1681 938 1755 in
954 1679 1130 1787 capcione
1149 1682 1305 1774 eorum,
1320 1681 1359 1756 in
1373 1682 1476 1757 hunc
1490 1683 1668 1758 modum:
1688 1710 1774 1758 nam

345 1839 431 1888 cum
440 1811 788 1920 peciissentpanem
803 1829 842 1889 et
856 1840 992 1918 aquam
1002 1811 1231 1918 frequenter,
1250 1830 1289 1890 et
1302 1811 1537 1920 finalitercis
1556 1843 1775 1892 concessum

270 1939 271 1942 '
344 1941 495 2032 luisset,
521 1961 560 2022 et
580 1944 724 2022 dictum
739 1944 846 2052 qnod
858 1943 956 2022 bene
974 1943 1347 2052 deliberarent,quia
1368 1961 1638 2052 oportereteos
1656 1947 1775 2028 multa

346 2077 440 2154 dura
455 2092 494 2153 et
508 2105 636 2183 aspera
655 2076 856 2167 sustinere,
880 2075 1036 2182 prestito
1053 2104 1122 2182 per
1136 2077 1397 2185 juramentum
1422 2105 1555 2157 eorum
1571 2079 1676 2184 quod
1698 2108 1775 2155 non

347 2225 452 2286 erant
470 2207 614 2286 servilis
633 2205 880 2296 condicionis,
902 2233 972 2283 nec
994 2206 1307 2304 excommunicati
1320 2209 1337 2298 ,'
1353 2235 1424 2284 nec
1442 2208 1685 2286 matrimonio
1706 2239 1775 2286 nec

346 2339 453 2417 alteri
472 2338 648 2448 religioni
662 2367 732 2418 nec
748 2337 885 2417 debitis
904 2366 980 2444 que
998 2336 1141 2416 solvere
1159 2367 1237 2416 non
1251 2357 1407 2447 possent
1425 2338 1596 2448 obligati,
1616 2356 1654 2420 et
1670 2343 1775 2447 quod

347 2500 425 2550 non
437 2470 628 2550 habebant
641 2470 901 2549 infirmitatem
915 2471 1115 2562 latentem,
1133 2467 1221 2548 secit
1234 2473 1298 2550 eos
1317 2501 1450 2550 vovere
1467 2489 1504 2549 et
1518 2472 1647 2582 jurare
1663 2502 1776 2580 super

346 2602 490 2686 librum
511 2603 737 2696 castitatem,
759 2602 1042 2696 obedienciam,
1061 2602 1181 2682 vivere
1201 2603 1281 2680 sinc
1302 2603 1472 2712 proprio,
1496 2631 1642 2682 servare
1655 2603 1776 2681 bonos

348 2765 439 2824 usus
461 2753 499 2815 et
517 2736 638 2816 bonas
657 2739 951 2818 consuetudines
979 2737 1143 2832 ordinis,
1173 2767 1251 2817 non
1276 2739 1441 2816 revelare
1471 2755 1612 2815 secreta
1635 2738 1777 2844 capitu-

346 2866 494 2958 lorum,
526 2896 597 2945 nec
621 2869 803 2948 interesse
836 2869 921 2948 loco
948 2871 987 2947 in
1024 2899 1100 2977 quo
1134 2869 1271 2977 aliquis
1302 2868 1593 2947 exheredaretur
1623 2867 1775 2974 injuste.

220 3109 222 3114 Ι
347 3001 524 3106 Postque
540 2999 723 3107 imposuit
738 3002 792 3078 eis
805 3001 1021 3094 mantellos,
1037 3002 1169 3109 etipse
1185 3020 1223 3078 et
1235 3018 1397 3078 astantes
1414 3001 1570 3078 suerunt
1589 3028 1654 3077 eos
1668 3025 1777 3078 oscu-

347 3130 413 3240 lati
427 3131 467 3206 in
485 3157 569 3218 ore,
589 3131 628 3208 'et
646 3132 822 3210 instruxit
842 3160 906 3210 eos
924 3148 1020 3240 quot
1037 3135 1149 3210 Pater
1167 3147 1282 3210 noster
1300 3129 1471 3210 dicerent
1485 3160 1554 3238 pro
1569 3132 1775 3222 horissuis,

349 3280 387 3340 et
405 3261 569 3369 qualiter
587 3279 762 3372 regerent
780 3291 820 3342 se
835 3265 876 3341 in
892 3263 1037 3340 ordine.
1058 3263 1209 3342 Deinde
1230 3261 1313 3340 aliis
1333 3263 1558 3341 exeuntibus
1578 3257 1776 3371 capellam,

349 3393 472 3476 dictus
486 3395 671 3501 receptor,
687 3413 836 3501 accepta
850 3393 1015 3501 quadam
1031 3423 1140 3472 cruce
1157 3394 1280 3503 lignea
1295 3395 1335 3470 in
1351 3421 1424 3500 qua
1444 3410 1522 3472 erat
1538 3421 1671 3502 ymago
1685 3396 1781 3472 Cru-

348 3525 446 3604 cifixi
466 3525 506 3601 in
525 3553 729 3604 munusue
749 3525 1040 3614 eteisostensa,
1062 3523 1177 3630 peciit
1194 3525 1246 3601 eis
1261 3524 1290 3600 si
1312 3522 1516 3608 credebant
1530 3525 1569 3600 in
1586 3522 1693 3600 illum
1714 3525 1778 3630 qui
1912 3551 1914 3559 ’

349 3656 679 3766 representabatur
695 3684 765 3764 per
779 3684 881 3747 eam3
903 3655 1044 3764 quibus
1062 3653 1382 3764 respondentibus
1401 3655 1510 3764 quod
1520 3655 1590 3745 sic,
1612 3657 1780 3763 precepit

349 3790 455 3898 qnod
474 3817 564 3866 eum
576 3787 824 3896 abnegarent3
840 3806 978 3864 etcum
993 3787 1194 3894 ipse-testis
1213 3787 1469 3894 respondisset
1483 3787 1589 3893 quod
1604 3787 1779 3866 ordinem

350 3913 551 3999 intraverat
563 3937 607 3998 ut
619 3919 775 4000 salvaret
794 3920 958 3998 animam
968 3948 1095 4011 suam,
1112 3938 1150 3998 et
1164 3920 1270 4028 quod
1283 3920 1356 3996 boc
1368 3919 1476 3996 nullo
1492 3918 1608 3997 modo
1628 3917 1776 4012 faceret,

352 4053 444 4132 dixit
468 4053 522 4130 eis
540 4053 646 4160 quod
665 4053 739 4131 hoc
764 4053 961 4160 oportebat
985 4081 1049 4131 eos
1073 4050 1212 4146 facere,
1239 4051 1307 4130 sed
1331 4080 1409 4130 non
1429 4052 1610 4158 expressit
1629 4081 1779 4132 causam

351 4215 420 4264 nec
439 4187 471 4264 si
489 4187 564 4264 hoc
590 4202 687 4266 esset
707 4184 754 4263 de
777 4186 926 4293 punctis
946 4185 1156 4294 religionis3
1180 4202 1218 4262 et
1239 4203 1331 4262 tunc
1359 4185 1480 4262 dictus
1500 4181 1698 4274 Geraldus‚
1718 4189 1778 4265 cui

350 4319 473 4426 primo
494 4319 728 4426 imposuerat
747 4317 971 4396 mantellum
995 4318 1101 4426 prius
1125 4345 1240 4425 quam
1260 4315 1333 4423 ipsi
1353 4316 1455 4407 testi,
1485 4333 1523 4393 et
1548 4334 1634 4424 post
1657 4319 1780 4398 dictus

350 4451 455 4528 testis
485 4449 763 4558 abnegaverunt
786 4451 939 4541 Deum,
970 4479 1084 4558 quam
1115 4447 1409 4557 abnegacionem
1436 4447 1524 4524 lecit
1550 4449 1652 4526 idem
1675 4453 1780 4529 testis

353 4608 417 4661 ore
447 4610 525 4662 non
559 4581 695 4694 corde,
727 4581 833 4691 quod
863 4581 968 4660 idem
997 4580 1129 4660 fecerit
1156 4581 1278 4660 dictus
1299 4579 1502 4671 Geraldus‚
1530 4597 1574 4658 ut
1594 4581 1697 4658 dixit.
1724 4583 1780 4659 De

352 4715 434 4791 aliis
451 4713 592 4792 illicitis
622 4742 700 4792 non
729 4713 803 4791 fuit
827 4712 977 4793 locutus
1002 4713 1147 4793 eisdem
1173 4741 1244 4792 nec
1267 4713 1347 4820 ipse
1373 4728 1545 4819 receptor
1573 4741 1644 4790 nec
1673 4711 1779 4790 alius.

353 4847 459 4933 Item,
478 4844 571 4923 dixit
584 4845 690 4953 quod
698 4845 842 4924 viderat
854 4874 924 4953 per
938 4846 1117 4968 eumdem
1139 4845 1313 4939 modum,
1335 4861 1378 4922 ut
1397 4842 1469 4922 sibi
1488 4843 1646 4962 videtur,
1666 4841 1780 4947 recipi

439 4979 545 5046 esocis
566 5002 618 5046 nes
639 5003 907 5046 reaumaus-11.
1181 4987 1186 5002 ⁸
1614 4984 1632 5044 5
