4320 5898
384 519 431 594 ae
772 501 969 592 anocts
995 519 1091 592 uns
1119 518 1425 592 'rnupunns

382 665 577 774 bonaque
598 660 737 738 faceret
757 663 795 737 in
819 661 1004 772 religione
1025 691 1158 742 eorum
1178 678 1305 740 essent
1324 660 1395 739 sibi
1421 659 1461 737 in
1481 661 1703 739 remissione
1728 660 1818 738 dicti

381 796 522 903 peccati
552 812 589 873 et
624 792 799 871 aliomm.
831 795 1057 902 Requisitus·
1084 797 1130 874 de
1163 796 1247 872 loco
1279 810 1317 871 et
1347 811 1519 900 tempore
1552 792 1816 884 consessionis,

241 985 249 993 -
382 927 579 1036 respondit
600 927 706 1034 quod
718 924 813 1003 infra
826 952 998 1037 mensem
1014 955 1034 1004 a
1058 927 1279 1035 recepcione
1292 955 1358 1004 sua
1372 924 1494 1002 luerat
1506 925 1698 1004 confessus
1712 926 1752 1002 in
1766 953 1821 1003 ca-

381 1059 481 1166 pella
492 1058 592 1136 dicte
608 1060 746 1136 domus
764 1055 811 1134 de
825 1056 1028 1137 bellenval.
1042 1059 1260 1166 Requisitus
1273 1085 1389 1166 quare
1403 1086 1481 1136 non
1495 1055 1618 1134 luerat
1627 1057 1820 1136 confessus

383 1192 445 1269 alii
464 1221 578 1300 quam
594 1191 665 1298 ipsi
680 1191 886 1298 receptori,
908 1190 1108 1298 respondit
1123 1191 1229 1298 quod
1245 1221 1288 1272 ex
1304 1218 1350 1268 eo
1367 1191 1455 1297 quia
1476 1189 1622 1267 dictum
1642 1189 1766 1268 fuerat
1786 1191 1820 1267 ei

383 1324 505 1432 quod,
528 1323 670 1430 ubsque
691 1321 848 1400 licencia
864 1313 926 1400 'sui
946 1324 1168 1430 superioris,
1192 1351 1270 1400 non
1292 1339 1441 1430 poterat
1462 1321 1544 1399 aliis
1565 1349 1678 1429 quam
1699 1351 1821 1399 sacer-

383 1457 538 1535 dotibus
560 1455 705 1533 ordinis
725 1453 917 1544 confiteri,
940 1472 979 1533 et
998 1457 1087 1564 quia
1111 1456 1235 1534 dictus
1256 1472 1430 1563 receptor
1449 1469 1528 1532 erat
1543 1470 1694 1534 curatus
1711 1481 1818 1543 suus,

383 1618 461 1668 non
481 1588 624 1666 curavit
639 1585 694 1664 ire
715 1587 763 1664 ad
784 1587 1046 1664 confitendum
1061 1588 1144 1665 aliis
1164 1587 1425 1668 sacerdotibus
1441 1587 1587 1665 ordinis
1607 1615 1677 1664 nec
1691 1603 1820 1694 petere

383 1722 431 1797 ab
456 1747 501 1797 eo
530 1717 727 1796 licenciam
754 1717 836 1798 aliis
862 1719 927 1825 qui
953 1747 1030 1798 non
1051 1727 1176 1797 essent
1202 1719 1249 1796 de
1277 1745 1412 1796 eorum
1438 1718 1573 1794 ordine
1597 1717 1819 1795 confitendi.

382 1855 498 1941 ltem,
529 1851 623 1928 dixit
647 1877 686 1926 se
713 1849 813 1927 bene
841 1850 995 1928 credere
1022 1848 1282 1928 ecclesiasticis
1298 1847 1557 1938 sacramentis,
1580 1867 1618 1926 et
1636 1850 1742 1956 quod
1758 1849 1819 1926 alii

383 1984 583 2062 crederent
602 2000 640 2060 et
659 2009 793 2060 eorum
812 1982 1026 2060 sacerdotes
1041 1983 1169 2062 debite
1186 1980 1436 2060 celebrarent.
1454 1981 1719 2076 Clandestine,
1737 1981 1823 2058 nul-

382 2117 431 2195 lis
450 2113 691 2224 presentibus
708 2113 778 2192 nisi
794 2113 971 2192 fratribus
991 2112 1155 2204 ordinis,
1177 2113 1471 2220 recipiebantur.
1489 2114 1624 2192 Statim
1641 2143 1712 2220 pro
1734 2141 1822 2219 pro-

383 2248 488 2326 fessis
515 2247 766 2325 habebantur.
800 2245 979 2328 Cordulis
1007 2246 1111 2324 unde
1138 2244 1320 2324 volebant
1344 2246 1546 2353 assumptis
1576 2245 1823 2354 cingebantur

382 2409 494 2488 supra
519 2379 689 2458 camisias
710 2407 797 2457 cum
818 2377 959 2486 quibus
977 2377 1172 2486 jacebant,
1196 2378 1235 2454 in
1265 2378 1415 2486 signnm
1441 2377 1630 2456 castitatis.
1655 2377 1733 2471 Qui
1752 2404 1823 2455 no-

381 2515 541 2594 luissent
559 2511 682 2604 ¹lacere
707 2507 840 2588 illicita
865 2540 941 2617 qne
964 2509 1142 2617 deposuit
1170 2509 1414 2588 intervenisse
1440 2511 1479 2588 in
1507 2510 1729 2618 recepcionc
1756 2539 1823 2589 sua

382 2644 543 2724 luissent
563 2643 710 2752 puniti,
740 2641 860 2720 nescit
883 2643 1064 2750 qualiter,
1083 2659 1120 2722 et
1135 2641 1381 2720 inhibebatur
1401 2641 1455 2719 eis
1472 2669 1520 2718 ne
1540 2642 1751 2723 revelarent
1766 2673 1825 2722 se·

384 2792 483 2853 creta
506 2773 760 2882 capitulorum
781 2804 852 2852 nec
868 2775 1028 2871 modum
1047 2773 1281 2881 recepciouis
1302 2802 1385 2861 sue,
1410 2791 1448 2850 et
1467 2773 1573 2880 quod
1596 2799 1674 2851 non
1692 2771 1825 2882 loque-

381 2924 527 3001 rentur,
560 2906 679 2984 eciam
707 2906 886 2994 interea,
918 2907 965 2984 de
991 2906 1189 3014 predictis,
1223 2921 1260 2982 et
1288 2902 1409 2982 credit
1438 2907 1542 3012 quod
1567 2905 1824 3012 perdidissent

382 3039 556 3120 habitum
584 3038 613 3114 si
645 3039 876 3116 eontrarium
901 3037 1087 3116 fecissent.
1121 3039 1274 3115 Fratres
1304 3036 1467 3115 scientes
1496 3065 1643 3115 errores
1668 3035 1823 3116 fuerunt

384 3171 617 3281 negligentes
641 3169 828 3278 quianon
854 3187 1098 3248 correxerunt
1123 3197 1188 3247 eos
1213 3197 1283 3246 nec
1305 3169 1820 3248 denunciaveruntEcclesie.

383 3305 426 3380 ln
451 3303 632 3381 domibus
657 3301 804 3380 ordinis
828 3302 869 3379 in
895 3301 1035 3408 quibus
1061 3301 1184 3379 extitit
1210 3318 1468 3378 commoratus
1483 3299 1579 3377 vidit
1599 3298 1823 3381 elemosinas

384 3453 421 3514 et
443 3433 739 3542 hospitalitatem
765 3433 1035 3509 convenienter
1059 3433 1141 3510 fieri
1159 3449 1198 3510 et
1217 3433 1375 3523 servari,
1401 3448 1439 3508 et
1458 3432 1602 3509 audiuit
1622 3431 1696 3509 dici
1718 3435 1823 3541 qnod

382 3563 558 3675 capitulis
583 3561 772 3673 generalia
798 3560 914 3654 clam,
946 3561 1062 3643 nullis
1089 3564 1332 3670 presentibus
1360 3563 1433 3639 nisi
1461 3561 1639 3641 fratribus
1660 3565 1819 3658 ordinis,

381 3698 623 3786 tenebantur,
647 3692 851 3803 aliquando
869 3693 1036 3772 multum
1060 3695 1301 3802 tempestive,
1325 3712 1363 3771 et
1389 3693 1509 3772 credit
1527 3697 1633 3801 quod
1650 3697 1823 3775 ordinata

382 3859 451 3940 per
468 3829 691 3938 Magistrum
708 3855 796 3904 cum
812 3842 1000 3905 conventu
1017 3825 1176 3902 fuissent
1196 3843 1338 3903 servata
1359 3826 1398 3902 in
1417 3841 1500 3904 toto
1522 3827 1673 3916 ordine,
1694 3847 1822 3908 contra
1937 3841 1941 3848 '

383 3991 500 4070 quem
515 3987 619 4038 nuno
634 3957 790 4066 granffia
805 3955 997 4048 scandala,
1016 3957 1178 4065 suspicio
1196 3974 1234 4036 et
1253 3957 1407 4034 infamia
1425 3977 1514 4035 sunt
1535 3978 1673 4061 exorta.
1690 3961 1823 4040 Credit

383 4093 490 4204 quod
511 4090 641 4168 illicita
661 4089 869 4168 conlassata
893 4117 1069 4196 pereum
1093 4109 1218 4168 essent
1239 4089 1436 4169 manifesta
1457 4089 1637 4171 fratribus
1658 4094 1817 4184 ordinis,

298 4312 302 4322 ,
383 4243 512 4305 contra
544 4251 659 4333 quem
685 4223 827 4302 audivit
855 4251 1036 4332 magnum
1067 4223 1289 4332 Magistmm
1315 4239 1353 4300 et
1380 4222 1473 4302 alios
1500 4223 1649 4334 aliquos
1676 4255 1821 4306 errores

388 4359 503 4436 fuisse
518 4354 732 4447 confessum
748 4383 825 4432 non
845 4355 1035 4433 obtulerat
1052 4383 1091 4433 se
1112 4354 1160 4433 ad
1176 4353 1451 4435 deffensionem
1471 4359 1628 4436 ordinis.

441 4487 661 4597 Requisitus
674 4487 704 4566 si
718 4487 771 4566 sic
787 4487 1015 4593 deposuerat
1027 4515 1155 4594 prece,
1170 4504 1366 4595 precepto,
1383 4489 1538 4579 timore,
1553 4518 1698 4578 amore,
1711 4489 1817 4580 odio,

385 4621 444 4700 vel
453 4618 653 4728 temporali
670 4620 833 4699 comodo
848 4619 981 4697 habito
1000 4619 1060 4697 vel
1074 4619 1269 4711 habendo,
1291 4621 1491 4729 respondit
1510 4623 1617 4730 quod
1637 4651 1733 4710 non,
1753 4622 1820 4700 sed

385 4780 457 4863 pro
484 4752 639 4829 veritate
660 4751 840 4843 dicenda3
863 4751 923 4829 cui
946 4751 1019 4830 luit
1035 4751 1249 4861 injunctum
1275 4753 1381 4859 quod
1403 4783 1481 4834 non
1511 4753 1696 4833 revelaret
1723 4755 1820 4832 hanc

386 4915 494 4964 suam
516 4883 799 4992 deposicionem
820 4875 1022 4992 quousque
1043 4885 1306 4964 attestationes
1325 4883 1467 4963 suerint
1486 4886 1691 4992 publicate.
