4202 5876
409 545 483 623 sca
797 525 994 620 enocns
1019 543 1116 620 ons
1140 544 1440 620 ruuemnns.
1492 589 1496 596 -

408 713 478 767 nec
498 711 664 794 unquam
684 713 804 794 usquc
821 684 1168 768 nuucmcntionem
1186 684 1346 796 aliquem
1366 684 1508 766 audivit
1524 685 1598 764 dici
1618 687 1678 766 vel
1691 687 1775 767 fieri
1788 689 1832 766 de

409 816 603 923 pradictis3
620 843 691 896 nec
703 815 772 897 scit
788 815 893 922 quod
906 816 955 898 sit
971 814 1125 923 ydolum
1145 843 1216 912 nec
1235 815 1357 922 capud
1376 814 1497 924 ydoli,
1517 844 1589 896 nec
1605 835 1713 925 putat
1730 819 1833 926 qnod

409 948 448 1026 iu
472 945 647 1054 capittdis
672 945 763 1026 dicti
791 945 934 1026 ordinis
959 945 1194 1052 temporibus
1218 945 1412 1029 antedictis
1438 947 1581 1031 luerint
1602 966 1755 1030 nucum
1778 951 1834 1027 vel

411 1077 508 1158 diota
530 1061 606 1184 que
620 1077 787 1158 Domino
806 1092 935 1156 nostro
953 1075 1070 1156 Ihesu
1090 1076 1240 1157 Christo
1255 1077 1418 1156 debeant
1438 1077 1647 1186 displicere.

466 1207 588 1314 Super
606 1205 687 1284 aliis
707 1233 796 1284 vcro
817 1206 1197 1287 tamcircumstantiis
1221 1235 1336 1315 quam
1355 1207 1625 1288 coherentibus
1641 1209 1732 1316 ipsis
1751 1209 1837 1288 erti-

411 1337 506 1414 culis
523 1335 720 1444 diligenter
737 1336 1007 1443 interrogatus,
1026 1337 1119 1416 dixit
1133 1365 1173 1416 se
1184 1337 1329 1418 nescire
1338 1337 1464 1446 plura,
1480 1367 1550 1418 nec
1564 1338 1717 1418 credere
1730 1339 1837 1418 aliter

408 1493 522 1574 quam
541 1466 713 1572 superius
733 1483 790 1544 est
804 1465 1008 1546 confessus.
1405 1473 1407 1480 ⁴

466 1751 515 1808 vn
530 1721 705 1806 kalendas
723 1725 917 1816 februarii,
939 1754 1036 1806 anno
1052 1755 1129 1834 quo
1146 1755 1269 1835 supra.

467 1858 593 1938 XXIII.
618 1855 747 1936 Frater
777 1854 1002 1939 GuilIelmus
1027 1855 1075 1936 de
1100 1859 1238 1938 Sancto
1263 1857 1412 1966 chlitc
1438 1859 1536 1938 dicte
1561 1859 1835 1942 domusMansi

410 1987 479 2066 Dei
500 1985 644 2066 ordinis
664 1985 752 2064 dicti
767 1986 933 2094 Templi,
955 1987 1061 2066 testis
1074 1987 1221 2094 juratus
1239 1988 1287 2066 ad
1306 2006 1432 2068 sancte
1449 1989 1520 2069 Dei
1540 1990 1754 2098 Evangelia,
1775 2019 1835 2068 su-

410 2144 478 2223 per
496 2115 674 2223 predictis
698 2115 860 2194 articulis
877 2133 916 2196 ct
935 2145 1066 2196 eorum
1087 2117 1259 2224 quolibet
1276 2116 1347 2198 sibi
1369 2119 1543 2226 expositis
1561 2120 1602 2198 in
1619 2121 1777 2227 eadgari,
1795 2137 1838 2198 ut

410 2245 623 2353 principalis
643 2247 691 2326 de
709 2273 749 2324 se
764 2246 864 2354 ipso,
886 2265 924 2327 et
942 2264 987 2326 ut
1004 2248 1110 2328 testis
1129 2248 1177 2326 de
1195 2248 1294 2340 aliis,
1311 2247 1508 2357 diligenter
1523 2267 1561 2329 et
1580 2249 1769 2358 sigillatim
1783 2250 1837 2328 in·

409 2394 635 2486 terrogutus,
672 2376 905 2482 respondens
935 2377 981 2454 ad
1012 2379 1193 2484 primum,
1222 2403 1410 2458 n--xrxrx
1436 2379 1616 2460 articulos
1640 2379 1833 2466 inclusive.

410 2507 555 2614 negavit
578 2507 678 2612 ipsos
700 2506 875 2589 articulos
899 2526 938 2588 et
962 2509 1087 2589 omnia
1106 2526 1143 2588 ct
1162 2507 1310 2616 singule
1329 2527 1503 2590 contenta
1524 2511 1564 2588 in
1590 2511 1661 2599 eis,
1684 2526 1835 2617 excepto

411 2635 516 2742 quod
535 2634 727 2714 consessus
741 2653 797 2714 est
813 2636 1007 2721 Christum
1025 2636 1183 2716 Jhesum
1210 2637 1427 2716 crucifixum
1445 2667 1575 2718 verum
1594 2639 1719 2718 Deum
1740 2667 1833 2728 esse,

409 2793 559 2870 passum
584 2781 621 2842 et
646 2783 840 2844 mortuum
866 2765 982 2848 luisse
1007 2766 1047 2846 iu
1066 2765 1171 2876 liguo
1190 2783 1314 2850 sande
1339 2767 1459 2848 erucis
1482 2796 1553 2874 pro
1575 2768 1836 2874 redemptione

409 2895 565 2974 humani
583 2896 748 3001 generis,
769 2923 845 2974 nou
864 2923 933 3001 pro
949 2896 1066 3004 culpis
1086 2895 1237 3002 nec'pro
1254 2897 1414 3004 peccatis
1425 2897 1520 2986 suis,
1537 2897 1604 2978 sed
1618 2922 1687 3005 pro
1700 2898 1837 2976 uostris

410 3023 601 3113 duntaxat,
623 3051 711 3102 cum
734 3023 813 3130 ipse
833 3040 1026 3132 peccatum
1052 3053 1129 3104 non
1153 3023 1299 3116 fecerit,
1319 3054 1389 3104 nec
1408 3025 1519 3107 dolus
1538 3055 1704 3133 unquam
1723 3025 1838 3106 luerit

410 3153 449 3232 in
471 3181 536 3232 ore
556 3155 638 3260 ejus
655 3181 803 3259 semper
819 3154 1000 3245 veridico,
1020 3182 1061 3233 se
1079 3155 1219 3234 babere
1238 3183 1344 3260 spem
1363 3155 1510 3234 firmum
1531 3155 1705 3236 habende
1724 3155 1838 3232 salve-

409 3283 525 3364 tionis
542 3312 612 3391 per
631 3301 772 3362 sumet
789 3313 857 3392 per
874 3285 1062 3362 nemiuem
1083 3284 1221 3376 alium;
1240 3311 1309 3391 pro
1327 3285 1435 3393 cujus
1450 3285 1594 3365 honore
1609 3285 1689 3390 ipse
1705 3301 1743 3362 et
1756 3283 1837 3362 reli·

410 3414 476 3520 qui
486 3409 617 3492 batres
624 3413 773 3520 Templi
784 3413 1090 3522 portentsignum
1105 3413 1326 3493 venerabilis
1340 3415 1460 3492 crucis
1472 3414 1590 3494 rubee
1600 3415 1640 3490 in
1652 3413 1837 3492 mantellis

411 3541 504 3622 albis
518 3543 577 3622 vel
591 3544 722 3650 nigris,
744 3545 785 3622 in
803 3542 962 3649 figurem
980 3542 1039 3620 vel
1053 3544 1205 3652 signum
1223 3543 1317 3620 sacri
1337 3541 1527 3650 sanguinis
1544 3544 1660 3624 Jbesu
1679 3542 1834 3629 Christi,

413 3675 519 3784 cujus
534 3673 718 3752 effusione
736 3673 818 3780 ipse
838 3699 987 3754 crucem
1006 3702 1113 3752 suem
1129 3673 1397 3752 sanctissimam
1415 3673 1626 3782 insiguevit3
1643 3700 1757 3778 quam
1772 3665 1848 3748 lra?

410 3823 486 3884 tres
503 3803 593 3884 dicti
613 3799 762 3911 Templi
779 3822 837 3882 ter
855 3803 896 3881 iu
914 3829 1013 3882 anno
1034 3804 1190 3882 adorant
1208 3821 1431 3884 reverenter.

467 3937 562 4013 Item
582 3933 773 4014 confessus
788 3952 844 4014 est
863 3935 986 4042 quod,
1004 3951 1260 4040 temporesue
1278 3935 1526 4041 recepcionis,
1543 3951 1618 4014 tam
1636 3950 1835 4040 preceptor

412 4065 694 4172 MansiDei‚qui
705 4065 828 4172 ipsum
840 4065 880 4142 in
894 4063 1044 4144 fratrem
1057 4064 1198 4170 recepit
1209 4063 1257 4140 ed
1270 4064 1443 4144 ordinem
1451 4063 1540 4142 dicti
1548 4063 1712 4170 Templi,
1723 4091 1834 4169 msam

414 4194 493 4299 ipse
511 4211 681 4300 receptus
693 4223 761 4300 per
776 4223 881 4282 eum,
896 4222 976 4272 sese
988 4211 1121 4272 mutuo
1135 4193 1289 4274 osculati
1308 4191 1462 4275 luerunt
1480 4193 1520 4271 iu
1540 4221 1606 4273 ore
1620 4209 1778 4272 tantum.

468 4324 573 4402 Idem
593 4324 740 4402 addidit
758 4353 797 4402 se
817 4324 985 4414 credere,
1008 4342 1045 4403 et
1064 4324 1166 4404 idem
1190 4325 1309 4404 credit
1332 4324 1448 4402 eciam
1469 4324 1518 4402 de
1545 4322 1627 4402 aliis
1651 4323 1728 4400 suis
1752 4347 1836 4400 con-

412 4453 603 4544 fratribus,
615 4455 744 4534 omnia
758 4472 983 4534 sacramenta
997 4453 1160 4534 Ecdesie
1174 4455 1246 4534 Dei
1259 4483 1344 4533 vere
1358 4483 1439 4532 esse
1454 4470 1492 4532 et
1506 4454 1665 4536 sulutem
1679 4451 1834 4532 humani
1989 4493 1992 4501 ·

413 4584 561 4691 generis
574 4585 758 4664 contineri
771 4585 812 4662 in
823 4585 914 4675 illis,
926 4602 965 4664 et
979 4613 1059 4664 esse
1075 4583 1192 4664 fidem
1207 4611 1312 4664 suam
1325 4583 1430 4691 quod
1441 4584 1480 4661 in
1493 4583 1585 4691 ipsis
1599 4581 1837 4662 sacramentis

414 4714 461 4793 sit
476 4715 577 4793 salus
597 4731 634 4792 et
651 4713 827 4794 liberccio
843 4733 1081 4823 peccatorum
1097 4715 1268 4794 omnium
1281 4713 1689 4821 lidelinmsperantium
1705 4711 1835 4792 inDo·

413 4844 516 4926 mino
530 4845 647 4926 Jhesu
664 4845 825 4926 Christo.
