4208 5886
395 439 500 572 aar
771 481 969 575 anonis
1001 499 1099 572 ons
1128 499 1438 574 rnnrmcns.

393 642 430 716 in
454 637 636 717 umbilico
662 669 772 749 supra
796 659 927 720 vestes.
949 643 1112 751 Postque
1139 641 1261 719 dictus
1284 659 1466 747 receptor,
1488 639 1597 718 allata
1617 641 1735 720 nescit
1752 671 1821 748 per

392 796 507 877 quem
527 772 690 877 quadam
711 801 821 850 cruce
845 771 1036 850 metallina
1056 773 1097 849 in
1116 801 1191 878 qua
1216 789 1295 850 erat
1317 799 1451 880 ymago
1476 769 1671 863 crucifixi,
1691 799 1819 878 prece·

391 902 449 1007 pit
467 903 501 979 ei
522 904 628 1010 quod
648 902 850 1012 abnegaret
866 903 991 980 Deum
1011 919 1049 979 et
1068 902 1206 980 dictam
1223 931 1389 994 crucem,
1412 919 1552 980 etcum
1573 901 1695 980 dictus
1716 904 1822 981 testis

393 1033 637 1141 responderet
661 1036 766 1142 qnod
793 1035 866 1112 hoc
891 1033 999 1112 nullo
1025 1033 1141 1111 modo
1167 1033 1317 1124 laceret,
1336 1035 1429 1112 dixit
1450 1034 1483 1112 ei
1506 1033 1629 1112 dictus
1648 1053 1822 1142 receptor

393 1164 512 1270 quod,
530 1194 574 1240 ex
593 1191 672 1269 quo
689 1162 858 1270 alligatus
879 1181 958 1241 erat
977 1164 1046 1255 eis,
1069 1165 1266 1270 oportebat
1281 1187 1367 1242 enm
1384 1164 1505 1242 lacere
1520 1193 1632 1270 supra
1653 1165 1766 1256 dicta,
1785 1183 1822 1243 et

393 1295 422 1369 si
445 1322 521 1370 non
536 1292 688 1382 laceret,
711 1311 918 1398 poneretur
935 1293 975 1370 in
994 1293 1059 1372 tali
1078 1294 1162 1371 loco
1178 1294 1217 1370 in
1237 1323 1314 1400 quo
1334 1321 1530 1400 nunquam
1546 1291 1702 1372 forsitan
1720 1295 1820 1372 vide·

393 1441 451 1500 ret
468 1424 582 1529 pedes
596 1451 704 1515 suos,
721 1423 809 1528 quia
825 1424 989 1500 hocerat
1005 1423 1052 1498 de
1068 1425 1217 1529 punctis
1232 1423 1447 1532 religionis3
1466 1441 1505 1500 et
1518 1442 1609 1501 tunc
1621 1425 1702 1531 ipse
1716 1427 1822 1503 testis

395 1553 590 1660 abnegavit
607 1554 732 1631 Deum
755 1571 793 1630 et
813 1553 953 1630 dictam
969 1581 1119 1630 crucem
1140 1581 1224 1643 ore,
1246 1581 1323 1631 non
1346 1555 1477 1645 corde,
1499 1571 1542 1631 ut
1566 1553 1670 1632 dixit.
1690 1557 1821 1634 Postea

395 1684 486 1760 dixit
507 1685 541 1760 ei
562 1684 684 1760 dictus
703 1700 875 1788 receptor
894 1683 933 1759 in
953 1683 1147 1789 presencia
1168 1684 1330 1762 aliorum
1350 1685 1454 1791 quod
1477 1711 1554 1762 non
1578 1686 1748 1772 crederet
1767 1715 1822 1763 sa·

396 1964 434 2022 et
456 1946 562 2050 quod
585 1945 743 2022 domum
764 1945 803 2021 in
824 1973 896 2050 qua
916 1932 1055 2022 mrdier
1069 1945 1213 2053 jaceret
1228 1947 1267 2022 in
1282 1946 1485 2052 puerperio
1503 1971 1578 2022 non
1595 1946 1767 2037 intraret,
1785 1965 1822 2024 et

395 2076 500 2180 quod
520 2103 596 2151 non
612 2073 766 2153 offerret
783 2073 830 2150 ad
851 2076 1013 2154 missam.
1026 2073 1107 2151 Alia
1135 2075 1266 2152 illicita
1288 2074 1391 2183 quod
1406 2075 1547 2152 recolat
1566 2103 1643 2153 non
1665 2077 1821 2154 interve·

397 2221 535 2282 nerunt
555 2207 594 2281 in
614 2205 712 2295 dicta
730 2235 796 2283 sua
815 2207 1035 2313 recepcione
1057 2236 1126 2284 nec
1145 2224 1245 2314 post,
1269 2206 1425 2284 credens
1445 2205 1550 2313 quod
1571 2206 1823 2284 communiter

396 2354 434 2412 et
448 2336 590 2441 ubique
612 2335 868 2441 reciperentur
882 2336 945 2413 alii
966 2335 1097 2414 fratres
1116 2337 1156 2412 in
1177 2335 1310 2414 ordine
1326 2335 1536 2414 secundum
1557 2337 1717 2414 modum
1734 2365 1819 2414 oon-

395 2465 575 2544 lessatum
603 2493 671 2571 per
696 2495 802 2556 eum,
839 2467 926 2574 quia
954 2467 1047 2545 vidit
1073 2495 1142 2574 per
1169 2467 1312 2545 dictum
1342 2467 1499 2544 modum
1527 2467 1643 2574 recipi
1670 2465 1821 2544 fratrem

395 2597 606 2674 lohannern
631 2597 938 2702 cognominatum
960 2596 1008 2674 de
1029 2599 1160 2675 Monte
1180 2596 1386 2689 Belletout,
1408 2612 1451 2673 ut
1471 2596 1542 2674 sibi
1562 2597 1721 2690 videtur,
1743 2599 1823 2676 Ma-

393 2725 617 2804 tisconensis
642 2725 800 2803 diocesis
824 2726 1064 2818 servientem,
1088 2726 1339 2816 deffunctum,
1363 2743 1406 2802 ut
1426 2726 1562 2816 credit,
1587 2725 1746 2804 indicta
1763 2753 1823 2804 ea-

394 2854 494 2961 pella
522 2855 569 2932 de
595 2853 719 2945 Buris,
743 2881 813 2959 per
834 2855 984 2934 fratrem
1009 2859 1163 2934 Petrum
1194 2856 1242 2932 de
1267 2855 1423 2962 Civreyo
1452 2856 1674 2934 servientem
1700 2886 1823 2964 quon·

395 2985 500 3076 dam,
523 3004 612 3064 sunt
632 2987 778 3063 circiter
797 3006 882 3065 octo
904 2987 1007 3077 anni,
1029 3003 1204 3094 presente
1224 2987 1336 3064 fratre
1355 2987 1580 3064 lanseranda
1599 2987 1821 3095 presbitero,

394 3135 524 3193 curato
550 3118 598 3194 de
625 3119 751 3207 Buris;
777 3135 815 3194 et
839 3117 987 3195 videtur
1013 3118 1131 3194 eciam
1155 3116 1226 3193 sibi
1251 3116 1358 3222 quod
1381 3115 1552 3192 interfuit
1577 3117 1691 3192 frater
1713 3119 1823 3223 Hugo

395 3248 443 3324 de
472 3249 500 3324 F
503 3276 568 3356 ray
592 3250 774 3340 serviens,
804 3279 900 3356 quos
925 3248 1176 3356 presbiterum
1200 3263 1237 3323 et
1263 3245 1464 3352 Hugonem
1492 3245 1613 3322 credit
1637 3245 1758 3322 rivere
1786 3263 1823 3322 et

394 3405 472 3456 non
499 3377 611 3456 luisse
634 3397 770 3487 captos.
793 3379 925 3458 Plures
949 3408 1026 3457 non
1043 3379 1138 3455 vidit
1156 3375 1292 3483 recipi,
1311 3403 1381 3452 nec
1395 3373 1568 3452 interfuit
1587 3374 1824 3483 generalibus

395 3508 567 3614 capitulis
587 3511 821 3587 eorumdem.
848 3512 959 3602 ltem,
978 3510 1071 3588 dixit
1088 3509 1193 3616 quod
1208 3507 1280 3584 sibi
1295 3504 1505 3596 videbatur,
1527 3505 1594 3582 sed
1615 3532 1692 3582 non
1712 3505 1823 3610 plene

394 3640 613 3716 recordatur
632 3642 680 3719 de
701 3642 792 3729 hoc,
809 3643 913 3749 quod
929 3641 1051 3717 dictus
1071 3656 1243 3745 receptor
1262 3635 1431 3744 precepit
1450 3636 1575 3712 eidem
1595 3635 1681 3712 testi
1703 3635 1741 3710 in
1764 3661 1825 3711 re·

395 3772 572 3876 cepcione
597 3801 662 3850 aua
686 3773 788 3878 quod
812 3772 1049 3850 conculcaret
1072 3771 1209 3848 dictam
1235 3795 1401 3858 erucem,
1424 3766 1491 3844 aed
1511 3766 1591 3870 ipse
1616 3763 1722 3842 testis
1746 3791 1823 3842 non

396 3903 624 3979 conculcavit
640 3929 739 3991 eam;
756 3921 793 3978 et
809 3903 950 3979 audivit
965 3903 1038 3979 dici
1059 3931 1079 3979 a
1099 3901 1229 3978 multis
1243 3899 1422 3976 fratribus
1442 3896 1603 3986 ordinis,
1624 3894 1826 4002 dequibus

395 4058 473 4106 non
496 4030 644 4121 recolit,
660 4031 765 4137 quod
793 4032 839 4107 de
863 4048 1039 4136 precepto
1056 4031 1310 4110 conculcanda
1326 4028 1445 4106 crucis
1466 4026 1552 4104 satis
1567 4024 1726 4104 faciliter
1738 4053 1826 4130 per-

400 4161 633 4238 transiebant
657 4161 810 4266 quando
833 4177 1007 4266 receptus
1029 4161 1280 4267 respondebat
1304 4159 1409 4265 quod
1433 4155 1586 4234 nolebat
1608 4155 1826 4236 conculcare

400 4317 498 4377 eam,
514 4291 565 4366 ita
579 4292 684 4396 quod
707 4290 754 4366 de
780 4289 844 4368 xxti
871 4319 948 4370 non
973 4292 1216 4370 conculcabat
1239 4319 1349 4368 arnus.
1375 4292 1485 4376 ltem,
1508 4287 1602 4364 dixit
1626 4285 1731 4392 quod
1748 4285 1826 4390 ipse

401 4421 499 4495 bene
520 4419 696 4497 credebat
721 4420 977 4499 ecclesiasticis
1001 4421 1256 4509 sacramentis,
1279 4437 1318 4498 et
1335 4419 1441 4527 quod
1456 4415 1634 4524 jurabant
1651 4413 1826 4493 ordinem

401 4577 479 4627 non
501 4551 613 4627 exire.
635 4551 876 4630 Clandestine
903 4553 1192 4659 recipiebantur,
1218 4549 1335 4628 nullis
1354 4546 1594 4658 presentibus
1613 4545 1684 4623 nisi
1705 4543 1828 4622 fratri·
1876 4589 1881 4598 ·

399 4680 472 4758 bus
491 4678 653 4768 ordinis,
679 4711 723 4757 ex
746 4709 824 4787 quo
845 4682 965 4760 credit
983 4682 1202 4789 quodenset
1221 4679 1385 4784 suspicio
1405 4696 1534 4757 contra
1556 4703 1633 4752 eos.
1652 4673 1828 4752 Cordulis

404 4813 506 4889 unde
532 4811 708 4889 volebant
738 4811 937 4917 assumptis
969 4811 1216 4921 cingebantur
1242 4838 1355 4916 super
1383 4808 1551 4886 camisias
1576 4833 1662 4882 cum
1689 4803 1829 4911 quibus
