<?xml version="1.0" encoding="UTF-8"?>
<!DOCTYPE html PUBLIC "-//W3C//DTD XHTML 1.0 Transitional//EN"
    "http://www.w3.org/TR/xhtml1/DTD/xhtml1-transitional.dtd">
<html xmlns="http://www.w3.org/1999/xhtml" xml:lang="en" lang="en">
 <head>
  <title>
</title>
<meta http-equiv="Content-Type" content="text/html;charset=utf-8" />
  <meta name='ocr-system' content='tesseract 3.04.00' />
  <meta name='ocr-capabilities' content='ocr_page ocr_carea ocr_par ocr_line ocrx_word'/>
</head>
<body>
  <div class='ocr_page' id='page_1' title='image "./procsdestemplie03defegoog/procsdestemplie03defegoog_0071.png"; bbox 0 0 4320 5898; ppageno 0'>
   <div class='ocr_carea' id='block_1_1' title="bbox 718 475 1753 575">
    <p class='ocr_par' dir='ltr' id='par_1_1' title="bbox 718 475 1753 575">
     <span class='ocr_line' id='line_1_1' title="bbox 718 475 1753 575; baseline 0.006 -9"><span class='ocrx_word' id='word_1_1' title='bbox 718 475 915 568; x_wconf 76' lang='lat' dir='ltr'>anonas</span> <span class='ocrx_word' id='word_1_2' title='bbox 944 495 1037 567; x_wconf 87' lang='lat' dir='ltr'>nas</span> <span class='ocrx_word' id='word_1_3' title='bbox 1064 494 1367 575; x_wconf 80' lang='lat' dir='ltr'>ruururaes.</span> <span class='ocrx_word' id='word_1_4' title='bbox 1707 501 1753 574; x_wconf 87' lang='lat'>57</span> 
     </span>
    </p>
   </div>
   <div class='ocr_carea' id='block_1_2' title="bbox 318 633 1865 4938">
    <p class='ocr_par' dir='ltr' id='par_1_2' title="bbox 318 633 1865 4938">
     <span class='ocr_line' id='line_1_2' title="bbox 330 633 1757 748; baseline 0.004 -34"><span class='ocrx_word' id='word_1_5' title='bbox 330 654 457 717; x_wconf 89' lang='lat' dir='ltr'>mente</span> <span class='ocrx_word' id='word_1_6' title='bbox 484 638 532 714; x_wconf 90' lang='lat' dir='ltr'>de</span> <span class='ocrx_word' id='word_1_7' title='bbox 557 633 792 713; x_wconf 90' lang='lat' dir='ltr'>Hodenvilha</span> <span class='ocrx_word' id='word_1_8' title='bbox 816 636 1079 726; x_wconf 82' lang='lat' dir='ltr'>servientibus,</span> <span class='ocrx_word' id='word_1_9' title='bbox 1103 638 1320 730; x_wconf 79' lang='lat' dir='ltr'>deffunctis3</span> <span class='ocrx_word' id='word_1_10' title='bbox 1346 667 1463 748; x_wconf 88' lang='lat' dir='ltr'>aquo</span> <span class='ocrx_word' id='word_1_11' title='bbox 1483 659 1676 747; x_wconf 87' lang='lat' dir='ltr'>receptore</span> <span class='ocrx_word' id='word_1_12' title='bbox 1700 644 1757 718; x_wconf 92' lang='lat' dir='ltr'>in-</span> 
     </span>
     <span class='ocr_line' id='line_1_3' title="bbox 330 767 1758 880; baseline 0.003 -34"><span class='ocrx_word' id='word_1_13' title='bbox 330 785 471 848; x_wconf 75' lang='lat' dir='ltr'><strong>stanter</strong></span> <span class='ocrx_word' id='word_1_14' title='bbox 488 784 527 845; x_wconf 87' lang='lat' dir='ltr'>et</span> <span class='ocrx_word' id='word_1_15' title='bbox 539 767 757 872; x_wconf 80' lang='lat' dir='ltr'>frequenter</span> <span class='ocrx_word' id='word_1_16' title='bbox 769 769 896 873; x_wconf 87' lang='lat' dir='ltr'>petitis</span> <span class='ocrx_word' id='word_1_17' title='bbox 907 797 1005 876; x_wconf 91' lang='lat' dir='ltr'>pane</span> <span class='ocrx_word' id='word_1_18' title='bbox 1020 785 1058 846; x_wconf 89' lang='lat' dir='ltr'>et</span> <span class='ocrx_word' id='word_1_19' title='bbox 1073 798 1185 876; x_wconf 89' lang='lat' dir='ltr'>aqua,</span> <span class='ocrx_word' id='word_1_20' title='bbox 1202 772 1379 850; x_wconf 89' lang='lat' dir='ltr'>societate</span> <span class='ocrx_word' id='word_1_21' title='bbox 1396 790 1434 851; x_wconf 89' lang='lat' dir='ltr'>et</span> <span class='ocrx_word' id='word_1_22' title='bbox 1447 801 1612 880; x_wconf 86' lang='lat' dir='ltr'>paupere</span> <span class='ocrx_word' id='word_1_23' title='bbox 1623 773 1758 850; x_wconf 90' lang='lat' dir='ltr'>babitu</span> 
     </span>
     <span class='ocr_line' id='line_1_4' title="bbox 330 898 1755 1010; baseline 0.001 -33"><span class='ocrx_word' id='word_1_24' title='bbox 330 898 490 990; x_wconf 83' lang='lat' dir='ltr'>ordinis,</span> <span class='ocrx_word' id='word_1_25' title='bbox 514 899 625 1006; x_wconf 87' lang='lat' dir='ltr'>eique</span> <span class='ocrx_word' id='word_1_26' title='bbox 646 925 825 1004; x_wconf 90' lang='lat' dir='ltr'>responso</span> <span class='ocrx_word' id='word_1_27' title='bbox 842 900 947 1006; x_wconf 93' lang='lat' dir='ltr'>quod</span> <span class='ocrx_word' id='word_1_28' title='bbox 969 902 1067 978; x_wconf 89' lang='lat' dir='ltr'>bene</span> <span class='ocrx_word' id='word_1_29' title='bbox 1088 900 1332 995; x_wconf 83' lang='lat' dir='ltr'>deliberaret,</span> <span class='ocrx_word' id='word_1_30' title='bbox 1355 905 1443 1010; x_wconf 89' lang='lat' dir='ltr'>quia</span> <span class='ocrx_word' id='word_1_31' title='bbox 1460 919 1651 1010; x_wconf 81' lang='lat' dir='ltr'>oporteret</span> <span class='ocrx_word' id='word_1_32' title='bbox 1668 931 1755 980; x_wconf 89' lang='lat' dir='ltr'>eum</span> 
     </span>
     <span class='ocr_line' id='line_1_5' title="bbox 318 1001 1757 1140; baseline 0.002 -34"><span class='ocrx_word' id='word_1_33' title='bbox 318 1001 352 1106; x_wconf 49' lang='lat' dir='ltr'>&#39;a</span> <span class='ocrx_word' id='word_1_34' title='bbox 367 1058 406 1108; x_wconf 89' lang='lat' dir='ltr'>se</span> <span class='ocrx_word' id='word_1_35' title='bbox 422 1030 594 1108; x_wconf 92' lang='lat' dir='ltr'>abdicare</span> <span class='ocrx_word' id='word_1_36' title='bbox 606 1030 798 1137; x_wconf 83' lang='lat' dir='ltr'>propriam</span> <span class='ocrx_word' id='word_1_37' title='bbox 813 1031 1063 1121; x_wconf 81' lang='lat' dir='ltr'>voluntatem,</span> <span class='ocrx_word' id='word_1_38' title='bbox 1087 1050 1126 1110; x_wconf 90' lang='lat' dir='ltr'>et</span> <span class='ocrx_word' id='word_1_39' title='bbox 1138 1031 1273 1140; x_wconf 89' lang='lat' dir='ltr'>subjici</span> <span class='ocrx_word' id='word_1_40' title='bbox 1289 1034 1428 1128; x_wconf 90' lang='lat' dir='ltr'>aliene,</span> <span class='ocrx_word' id='word_1_41' title='bbox 1447 1034 1590 1112; x_wconf 90' lang='lat' dir='ltr'>esurire</span> <span class='ocrx_word' id='word_1_42' title='bbox 1604 1033 1757 1140; x_wconf 90' lang='lat' dir='ltr'>quando</span> 
     </span>
     <span class='ocr_line' id='line_1_6' title="bbox 329 1160 1757 1270; baseline 0.002 -34"><span class='ocrx_word' id='word_1_43' title='bbox 329 1161 443 1242; x_wconf 86' lang='lat' dir='ltr'>vellet</span> <span class='ocrx_word' id='word_1_44' title='bbox 467 1160 685 1252; x_wconf 89' lang='lat' dir='ltr'>comedere,</span> <span class='ocrx_word' id='word_1_45' title='bbox 714 1178 752 1238; x_wconf 88' lang='lat' dir='ltr'>et</span> <span class='ocrx_word' id='word_1_46' title='bbox 776 1160 943 1270; x_wconf 89' lang='lat' dir='ltr'>vigillare</span> <span class='ocrx_word' id='word_1_47' title='bbox 964 1162 1118 1269; x_wconf 90' lang='lat' dir='ltr'>quando</span> <span class='ocrx_word' id='word_1_48' title='bbox 1137 1162 1252 1242; x_wconf 87' lang='lat' dir='ltr'>vellet</span> <span class='ocrx_word' id='word_1_49' title='bbox 1272 1165 1456 1254; x_wconf 90' lang='lat' dir='ltr'>dormire,</span> <span class='ocrx_word' id='word_1_50' title='bbox 1485 1181 1522 1242; x_wconf 88' lang='lat' dir='ltr'>et</span> <span class='ocrx_word' id='word_1_51' title='bbox 1546 1165 1666 1241; x_wconf 90' lang='lat' dir='ltr'>multa</span> <span class='ocrx_word' id='word_1_52' title='bbox 1686 1164 1757 1240; x_wconf 92' lang='lat' dir='ltr'>alia</span> 
     </span>
     <span class='ocr_line' id='line_1_7' title="bbox 330 1292 1758 1404; baseline -0.001 -33"><span class='ocrx_word' id='word_1_53' title='bbox 330 1295 424 1372; x_wconf 90' lang='lat' dir='ltr'>dura</span> <span class='ocrx_word' id='word_1_54' title='bbox 444 1311 482 1372; x_wconf 89' lang='lat' dir='ltr'>et</span> <span class='ocrx_word' id='word_1_55' title='bbox 501 1321 629 1399; x_wconf 89' lang='lat' dir='ltr'>aspera</span> <span class='ocrx_word' id='word_1_56' title='bbox 649 1293 853 1382; x_wconf 86' lang='lat' dir='ltr'>sustinere,</span> <span class='ocrx_word' id='word_1_57' title='bbox 881 1293 1043 1371; x_wconf 87' lang='lat' dir='ltr'>finaliter</span> <span class='ocrx_word' id='word_1_58' title='bbox 1068 1292 1154 1372; x_wconf 85' lang='lat' dir='ltr'>lecit</span> <span class='ocrx_word' id='word_1_59' title='bbox 1176 1323 1265 1374; x_wconf 88' lang='lat' dir='ltr'>eum</span> <span class='ocrx_word' id='word_1_60' title='bbox 1290 1325 1420 1374; x_wconf 86' lang='lat' dir='ltr'>vovere</span> <span class='ocrx_word' id='word_1_61' title='bbox 1441 1313 1480 1373; x_wconf 91' lang='lat' dir='ltr'>et</span> <span class='ocrx_word' id='word_1_62' title='bbox 1498 1296 1626 1404; x_wconf 90' lang='lat' dir='ltr'>jurare</span> <span class='ocrx_word' id='word_1_63' title='bbox 1650 1297 1758 1372; x_wconf 90' lang='lat' dir='ltr'>casti-</span> 
     </span>
     <span class='ocr_line' id='line_1_8' title="bbox 329 1424 1754 1533; baseline 0 -32"><span class='ocrx_word' id='word_1_64' title='bbox 329 1440 461 1517; x_wconf 82' lang='lat' dir='ltr'>tatem,</span> <span class='ocrx_word' id='word_1_65' title='bbox 487 1425 609 1502; x_wconf 87' lang='lat' dir='ltr'>vivere</span> <span class='ocrx_word' id='word_1_66' title='bbox 635 1425 715 1502; x_wconf 88' lang='lat' dir='ltr'>sine</span> <span class='ocrx_word' id='word_1_67' title='bbox 738 1424 910 1531; x_wconf 84' lang='lat' dir='ltr'>proprio,</span> <span class='ocrx_word' id='word_1_68' title='bbox 936 1442 973 1502; x_wconf 92' lang='lat' dir='ltr'>et</span> <span class='ocrx_word' id='word_1_69' title='bbox 998 1425 1155 1503; x_wconf 90' lang='lat' dir='ltr'>obedire</span> <span class='ocrx_word' id='word_1_70' title='bbox 1181 1427 1360 1504; x_wconf 92' lang='lat' dir='ltr'>omnibus</span> <span class='ocrx_word' id='word_1_71' title='bbox 1379 1425 1666 1533; x_wconf 82' lang='lat' dir='ltr'>preceptoribus</span> <span class='ocrx_word' id='word_1_72' title='bbox 1690 1428 1754 1533; x_wconf 92' lang='lat' dir='ltr'>qui</span> 
     </span>
     <span class='ocr_line' id='line_1_9' title="bbox 329 1555 1865 1662; baseline -0.001 -29"><span class='ocrx_word' id='word_1_73' title='bbox 329 1573 631 1662; x_wconf 89' lang='lat' dir='ltr'>preponerentur</span> <span class='ocrx_word' id='word_1_74' title='bbox 654 1555 799 1645; x_wconf 91' lang='lat' dir='ltr'>eidem,</span> <span class='ocrx_word' id='word_1_75' title='bbox 827 1585 970 1632; x_wconf 84' lang='lat' dir='ltr'>servare</span> <span class='ocrx_word' id='word_1_76' title='bbox 996 1557 1118 1635; x_wconf 90' lang='lat' dir='ltr'>bonos</span> <span class='ocrx_word' id='word_1_77' title='bbox 1141 1585 1232 1636; x_wconf 88' lang='lat' dir='ltr'>usus</span> <span class='ocrx_word' id='word_1_78' title='bbox 1255 1575 1291 1635; x_wconf 92' lang='lat' dir='ltr'>et</span> <span class='ocrx_word' id='word_1_79' title='bbox 1318 1559 1436 1637; x_wconf 90' lang='lat' dir='ltr'>bonas</span> <span class='ocrx_word' id='word_1_80' title='bbox 1461 1557 1756 1634; x_wconf 87' lang='lat' dir='ltr'>consuetudines</span> <span class='ocrx_word' id='word_1_81' title='bbox 1863 1581 1865 1591; x_wconf 60' lang='lat'><strong><em>⁴</em></strong></span> 
     </span>
     <span class='ocr_line' id='line_1_10' title="bbox 329 1683 1758 1795; baseline 0.001 -33"><span class='ocrx_word' id='word_1_82' title='bbox 329 1686 486 1764; x_wconf 84' lang='lat' dir='ltr'>ordinis.</span> <span class='ocrx_word' id='word_1_83' title='bbox 505 1687 592 1780; x_wconf 90' lang='lat' dir='ltr'>Quo</span> <span class='ocrx_word' id='word_1_84' title='bbox 607 1683 720 1775; x_wconf 86' lang='lat' dir='ltr'>lacto,</span> <span class='ocrx_word' id='word_1_85' title='bbox 737 1685 918 1792; x_wconf 86' lang='lat' dir='ltr'>imposuit</span> <span class='ocrx_word' id='word_1_86' title='bbox 930 1687 1221 1781; x_wconf 85' lang='lat' dir='ltr'>eimantellum,</span> <span class='ocrx_word' id='word_1_87' title='bbox 1237 1705 1275 1764; x_wconf 86' lang='lat' dir='ltr'>et</span> <span class='ocrx_word' id='word_1_88' title='bbox 1286 1689 1366 1795; x_wconf 89' lang='lat' dir='ltr'>ipse</span> <span class='ocrx_word' id='word_1_89' title='bbox 1380 1704 1418 1764; x_wconf 85' lang='lat' dir='ltr'>et</span> <span class='ocrx_word' id='word_1_90' title='bbox 1428 1704 1589 1764; x_wconf 78' lang='lat' dir='ltr'>astantes</span> <span class='ocrx_word' id='word_1_91' title='bbox 1602 1685 1758 1763; x_wconf 88' lang='lat' dir='ltr'>fuerunt</span> 
     </span>
     <span class='ocr_line' id='line_1_11' title="bbox 329 1815 1757 1927; baseline 0.001 -34"><span class='ocrx_word' id='word_1_92' title='bbox 329 1844 415 1894; x_wconf 89' lang='lat' dir='ltr'>eum</span> <span class='ocrx_word' id='word_1_93' title='bbox 441 1815 598 1895; x_wconf 89' lang='lat' dir='ltr'>osculati</span> <span class='ocrx_word' id='word_1_94' title='bbox 624 1817 664 1893; x_wconf 93' lang='lat' dir='ltr'>in</span> <span class='ocrx_word' id='word_1_95' title='bbox 693 1845 770 1895; x_wconf 86' lang='lat' dir='ltr'>ore.</span> <span class='ocrx_word' id='word_1_96' title='bbox 800 1817 948 1895; x_wconf 85' lang='lat' dir='ltr'>Deinde</span> <span class='ocrx_word' id='word_1_97' title='bbox 972 1819 1144 1927; x_wconf 89' lang='lat' dir='ltr'>precepit</span> <span class='ocrx_word' id='word_1_98' title='bbox 1166 1819 1289 1898; x_wconf 87' lang='lat' dir='ltr'>dictus</span> <span class='ocrx_word' id='word_1_99' title='bbox 1315 1837 1487 1923; x_wconf 89' lang='lat' dir='ltr'>receptor</span> <span class='ocrx_word' id='word_1_100' title='bbox 1513 1817 1688 1923; x_wconf 92' lang='lat' dir='ltr'>Philippo</span> <span class='ocrx_word' id='word_1_101' title='bbox 1720 1834 1757 1894; x_wconf 93' lang='lat' dir='ltr'>et</span> 
     </span>
     <span class='ocr_line' id='line_1_12' title="bbox 327 1945 1756 2055; baseline 0 -33"><span class='ocrx_word' id='word_1_102' title='bbox 327 1945 437 2025; x_wconf 90' lang='lat' dir='ltr'>Petro</span> <span class='ocrx_word' id='word_1_103' title='bbox 453 1947 632 2054; x_wconf 88' lang='lat' dir='ltr'>predictis</span> <span class='ocrx_word' id='word_1_104' title='bbox 643 1948 749 2055; x_wconf 90' lang='lat' dir='ltr'>quod</span> <span class='ocrx_word' id='word_1_105' title='bbox 765 1947 908 2024; x_wconf 77' lang='lat' dir='ltr'>exirent</span> <span class='ocrx_word' id='word_1_106' title='bbox 923 1965 961 2025; x_wconf 90' lang='lat' dir='ltr'>et</span> <span class='ocrx_word' id='word_1_107' title='bbox 972 1949 1073 2026; x_wconf 84' lang='lat' dir='ltr'>irent</span> <span class='ocrx_word' id='word_1_108' title='bbox 1084 1949 1133 2026; x_wconf 94' lang='lat' dir='ltr'>ad</span> <span class='ocrx_word' id='word_1_109' title='bbox 1147 1949 1269 2027; x_wconf 90' lang='lat' dir='ltr'>officia</span> <span class='ocrx_word' id='word_1_110' title='bbox 1284 1977 1350 2027; x_wconf 88' lang='lat' dir='ltr'>sua</span> <span class='ocrx_word' id='word_1_111' title='bbox 1366 1948 1599 2054; x_wconf 84' lang='lat' dir='ltr'>exequenda;</span> <span class='ocrx_word' id='word_1_112' title='bbox 1618 1964 1756 2024; x_wconf 90' lang='lat' dir='ltr'>etcum</span> 
     </span>
     <span class='ocr_line' id='line_1_13' title="bbox 326 2069 1758 2185; baseline 0.001 -32"><span class='ocrx_word' id='word_1_113' title='bbox 326 2077 383 2156; x_wconf 91' lang='lat' dir='ltr'>illi</span> <span class='ocrx_word' id='word_1_114' title='bbox 404 2079 660 2168; x_wconf 87' lang='lat' dir='ltr'>recessissent,</span> <span class='ocrx_word' id='word_1_115' title='bbox 682 2079 848 2184; x_wconf 86' lang='lat' dir='ltr'>precepit</span> <span class='ocrx_word' id='word_1_116' title='bbox 872 2079 950 2183; x_wconf 90' lang='lat' dir='ltr'>ipse</span> <span class='ocrx_word' id='word_1_117' title='bbox 976 2095 1146 2185; x_wconf 88' lang='lat' dir='ltr'>receptor</span> <span class='ocrx_word' id='word_1_118' title='bbox 1172 2080 1297 2158; x_wconf 91' lang='lat' dir='ltr'>eidem</span> <span class='ocrx_word' id='word_1_119' title='bbox 1321 2079 1407 2158; x_wconf 91' lang='lat' dir='ltr'>testi</span> <span class='ocrx_word' id='word_1_120' title='bbox 1429 2069 1533 2184; x_wconf 78' lang='lat' dir='ltr'>quod</span> <span class='ocrx_word' id='word_1_121' title='bbox 1554 2076 1758 2182; x_wconf 87' lang='lat' dir='ltr'>abnegaret</span> 
     </span>
     <span class='ocr_line' id='line_1_14' title="bbox 326 2205 1756 2317; baseline -0.003 -29"><span class='ocrx_word' id='word_1_122' title='bbox 326 2209 468 2301; x_wconf 88' lang='lat' dir='ltr'>Deum,</span> <span class='ocrx_word' id='word_1_123' title='bbox 493 2211 533 2286; x_wconf 91' lang='lat' dir='ltr'>in</span> <span class='ocrx_word' id='word_1_124' title='bbox 552 2209 745 2316; x_wconf 86' lang='lat' dir='ltr'>presencia</span> <span class='ocrx_word' id='word_1_125' title='bbox 767 2209 856 2286; x_wconf 90' lang='lat' dir='ltr'>dicti</span> <span class='ocrx_word' id='word_1_126' title='bbox 874 2207 1098 2302; x_wconf 72' lang='lat' dir='ltr'>Clementis,</span> <span class='ocrx_word' id='word_1_127' title='bbox 1120 2227 1265 2288; x_wconf 90' lang='lat' dir='ltr'>etcum</span> <span class='ocrx_word' id='word_1_128' title='bbox 1290 2211 1371 2317; x_wconf 91' lang='lat' dir='ltr'>ipse</span> <span class='ocrx_word' id='word_1_129' title='bbox 1396 2209 1603 2294; x_wconf 87' lang='lat' dir='ltr'>resisteret,</span> <span class='ocrx_word' id='word_1_130' title='bbox 1626 2205 1756 2284; x_wconf 90' lang='lat' dir='ltr'>dicens</span> 
     </span>
     <span class='ocr_line' id='line_1_15' title="bbox 328 2337 1756 2447; baseline -0.001 -31"><span class='ocrx_word' id='word_1_131' title='bbox 328 2341 433 2446; x_wconf 93' lang='lat' dir='ltr'>quod</span> <span class='ocrx_word' id='word_1_132' title='bbox 441 2340 515 2420; x_wconf 94' lang='lat' dir='ltr'>boc</span> <span class='ocrx_word' id='word_1_133' title='bbox 528 2339 637 2417; x_wconf 90' lang='lat' dir='ltr'>nullo</span> <span class='ocrx_word' id='word_1_134' title='bbox 651 2338 768 2417; x_wconf 93' lang='lat' dir='ltr'>modo</span> <span class='ocrx_word' id='word_1_135' title='bbox 780 2337 934 2428; x_wconf 87' lang='lat' dir='ltr'>laceret,</span> <span class='ocrx_word' id='word_1_136' title='bbox 954 2339 1078 2418; x_wconf 88' lang='lat' dir='ltr'>dictus</span> <span class='ocrx_word' id='word_1_137' title='bbox 1092 2358 1266 2447; x_wconf 89' lang='lat' dir='ltr'>receptor</span> <span class='ocrx_word' id='word_1_138' title='bbox 1280 2340 1375 2418; x_wconf 82' lang='lat' dir='ltr'>dixit</span> <span class='ocrx_word' id='word_1_139' title='bbox 1390 2340 1425 2416; x_wconf 89' lang='lat' dir='ltr'>ei</span> <span class='ocrx_word' id='word_1_140' title='bbox 1437 2339 1542 2444; x_wconf 93' lang='lat' dir='ltr'>quod</span> <span class='ocrx_word' id='word_1_141' title='bbox 1557 2337 1756 2442; x_wconf 88' lang='lat' dir='ltr'>oportebat</span> 
     </span>
     <span class='ocr_line' id='line_1_16' title="bbox 327 2467 1757 2578; baseline -0.001 -31"><span class='ocrx_word' id='word_1_142' title='bbox 327 2495 417 2548; x_wconf 90' lang='lat' dir='ltr'>eum</span> <span class='ocrx_word' id='word_1_143' title='bbox 434 2469 635 2578; x_wconf 89' lang='lat' dir='ltr'>abnegare,</span> <span class='ocrx_word' id='word_1_144' title='bbox 658 2471 745 2575; x_wconf 89' lang='lat' dir='ltr'>qnia</span> <span class='ocrx_word' id='word_1_145' title='bbox 767 2469 839 2546; x_wconf 90' lang='lat' dir='ltr'>nisi</span> <span class='ocrx_word' id='word_1_146' title='bbox 860 2469 933 2547; x_wconf 91' lang='lat' dir='ltr'>hoc</span> <span class='ocrx_word' id='word_1_147' title='bbox 952 2467 1090 2551; x_wconf 85' lang='lat' dir='ltr'>laceret</span> <span class='ocrx_word' id='word_1_148' title='bbox 1108 2470 1256 2561; x_wconf 88' lang='lat' dir='ltr'>volens,</span> <span class='ocrx_word' id='word_1_149' title='bbox 1279 2470 1370 2550; x_wconf 89' lang='lat' dir='ltr'>alias</span> <span class='ocrx_word' id='word_1_150' title='bbox 1385 2471 1524 2548; x_wconf 87' lang='lat' dir='ltr'>faceret</span> <span class='ocrx_word' id='word_1_151' title='bbox 1542 2469 1697 2560; x_wconf 86' lang='lat' dir='ltr'>invitus,</span> <span class='ocrx_word' id='word_1_152' title='bbox 1719 2488 1757 2546; x_wconf 85' lang='lat' dir='ltr'>et</span> 
     </span>
     <span class='ocr_line' id='line_1_17' title="bbox 326 2598 1755 2709; baseline -0.001 -31"><span class='ocrx_word' id='word_1_153' title='bbox 326 2600 434 2708; x_wconf 88' lang='lat' dir='ltr'>quod</span> <span class='ocrx_word' id='word_1_154' title='bbox 443 2601 648 2708; x_wconf 85' lang='lat' dir='ltr'>abnegaret</span> <span class='ocrx_word' id='word_1_155' title='bbox 659 2598 793 2678; x_wconf 89' lang='lat' dir='ltr'>saltem</span> <span class='ocrx_word' id='word_1_156' title='bbox 806 2625 872 2676; x_wconf 86' lang='lat' dir='ltr'>ore</span> <span class='ocrx_word' id='word_1_157' title='bbox 881 2626 959 2676; x_wconf 92' lang='lat' dir='ltr'>non</span> <span class='ocrx_word' id='word_1_158' title='bbox 971 2602 1156 2697; x_wconf 77' lang='lat' dir='ltr'>corde-,et</span> <span class='ocrx_word' id='word_1_159' title='bbox 1168 2619 1259 2680; x_wconf 90' lang='lat' dir='ltr'>tunc</span> <span class='ocrx_word' id='word_1_160' title='bbox 1274 2604 1353 2709; x_wconf 88' lang='lat' dir='ltr'>ipse</span> <span class='ocrx_word' id='word_1_161' title='bbox 1365 2601 1472 2680; x_wconf 87' lang='lat' dir='ltr'>testis</span> <span class='ocrx_word' id='word_1_162' title='bbox 1481 2599 1677 2706; x_wconf 87' lang='lat' dir='ltr'>abnegavit</span> <span class='ocrx_word' id='word_1_163' title='bbox 1689 2627 1755 2676; x_wconf 93' lang='lat' dir='ltr'>ore</span> 
     </span>
     <span class='ocr_line' id='line_1_18' title="bbox 327 2730 1756 2839; baseline -0.002 -30"><span class='ocrx_word' id='word_1_164' title='bbox 327 2758 403 2810; x_wconf 90' lang='lat' dir='ltr'>non</span> <span class='ocrx_word' id='word_1_165' title='bbox 414 2733 540 2810; x_wconf 90' lang='lat' dir='ltr'>corde.</span> <span class='ocrx_word' id='word_1_166' title='bbox 559 2731 806 2808; x_wconf 89' lang='lat' dir='ltr'>Postmodum</span> <span class='ocrx_word' id='word_1_167' title='bbox 820 2730 989 2837; x_wconf 90' lang='lat' dir='ltr'>precepit</span> <span class='ocrx_word' id='word_1_168' title='bbox 1005 2731 1038 2808; x_wconf 89' lang='lat' dir='ltr'>ei</span> <span class='ocrx_word' id='word_1_169' title='bbox 1057 2731 1163 2839; x_wconf 92' lang='lat' dir='ltr'>quod</span> <span class='ocrx_word' id='word_1_170' title='bbox 1172 2749 1326 2838; x_wconf 88' lang='lat' dir='ltr'>spueret</span> <span class='ocrx_word' id='word_1_171' title='bbox 1339 2760 1453 2838; x_wconf 89' lang='lat' dir='ltr'>super</span> <span class='ocrx_word' id='word_1_172' title='bbox 1460 2731 1663 2839; x_wconf 91' lang='lat' dir='ltr'>quamdam</span> <span class='ocrx_word' id='word_1_173' title='bbox 1677 2758 1756 2806; x_wconf 91' lang='lat' dir='ltr'>cru-</span> 
     </span>
     <span class='ocr_line' id='line_1_19' title="bbox 327 2860 1751 2972; baseline -0.004 -31"><span class='ocrx_word' id='word_1_174' title='bbox 327 2892 409 2942; x_wconf 89' lang='lat' dir='ltr'>cem</span> <span class='ocrx_word' id='word_1_175' title='bbox 419 2864 594 2972; x_wconf 87' lang='lat' dir='ltr'>ligneam,</span> <span class='ocrx_word' id='word_1_176' title='bbox 612 2879 656 2938; x_wconf 92' lang='lat' dir='ltr'>nt</span> <span class='ocrx_word' id='word_1_177' title='bbox 673 2860 744 2938; x_wconf 90' lang='lat' dir='ltr'>sibi</span> <span class='ocrx_word' id='word_1_178' title='bbox 761 2861 922 2953; x_wconf 84' lang='lat' dir='ltr'>videtur,</span> <span class='ocrx_word' id='word_1_179' title='bbox 939 2863 1240 2940; x_wconf 90' lang='lat' dir='ltr'>necrecordatur</span> <span class='ocrx_word' id='word_1_180' title='bbox 1254 2863 1285 2940; x_wconf 91' lang='lat' dir='ltr'>si</span> <span class='ocrx_word' id='word_1_181' title='bbox 1304 2880 1383 2940; x_wconf 92' lang='lat' dir='ltr'>erat</span> <span class='ocrx_word' id='word_1_182' title='bbox 1397 2862 1449 2940; x_wconf 92' lang='lat' dir='ltr'>ibi</span> <span class='ocrx_word' id='word_1_183' title='bbox 1466 2862 1591 2967; x_wconf 88' lang='lat' dir='ltr'>aliqua</span> <span class='ocrx_word' id='word_1_184' title='bbox 1606 2889 1751 2968; x_wconf 88' lang='lat' dir='ltr'>ymago,</span> 
     </span>
     <span class='ocr_line' id='line_1_20' title="bbox 327 2991 1754 3101; baseline -0.004 -28"><span class='ocrx_word' id='word_1_185' title='bbox 327 2993 477 3073; x_wconf 87' lang='lat' dir='ltr'>allatam</span> <span class='ocrx_word' id='word_1_186' title='bbox 488 3021 557 3101; x_wconf 91' lang='lat' dir='ltr'>per</span> <span class='ocrx_word' id='word_1_187' title='bbox 572 2992 717 3070; x_wconf 89' lang='lat' dir='ltr'>dictum</span> <span class='ocrx_word' id='word_1_188' title='bbox 728 2991 966 3071; x_wconf 83' lang='lat' dir='ltr'>Clementem</span> <span class='ocrx_word' id='word_1_189' title='bbox 978 2992 1028 3069; x_wconf 90' lang='lat' dir='ltr'>de</span> <span class='ocrx_word' id='word_1_190' title='bbox 1038 2991 1144 3101; x_wconf 85' lang='lat' dir='ltr'>juxta</span> <span class='ocrx_word' id='word_1_191' title='bbox 1163 2993 1296 3084; x_wconf 73' lang='lat' dir='ltr'>altare,</span> <span class='ocrx_word' id='word_1_192' title='bbox 1318 3009 1355 3070; x_wconf 89' lang='lat' dir='ltr'>et</span> <span class='ocrx_word' id='word_1_193' title='bbox 1375 3022 1462 3072; x_wconf 92' lang='lat' dir='ltr'>cum</span> <span class='ocrx_word' id='word_1_194' title='bbox 1484 2993 1564 3098; x_wconf 87' lang='lat' dir='ltr'>ipse</span> <span class='ocrx_word' id='word_1_195' title='bbox 1573 2991 1681 3068; x_wconf 89' lang='lat' dir='ltr'>testis</span> <span class='ocrx_word' id='word_1_196' title='bbox 1695 3019 1754 3067; x_wconf 86' lang='lat' dir='ltr'>re·</span> 
     </span>
     <span class='ocr_line' id='line_1_21' title="bbox 326 3120 1754 3231; baseline -0.005 -28"><span class='ocrx_word' id='word_1_197' title='bbox 326 3127 490 3216; x_wconf 86' lang='lat' dir='ltr'>sisteret,</span> <span class='ocrx_word' id='word_1_198' title='bbox 514 3125 637 3203; x_wconf 91' lang='lat' dir='ltr'>dictus</span> <span class='ocrx_word' id='word_1_199' title='bbox 656 3140 829 3230; x_wconf 91' lang='lat' dir='ltr'>receptor</span> <span class='ocrx_word' id='word_1_200' title='bbox 850 3123 942 3200; x_wconf 83' lang='lat' dir='ltr'>dixit</span> <span class='ocrx_word' id='word_1_201' title='bbox 959 3122 994 3200; x_wconf 91' lang='lat' dir='ltr'>ei</span> <span class='ocrx_word' id='word_1_202' title='bbox 1013 3123 1119 3230; x_wconf 90' lang='lat' dir='ltr'>quod</span> <span class='ocrx_word' id='word_1_203' title='bbox 1139 3125 1212 3202; x_wconf 93' lang='lat' dir='ltr'>hoc</span> <span class='ocrx_word' id='word_1_204' title='bbox 1228 3124 1428 3231; x_wconf 89' lang='lat' dir='ltr'>oportebat</span> <span class='ocrx_word' id='word_1_205' title='bbox 1448 3151 1537 3200; x_wconf 91' lang='lat' dir='ltr'>eum</span> <span class='ocrx_word' id='word_1_206' title='bbox 1556 3120 1695 3213; x_wconf 87' lang='lat' dir='ltr'>lacere,</span> <span class='ocrx_word' id='word_1_207' title='bbox 1717 3137 1754 3197; x_wconf 90' lang='lat' dir='ltr'>et</span> 
     </span>
     <span class='ocr_line' id='line_1_22' title="bbox 326 3249 1753 3364; baseline -0.006 -30"><span class='ocrx_word' id='word_1_208' title='bbox 326 3276 417 3335; x_wconf 88' lang='lat' dir='ltr'>tunc</span> <span class='ocrx_word' id='word_1_209' title='bbox 436 3259 516 3364; x_wconf 89' lang='lat' dir='ltr'>ipse</span> <span class='ocrx_word' id='word_1_210' title='bbox 536 3256 642 3334; x_wconf 84' lang='lat' dir='ltr'>testis</span> <span class='ocrx_word' id='word_1_211' title='bbox 657 3254 759 3361; x_wconf 86' lang='lat' dir='ltr'>spuit</span> <span class='ocrx_word' id='word_1_212' title='bbox 772 3255 877 3363; x_wconf 85' lang='lat' dir='ltr'>juxta</span> <span class='ocrx_word' id='word_1_213' title='bbox 893 3281 1094 3364; x_wconf 89' lang='lat' dir='ltr'>nonsupra</span> <span class='ocrx_word' id='word_1_214' title='bbox 1108 3253 1248 3333; x_wconf 87' lang='lat' dir='ltr'>dictam</span> <span class='ocrx_word' id='word_1_215' title='bbox 1265 3283 1428 3332; x_wconf 88' lang='lat' dir='ltr'>crucem.</span> <span class='ocrx_word' id='word_1_216' title='bbox 1448 3251 1671 3341; x_wconf 60' lang='lat' dir='ltr'>Item,&#39;dixit</span> <span class='ocrx_word' id='word_1_217' title='bbox 1683 3249 1753 3328; x_wconf 89' lang='lat' dir='ltr'>sibi</span> 
     </span>
     <span class='ocr_line' id='line_1_23' title="bbox 327 3382 1754 3495; baseline -0.008 -27"><span class='ocrx_word' id='word_1_218' title='bbox 327 3389 450 3468; x_wconf 89' lang='lat' dir='ltr'>dictus</span> <span class='ocrx_word' id='word_1_219' title='bbox 463 3406 635 3495; x_wconf 88' lang='lat' dir='ltr'>receptor</span> <span class='ocrx_word' id='word_1_220' title='bbox 649 3387 771 3494; x_wconf 88' lang='lat' dir='ltr'>quod,</span> <span class='ocrx_word' id='word_1_221' title='bbox 789 3386 819 3462; x_wconf 92' lang='lat' dir='ltr'>si</span> <span class='ocrx_word' id='word_1_222' title='bbox 832 3395 1051 3464; x_wconf 67' lang='lat' dir='ltr'>‘moveretur</span> <span class='ocrx_word' id='word_1_223' title='bbox 1063 3385 1186 3464; x_wconf 89' lang='lat' dir='ltr'>calore</span> <span class='ocrx_word' id='word_1_224' title='bbox 1202 3385 1379 3474; x_wconf 87' lang='lat' dir='ltr'>naturali,</span> <span class='ocrx_word' id='word_1_225' title='bbox 1396 3401 1543 3492; x_wconf 90' lang='lat' dir='ltr'>poterat</span> <span class='ocrx_word' id='word_1_226' title='bbox 1557 3382 1754 3460; x_wconf 89' lang='lat' dir='ltr'>carnaliter</span> 
     </span>
     <span class='ocr_line' id='line_1_24' title="bbox 327 3513 1753 3622; baseline -0.006 -25"><span class='ocrx_word' id='word_1_227' title='bbox 327 3518 561 3599; x_wconf 88' lang='lat' dir='ltr'>commisceri</span> <span class='ocrx_word' id='word_1_228' title='bbox 583 3514 865 3594; x_wconf 83' lang='lat' dir='ltr'>cumfratribus</span> <span class='ocrx_word' id='word_1_229' title='bbox 885 3515 1029 3594; x_wconf 90' lang='lat' dir='ltr'>ordinis</span> <span class='ocrx_word' id='word_1_230' title='bbox 1058 3531 1095 3594; x_wconf 89' lang='lat' dir='ltr'>et</span> <span class='ocrx_word' id='word_1_231' title='bbox 1119 3517 1189 3622; x_wconf 91' lang='lat' dir='ltr'>ipsi</span> <span class='ocrx_word' id='word_1_232' title='bbox 1213 3534 1389 3622; x_wconf 91' lang='lat' dir='ltr'>poterant</span> <span class='ocrx_word' id='word_1_233' title='bbox 1408 3543 1495 3592; x_wconf 89' lang='lat' dir='ltr'>cum</span> <span class='ocrx_word' id='word_1_234' title='bbox 1520 3540 1582 3606; x_wconf 91' lang='lat' dir='ltr'>eo,</span> <span class='ocrx_word' id='word_1_235' title='bbox 1609 3531 1647 3590; x_wconf 88' lang='lat' dir='ltr'>et</span> <span class='ocrx_word' id='word_1_236' title='bbox 1674 3513 1753 3619; x_wconf 89' lang='lat' dir='ltr'>ipse</span> 
     </span>
     <span class='ocr_line' id='line_1_25' title="bbox 327 3644 1752 3756; baseline -0.008 -26"><span class='ocrx_word' id='word_1_237' title='bbox 327 3650 493 3730; x_wconf 86' lang='lat' dir='ltr'>debebat</span> <span class='ocrx_word' id='word_1_238' title='bbox 516 3651 590 3729; x_wconf 89' lang='lat' dir='ltr'>boo</span> <span class='ocrx_word' id='word_1_239' title='bbox 613 3648 688 3755; x_wconf 92' lang='lat' dir='ltr'>pati</span> <span class='ocrx_word' id='word_1_240' title='bbox 715 3646 924 3724; x_wconf 89' lang='lat' dir='ltr'>secundum</span> <span class='ocrx_word' id='word_1_241' title='bbox 948 3661 1086 3756; x_wconf 86' lang='lat' dir='ltr'>puncta</span> <span class='ocrx_word' id='word_1_242' title='bbox 1111 3644 1272 3735; x_wconf 86' lang='lat' dir='ltr'>ordinis;</span> <span class='ocrx_word' id='word_1_243' title='bbox 1302 3645 1380 3752; x_wconf 87' lang='lat' dir='ltr'>ipse</span> <span class='ocrx_word' id='word_1_244' title='bbox 1405 3660 1532 3721; x_wconf 89' lang='lat' dir='ltr'>tamen</span> <span class='ocrx_word' id='word_1_245' title='bbox 1556 3670 1752 3747; x_wconf 89' lang='lat' dir='ltr'>nunquam</span> 
     </span>
     <span class='ocr_line' id='line_1_26' title="bbox 327 3771 1753 3884; baseline -0.009 -23"><span class='ocrx_word' id='word_1_246' title='bbox 327 3783 401 3861; x_wconf 89' lang='lat' dir='ltr'>hoc</span> <span class='ocrx_word' id='word_1_247' title='bbox 423 3779 513 3858; x_wconf 87' lang='lat' dir='ltr'>lecit</span> <span class='ocrx_word' id='word_1_248' title='bbox 536 3805 607 3856; x_wconf 90' lang='lat' dir='ltr'>nee</span> <span class='ocrx_word' id='word_1_249' title='bbox 626 3777 699 3856; x_wconf 88' lang='lat' dir='ltr'>luit</span> <span class='ocrx_word' id='word_1_250' title='bbox 716 3775 936 3883; x_wconf 86' lang='lat' dir='ltr'>requisitus,</span> <span class='ocrx_word' id='word_1_251' title='bbox 960 3801 1030 3854; x_wconf 90' lang='lat' dir='ltr'>nec</span> <span class='ocrx_word' id='word_1_252' title='bbox 1051 3774 1171 3854; x_wconf 90' lang='lat' dir='ltr'>credit</span> <span class='ocrx_word' id='word_1_253' title='bbox 1195 3776 1300 3884; x_wconf 89' lang='lat' dir='ltr'>quod</span> <span class='ocrx_word' id='word_1_254' title='bbox 1319 3773 1450 3852; x_wconf 82' lang='lat' dir='ltr'>fratres</span> <span class='ocrx_word' id='word_1_255' title='bbox 1469 3771 1588 3879; x_wconf 89' lang='lat' dir='ltr'>ipsius</span> <span class='ocrx_word' id='word_1_256' title='bbox 1609 3771 1753 3848; x_wconf 89' lang='lat' dir='ltr'>ordinis</span> 
     </span>
     <span class='ocr_line' id='line_1_27' title="bbox 324 3901 1751 4020; baseline -0.008 -31"><span class='ocrx_word' id='word_1_257' title='bbox 324 3911 427 3991; x_wconf 91' lang='lat' dir='ltr'>illud</span> <span class='ocrx_word' id='word_1_258' title='bbox 435 3928 630 4020; x_wconf 87' lang='lat' dir='ltr'>peccatum</span> <span class='ocrx_word' id='word_1_259' title='bbox 644 3908 937 3986; x_wconf 88' lang='lat' dir='ltr'>committerent.</span> <span class='ocrx_word' id='word_1_260' title='bbox 952 3907 1064 3996; x_wconf 76' lang='lat' dir='ltr'>ltem,</span> <span class='ocrx_word' id='word_1_261' title='bbox 1074 3904 1244 4014; x_wconf 88' lang='lat' dir='ltr'>precepit</span> <span class='ocrx_word' id='word_1_262' title='bbox 1259 3906 1294 3983; x_wconf 90' lang='lat' dir='ltr'>ei</span> <span class='ocrx_word' id='word_1_263' title='bbox 1306 3903 1411 4013; x_wconf 90' lang='lat' dir='ltr'>quod</span> <span class='ocrx_word' id='word_1_264' title='bbox 1419 3901 1651 3981; x_wconf 86' lang='lat' dir='ltr'>oscularetur</span> <span class='ocrx_word' id='word_1_265' title='bbox 1664 3929 1751 3978; x_wconf 86' lang='lat' dir='ltr'>eum</span> 
     </span>
     <span class='ocr_line' id='line_1_28' title="bbox 326 4033 1754 4144; baseline -0.006 -24"><span class='ocrx_word' id='word_1_266' title='bbox 326 4043 365 4120; x_wconf 92' lang='lat' dir='ltr'>in</span> <span class='ocrx_word' id='word_1_267' title='bbox 389 4041 588 4132; x_wconf 88' lang='lat' dir='ltr'>umbilico,</span> <span class='ocrx_word' id='word_1_268' title='bbox 610 4058 649 4118; x_wconf 92' lang='lat' dir='ltr'>et</span> <span class='ocrx_word' id='word_1_269' title='bbox 671 4039 793 4118; x_wconf 90' lang='lat' dir='ltr'>dictus</span> <span class='ocrx_word' id='word_1_270' title='bbox 807 4037 932 4127; x_wconf 88' lang='lat' dir='ltr'>testis,</span> <span class='ocrx_word' id='word_1_271' title='bbox 955 4036 1099 4114; x_wconf 86' lang='lat' dir='ltr'>elevato</span> <span class='ocrx_word' id='word_1_272' title='bbox 1120 4034 1389 4144; x_wconf 88' lang='lat' dir='ltr'>supertunicali</span> <span class='ocrx_word' id='word_1_273' title='bbox 1408 4033 1528 4141; x_wconf 89' lang='lat' dir='ltr'>ipsius</span> <span class='ocrx_word' id='word_1_274' title='bbox 1549 4033 1754 4138; x_wconf 84' lang='lat' dir='ltr'>receptoria</span> 
     </span>
     <span class='ocr_line' id='line_1_29' title="bbox 324 4159 1754 4282; baseline -0.006 -31"><span class='ocrx_word' id='word_1_275' title='bbox 324 4174 537 4282; x_wconf 89' lang='lat' dir='ltr'>peripsum</span> <span class='ocrx_word' id='word_1_276' title='bbox 559 4189 808 4279; x_wconf 88' lang='lat' dir='ltr'>receptorem,</span> <span class='ocrx_word' id='word_1_277' title='bbox 832 4167 906 4246; x_wconf 86' lang='lat' dir='ltr'>luit</span> <span class='ocrx_word' id='word_1_278' title='bbox 928 4196 1017 4248; x_wconf 90' lang='lat' dir='ltr'>eum</span> <span class='ocrx_word' id='word_1_279' title='bbox 1030 4159 1229 4248; x_wconf 45' lang='lat' dir='ltr'>&#39;osculatus&#39;</span> <span class='ocrx_word' id='word_1_280' title='bbox 1253 4194 1370 4275; x_wconf 89' lang='lat' dir='ltr'>prope</span> <span class='ocrx_word' id='word_1_281' title='bbox 1389 4164 1615 4243; x_wconf 89' lang='lat' dir='ltr'>umbilicum</span> <span class='ocrx_word' id='word_1_282' title='bbox 1642 4192 1754 4271; x_wconf 90' lang='lat' dir='ltr'>supra</span> 
     </span>
     <span class='ocr_line' id='line_1_30' title="bbox 324 4295 1755 4401; baseline -0.009 -17"><span class='ocrx_word' id='word_1_283' title='bbox 324 4306 504 4384; x_wconf 90' lang='lat' dir='ltr'>tunicam.</span> <span class='ocrx_word' id='word_1_284' title='bbox 526 4302 609 4382; x_wconf 80' lang='lat' dir='ltr'>Alia</span> <span class='ocrx_word' id='word_1_285' title='bbox 626 4302 758 4380; x_wconf 90' lang='lat' dir='ltr'>illicita</span> <span class='ocrx_word' id='word_1_286' title='bbox 778 4328 854 4377; x_wconf 90' lang='lat' dir='ltr'>non</span> <span class='ocrx_word' id='word_1_287' title='bbox 875 4300 1158 4378; x_wconf 79' lang='lat' dir='ltr'>intervenerunt</span> <span class='ocrx_word' id='word_1_288' title='bbox 1177 4299 1217 4375; x_wconf 91' lang='lat' dir='ltr'>in</span> <span class='ocrx_word' id='word_1_289' title='bbox 1239 4297 1337 4376; x_wconf 87' lang='lat' dir='ltr'>dicta</span> <span class='ocrx_word' id='word_1_290' title='bbox 1357 4295 1578 4401; x_wconf 89' lang='lat' dir='ltr'>recepcione</span> <span class='ocrx_word' id='word_1_291' title='bbox 1598 4323 1665 4372; x_wconf 88' lang='lat' dir='ltr'>sua</span> <span class='ocrx_word' id='word_1_292' title='bbox 1684 4323 1755 4371; x_wconf 92' lang='lat' dir='ltr'>nec</span> 
     </span>
     <span class='ocr_line' id='line_1_31' title="bbox 324 4423 1753 4543; baseline -0.01 -28"><span class='ocrx_word' id='word_1_293' title='bbox 324 4453 425 4543; x_wconf 87' lang='lat' dir='ltr'>post,</span> <span class='ocrx_word' id='word_1_294' title='bbox 455 4434 614 4514; x_wconf 89' lang='lat' dir='ltr'>credens</span> <span class='ocrx_word' id='word_1_295' title='bbox 638 4431 743 4538; x_wconf 85' lang='lat' dir='ltr'>qood</span> <span class='ocrx_word' id='word_1_296' title='bbox 767 4430 900 4509; x_wconf 89' lang='lat' dir='ltr'>eadem</span> <span class='ocrx_word' id='word_1_297' title='bbox 926 4429 1199 4509; x_wconf 87' lang='lat' dir='ltr'>intervenirent</span> <span class='ocrx_word' id='word_1_298' title='bbox 1222 4429 1261 4506; x_wconf 93' lang='lat' dir='ltr'>in</span> <span class='ocrx_word' id='word_1_299' title='bbox 1287 4423 1574 4534; x_wconf 89' lang='lat' dir='ltr'>recepcionibus</span> <span class='ocrx_word' id='word_1_300' title='bbox 1593 4424 1753 4502; x_wconf 89' lang='lat' dir='ltr'>aliorum</span> 
     </span>
     <span class='ocr_line' id='line_1_32' title="bbox 324 4555 1754 4676; baseline -0.01 -30"><span class='ocrx_word' id='word_1_301' title='bbox 324 4566 383 4646; x_wconf 89' lang='lat' dir='ltr'>vel</span> <span class='ocrx_word' id='word_1_302' title='bbox 402 4584 489 4676; x_wconf 88' lang='lat' dir='ltr'>post</span> <span class='ocrx_word' id='word_1_303' title='bbox 508 4583 546 4644; x_wconf 90' lang='lat' dir='ltr'>et</span> <span class='ocrx_word' id='word_1_304' title='bbox 563 4562 803 4641; x_wconf 77' lang='lat' dir='ltr'>uniformiter</span> <span class='ocrx_word' id='word_1_305' title='bbox 821 4561 964 4669; x_wconf 88' lang='lat' dir='ltr'>ubique</span> <span class='ocrx_word' id='word_1_306' title='bbox 982 4560 1253 4668; x_wconf 83' lang='lat' dir='ltr'>reciperentur.</span> <span class='ocrx_word' id='word_1_307' title='bbox 1274 4561 1386 4648; x_wconf 89' lang='lat' dir='ltr'>ltem,</span> <span class='ocrx_word' id='word_1_308' title='bbox 1408 4556 1529 4636; x_wconf 89' lang='lat' dir='ltr'>credit</span> <span class='ocrx_word' id='word_1_309' title='bbox 1543 4583 1583 4633; x_wconf 89' lang='lat' dir='ltr'>sc</span> <span class='ocrx_word' id='word_1_310' title='bbox 1600 4555 1754 4640; x_wconf 87' lang='lat' dir='ltr'>credere</span> 
     </span>
     <span class='ocr_line' id='line_1_33' title="bbox 325 4687 1751 4807; baseline -0.01 -31"><span class='ocrx_word' id='word_1_311' title='bbox 325 4698 429 4807; x_wconf 90' lang='lat' dir='ltr'>quod</span> <span class='ocrx_word' id='word_1_312' title='bbox 455 4695 586 4775; x_wconf 82' lang='lat' dir='ltr'>fratres</span> <span class='ocrx_word' id='word_1_313' title='bbox 610 4694 755 4774; x_wconf 87' lang='lat' dir='ltr'>ordinis</span> <span class='ocrx_word' id='word_1_314' title='bbox 778 4693 841 4770; x_wconf 88' lang='lat' dir='ltr'>alii</span> <span class='ocrx_word' id='word_1_315' title='bbox 865 4693 964 4770; x_wconf 89' lang='lat' dir='ltr'>bene</span> <span class='ocrx_word' id='word_1_316' title='bbox 989 4691 1188 4771; x_wconf 85' lang='lat' dir='ltr'>crederent</span> <span class='ocrx_word' id='word_1_317' title='bbox 1212 4689 1468 4770; x_wconf 85' lang='lat' dir='ltr'>ecclesiasticis</span> <span class='ocrx_word' id='word_1_318' title='bbox 1491 4687 1751 4776; x_wconf 89' lang='lat' dir='ltr'>sacramentis,</span> 
     </span>
     <span class='ocr_line' id='line_1_34' title="bbox 325 4817 1754 4938; baseline -0.011 -30"><span class='ocrx_word' id='word_1_319' title='bbox 325 4846 364 4908; x_wconf 88' lang='lat' dir='ltr'>et</span> <span class='ocrx_word' id='word_1_320' title='bbox 382 4829 489 4938; x_wconf 88' lang='lat' dir='ltr'>quod</span> <span class='ocrx_word' id='word_1_321' title='bbox 508 4828 586 4934; x_wconf 89' lang='lat' dir='ltr'>ipse</span> <span class='ocrx_word' id='word_1_322' title='bbox 605 4825 820 4905; x_wconf 88' lang='lat' dir='ltr'>celebrabat</span> <span class='ocrx_word' id='word_1_323' title='bbox 838 4825 877 4908; x_wconf 91' lang='lat' dir='ltr'>in</span> <span class='ocrx_word' id='word_1_324' title='bbox 898 4823 1033 4913; x_wconf 78' lang='lat' dir='ltr'>ordine</span> <span class='ocrx_word' id='word_1_325' title='bbox 1052 4822 1262 4912; x_wconf 84' lang='lat' dir='ltr'>secundum</span> <span class='ocrx_word' id='word_1_326' title='bbox 1284 4821 1444 4900; x_wconf 84' lang='lat' dir='ltr'>sormam</span> <span class='ocrx_word' id='word_1_327' title='bbox 1459 4817 1644 4906; x_wconf 84' lang='lat' dir='ltr'>Ecclesia,</span> <span class='ocrx_word' id='word_1_328' title='bbox 1674 4844 1754 4893; x_wconf 90' lang='lat' dir='ltr'>ore-</span> 
     </span>
    </p>
   </div>
   <div class='ocr_carea' id='block_1_3' title="bbox 411 4955 1623 5033">
    <p class='ocr_par' dir='ltr' id='par_1_3' title="bbox 411 4955 1623 5033">
     <span class='ocr_line' id='line_1_35' title="bbox 411 4955 1623 5033; baseline -0.012 0"><span class='ocrx_word' id='word_1_329' title='bbox 411 4965 523 5033; x_wconf 78' lang='lat' dir='ltr'>tsocrls</span> <span class='ocrx_word' id='word_1_330' title='bbox 537 4985 592 5027; x_wconf 83' lang='lat' dir='ltr'>ors</span> <span class='ocrx_word' id='word_1_331' title='bbox 606 4983 782 5026; x_wconf 71' lang='lat' dir='ltr'>renarrans.</span> <span class='ocrx_word' id='word_1_332' title='bbox 795 4997 838 5016; x_wconf 76' lang='lat'>·-</span> <span class='ocrx_word' id='word_1_333' title='bbox 850 4981 882 5022; x_wconf 87' lang='lat' dir='ltr'>rr.</span> <span class='ocrx_word' id='word_1_334' title='bbox 1603 4955 1623 5018; x_wconf 83' lang='grc'><strong>8</strong></span> 
     </span>
    </p>
   </div>
   <div class='ocr_carea' id='block_1_4' title="bbox 0 0 2164 5894">
    <p class='ocr_par' dir='ltr' id='par_1_4' title="bbox 0 0 2164 5894">
     <span class='ocr_line' id='line_1_36' title="bbox 0 0 2164 5894; baseline 0 0"><span class='ocrx_word' id='word_1_335' title='bbox 0 0 2164 5894; x_wconf 95' lang='lat' dir='ltr'> </span> 
     </span>
    </p>
   </div>
  </div>
 </body>
</html>
