4242 5890
594 569 600 580 ’
710 559 907 652 rnocns
935 579 1030 650 nus
1056 577 1359 652 retinemus.
1676 583 1748 654 aaa·

323 719 520 806 umbilico,
543 735 581 797 et
605 735 734 824 postea
758 720 796 794 in
817 747 900 808 ore,
929 738 966 797 et
988 737 1155 826 aportata
1180 749 1307 808 cruce,
1335 719 1423 797 fecit
1453 747 1541 797 eum
1567 722 1751 829 abnegare

249 924 251 928 ,
321 879 402 930 eam
428 869 497 940 ter,
524 867 561 926 et
583 847 773 928 Christum
794 851 860 957 qui
885 852 926 927 in
947 879 990 930 ea
1009 879 1138 957 passus
1158 849 1296 940 luerat,
1317 869 1357 930 et
1377 853 1544 960 precepit
1560 852 1630 930 sibi
1648 855 1753 960 quod

320 1009 397 1060 non
420 982 576 1060 haberet
600 1009 680 1058 rem
707 1009 793 1060 cum
818 982 1058 1072 mulieribus,
1081 983 1211 1060 dicens
1236 983 1305 1060 sibi
1333 983 1438 1090 quod
1460 984 1547 1059 satis
1573 1003 1679 1060 erant
1705 987 1752 1062 de

320 1113 554 1202 hominibus,
579 1113 707 1190 dando
737 1113 806 1190 sibi
835 1113 1047 1203 licenciam,
1081 1115 1290 1192 secundum
1319 1114 1424 1220 quod
1444 1113 1514 1190 sibi
1543 1113 1749 1203 videbatur,

320 1245 423 1349 quod
443 1245 599 1322 haberet
614 1273 694 1322 rem
714 1245 911 1322 carnaliter
930 1273 1017 1324 cum
1039 1246 1269 1323 hominibus.

375 1376 590 1483 llequisitus
607 1403 678 1482 per
691 1378 950 1484 juramentum
975 1407 1086 1455 suum
1107 1395 1234 1456 utrum
1258 1379 1309 1466 vi,
1335 1377 1392 1454 vel
1414 1393 1519 1453 metu
1544 1395 1751 1454 tormento-

318 1535 419 1594 rum,
432 1507 489 1583 vel
505 1509 642 1584 timore
660 1508 817 1616 alicujus
828 1537 941 1614 pene,
960 1539 1026 1586 seu
1042 1509 1113 1586 alia
1130 1533 1366 1616 quacumque
1380 1509 1428 1585 de
1442 1535 1567 1596 causa,
1584 1508 1749 1614 aliquam

317 1637 513 1714 falsitatem
528 1638 696 1728 dixisset,
706 1639 765 1716 vel
776 1640 968 1717 veritatem
985 1639 1174 1728 tacuisset,
1185 1639 1277 1718 dixit
1288 1665 1356 1744 per
1363 1639 1620 1744 juramentum
1636 1667 1748 1716 suum

317 1769 422 1872 quod
441 1797 533 1858 non,
556 1769 672 1846 immo
693 1797 836 1848 meram
860 1789 897 1848 et
922 1797 1054 1876 puram
1074 1771 1267 1848 veritatem
1287 1768 1397 1856 dixit,
1419 1785 1573 1874 propter
1591 1769 1746 1846 salutem

318 1927 439 1975 anime
463 1929 542 1976 sue.

373 2165 466 2239 ltem
477 2189 590 2252 anno,
606 2163 813 2252 indicione,
830 2191 973 2252 mense,
995 2164 1076 2252 die,
1097 2163 1319 2269 pontificatu
1331 2181 1368 2240 et
1381 2189 1480 2239 anno
1496 2161 1690 2268 predictis,
1709 2165 1747 2238 in

315 2293 473 2397 predicti
495 2295 741 2400 inquisitoris,
761 2312 931 2372 nostrum
949 2295 1181 2372 notariorum
1203 2312 1240 2371 et
1254 2295 1408 2370 testium
1428 2291 1747 2397 infrascriptorum

223 2427 226 2434 ’
314 2424 506 2527 presencia
531 2425 774 2530 personaliter
798 2425 1022 2503 constitutus
1046 2424 1160 2502 frater
1184 2425 1371 2502 Jobannes
1400 2423 1447 2500 de
1475 2425 1612 2501 Sancto
1639 2425 1746 2529 Lupo

315 2555 490 2660 magister
509 2555 645 2632 domus
665 2556 712 2632 de
734 2556 898 2634 Soisiaco
914 2556 1017 2663 juxta
1038 2557 1325 2643 Taverniacum,
1341 2554 1612 2662 quinquaginta
1631 2581 1747 2632 anno-

312 2711 397 2760 rum
412 2685 469 2762 vel
490 2685 605 2772 circa,
630 2702 674 2762 ut
693 2685 857 2773 dicebat,
882 2685 1017 2763 eodem
1036 2687 1153 2762 modo
1169 2685 1316 2791 juratus
1338 2685 1462 2762 dicere
1483 2684 1530 2760 de
1552 2711 1590 2760 se
1610 2702 1646 2760 et
1665 2685 1746 2762 aliis

314 2815 352 2890 in
374 2843 483 2894 cauea
502 2815 591 2894 fidei
611 2843 744 2921 puram
762 2833 802 2893 et
823 2817 1005 2923 integram
1026 2817 1234 2906 veritatem,
1258 2833 1295 2894 et
1315 2819 1564 2922 interrogatus
1581 2814 1629 2894 de
1650 2830 1746 2892 tem-

313 2973 404 3050 pore
421 2964 458 3023 et
474 2945 590 3025 modo
610 2947 840 3052 recepcionis
859 2975 925 3024 sue
946 2949 985 3024 in
1007 2949 1140 3025 ordine
1161 2947 1477 3054 Templariorum,
1494 2947 1588 3022 dixit
1605 2973 1673 3051 per
1682 2947 1746 3051 ju-

311 3094 524 3155 ramentum
551 3105 660 3154 suum
686 3077 791 3183 quod
813 3077 942 3184 viginti
968 3079 1054 3154 anni
1082 3095 1172 3154 sunt
1200 3079 1314 3184 elapsi
1341 3077 1447 3188 quod
1474 3093 1647 3181 receptus
1676 3073 1745 3151 fuit

312 3207 413 3312 apud
432 3207 685 3314 Latigniacum
704 3207 870 3297 Siccum,
891 3235 960 3313 per
983 3209 1187 3314 quemdam
1212 3209 1364 3286 fratrem
1389 3207 1477 3284 dicti
1505 3206 1650 3284 ordinis
1676 3206 1743 3311 qui
1818 3263 1825 3276 .

311 3337 510 3414 vocabatur
533 3339 645 3416 lrater
670 3339 842 3415 Nicolaus
868 3337 1103 3446 Flauringns‚
1131 3358 1169 3415 et
1190 3339 1262 3415 lixit
1287 3356 1460 3442 receptus
1489 3335 1537 3413 de
1566 3337 1742 3414 mandato

311 3466 432 3543 fratris
451 3468 632 3546 lobannis
647 3468 695 3546 de
711 3470 841 3548 Turno
856 3487 948 3546 tunc
961 3469 1184 3546 thesaurarii
1197 3469 1379 3555 Parisius,
1398 3465 1638 3573 presentibus
1652 3484 1743 3542 tunc

310 3595 491 3674 fratribus
510 3599 710 3704 lladulpbo
731 3599 779 3682 de
795 3599 1038 3691 Hardeviller,
1056 3618 1094 3678 et
1109 3600 1221 3678 lratre
1242 3598 1433 3686 Dendato,
1454 3613 1494 3674 et
1512 3596 1741 3703 quibusdam

310 3727 391 3804 aliis
407 3727 582 3806 fratribus
599 3727 689 3806 dicti
711 3731 869 3820 ordinis,
889 3731 935 3810 de
954 3759 1119 3837 quorum
1133 3730 1350 3808 nominibus
1369 3755 1445 3808 non
1460 3727 1743 3816 recordatur,*et

310 3859 382 3936 fuit
399 3889 487 3936 cum
508 3888 554 3938 eo
575 3879 747 3969 receptus
766 3862 880 3940 frater
897 3863 1088 3941 lohannes
1112 3863 1159 3940 de
1180 3861 1389 3940 Bafemont.
1410 3860 1512 3938 Dixit
1536 3858 1653 3936 eciam
1673 3887 1742 3964 per

305 3991 562 4094 juramentum
579 4019 693 4068 suum
707 3992 831 4098 qnod,
857 4010 944 4099 post
969 3993 1107 4071 multas
1126 3992 1393 4100 promissiones
1411 3991 1459 4068 ab
1477 3990 1567 4097 ipsis
1580 3992 1740 4095 receptis

308 4117 436 4208 facus,
468 4149 581 4228 super
612 4122 839 4229 quibusdam
867 4121 1115 4202 observanciis
1149 4123 1237 4201 dicti
1270 4122 1428 4211 ordinis,
1456 4121 1529 4198 luit
1558 4119 1739 4209 traditum

309 4250 526 4327 mantellum
545 4251 603 4329 illi
624 4253 689 4359 qui
710 4252 888 4360 loquitur,
905 4270 943 4330 et
957 4271 1084 4360 postea
1098 4253 1169 4330 fuit
1188 4241 1255 4359 per
1274 4253 1370 4330 duos
1389 4251 1520 4330 fratres
1540 4251 1675 4330 ductus
1691 4253 1739 4328 ad

309 4399 469 4484 partem,
487 4399 524 4460 et
545 4382 617 4462 luit
635 4383 854 4488 compulsus
872 4411 941 4489 per
959 4411 1024 4462 eos
1044 4383 1228 4489 abnegare
1247 4375 1404 4461 lbesum'
1424 4381 1615 4462 Christum
1631 4384 1739 4489 cujus

307 4539 439 4617 ymago
465 4531 543 4590 erat
568 4515 714 4619 depicta
739 4514 777 4588 in
802 4514 964 4620 quadam
991 4541 1099 4624 cruce
1130 4541 1203 4620 que
1233 4513 1431 4590 tenebatur
1456 4541 1580 4592 coram
1609 4539 1671 4598 eo,
1703 4531 1739 4587 et

268 4707 272 4715 .
307 4670 441 4748 spuere
466 4645 583 4722 semel
608 4673 718 4751 supra
737 4671 886 4722 crucem
904 4645 1122 4751 predictam.
1146 4643 1246 4721 Dixit
1265 4645 1381 4722 eciam
1402 4673 1469 4751 per
1480 4644 1738 4750 juramentum

308 4799 418 4848 snum
438 4775 542 4881 qnod
558 4773 632 4852 tuit
654 4775 725 4852 sibi
746 4775 954 4881 injunctum
983 4804 1052 4882 per
1072 4801 1136 4852 eos
1153 4775 1259 4881 quod
1278 4803 1354 4853 non
1376 4775 1529 4852 baberet
1545 4803 1629 4850 rem
1651 4801 1735 4850 cum

309 4903 545 4992 mulieribus,
573 4906 639 4982 eed
665 4906 695 4984 si
723 4907 914 4984 continere
939 4934 1014 4986 non
1039 4923 1182 5012 posset,
1209 4907 1473 5014 commisceret
1485 4934 1525 4982 se
1541 4902 1736 4982 carnaliter
