4320 5898
445 507 491 580 ss
832 481 1028 576 ruocss
1056 501 1149 575 ors
1174 499 1479 575 rsurunvs.

444 647 538 722 dens
557 643 662 752 quod
680 641 741 722 alii
762 642 962 748 presbiteri
981 642 1125 720 ordinis
1146 642 1282 720 eodem
1303 642 1419 720 modo
1438 641 1690 728 celebrarent,
1713 669 1780 716 nec
1800 639 1870 717 l'uit

443 776 514 854 sibi
542 775 749 854 inhibitum
775 802 846 851 nec
869 772 1012 851 audivit
1036 774 1117 852 aliis
1140 772 1304 851 inhiberi
1331 773 1437 880 quod
1464 799 1540 848 non
1567 771 1737 848 dicerent
1759 771 1870 849 verba

445 907 609 984 canonis.
627 905 764 984 Statim
783 933 851 1011 pro
869 903 1046 1012 professis
1061 904 1310 983 habebantur.
1324 903 1566 982 Clandestine
1579 901 1869 1010 recipiebantur,

445 1068 488 1114 ex
508 1067 585 1144 quo
600 1038 721 1116 credit
736 1037 842 1144 quod
860 1054 957 1114 esset
971 1037 1134 1143 suspicio
1148 1054 1277 1114 contra
1293 1063 1369 1113 eos.
1387 1034 1564 1114 Cordulis
1579 1034 1683 1111 unde
1697 1033 1872 1112 volebant

445 1169 643 1275 assumptis
658 1167 904 1274 cingebantur
922 1195 1035 1273 supra
1052 1167 1221 1244 camisias
1241 1195 1328 1244 eum
1343 1165 1484 1274 quibus
1494 1165 1681 1272 jacebant.
1705 1166 1873 1274 lnjunge

443 1298 557 1376 batur
573 1300 627 1375 eis
646 1299 750 1404 quod
770 1322 848 1376 non
867 1297 1076 1375 revelarent
1095 1315 1238 1376 secreta
1258 1296 1527 1404 capitulorum,
1550 1296 1598 1373 de
1616 1295 1733 1372 modo
1751 1321 1873 1400 recep

444 1430 564 1508 cionis
584 1428 731 1536 speciali
752 1457 830 1506 non
850 1428 979 1509 habita
998 1430 1209 1507 mensione.
1231 1427 1437 1507 Dicebatur
1463 1427 1516 1504 eis
1535 1428 1641 1535 quod
1661 1427 1872 1504 sacerdotes

445 1560 589 1636 ordinis
608 1558 797 1637 habebant
817 1586 931 1667 super
951 1587 1016 1638 ecs
1030 1560 1213 1667 majorem
1228 1575 1451 1666 potestatem
1475 1585 1589 1664 quam
1604 1557 1683 1644 alii,
1712 1574 1748 1634 et
1769 1558 1869 1664 quod

445 1689 533 1767 ideo
549 1689 740 1768 debebant
756 1690 809 1768 eis
829 1690 1019 1782 eonfiteri3
1042 1709 1080 1768 et
1093 1693 1171 1797 ipse
1189 1691 1295 1769 testis
1309 1690 1381 1768 suit
1397 1689 1581 1797 receptori
1596 1717 1665 1766 suo
1681 1688 1872 1766 consessus

446 1821 494 1898 de
504 1821 644 1898 illicitis
653 1849 728 1928 que
740 1821 1017 1901 intervenerant
1029 1824 1067 1898 in
1082 1823 1180 1901 dicta
1187 1851 1255 1902 sua
1267 1823 1503 1929 recepcione,
1517 1821 1580 1928 qui
1592 1820 1751 1898 absolvit
1764 1849 1869 1908 eum,

445 1951 620 2059 imposita
639 1951 711 2028 sibi
730 1952 944 2058 penitencia
960 1954 1068 2060 quod
1085 1981 1163 2030 non
1180 1953 1377 2031 interesset
1392 1952 1570 2058 deinceps
1589 1952 1628 2027 in
1644 1951 1728 2028 loco
1745 1950 1783 2026 in
1797 1979 1872 2056 quo

444 2082 533 2160 talia
553 2081 705 2172 stereon
724 2099 762 2158 et
782 2081 874 2158 dixit
890 2082 922 2160 ei
939 2083 1060 2191 quod,
1083 2112 1127 2160 ex
1142 2111 1219 2191 quo
1235 2083 1401 2190 predicta
1420 2082 1556 2160 lecerat
1574 2109 1638 2158 ore
1651 2109 1727 2158 non
1743 2083 1870 2168 corde,

445 2240 522 2290 non
543 2212 708 2290 multum
728 2231 954 2319 peceaverat.
980 2215 1129 2290 Fratres
1147 2214 1306 2291 scientes
1327 2240 1472 2290 errores
1491 2211 1613 2289 dictos
1633 2209 1789 2288 suerunt
1810 2239 1874 2286 ne-

444 2342 629 2450 gligentes
658 2341 851 2450 quianon
878 2360 1123 2421 concremat
1150 2371 1215 2422 eos
1245 2371 1314 2420 nec
1344 2343 1667 2421 denunciaverunt
1695 2340 1870 2418 Ecclesie.

443 2471 680 2554 Elemosinas
704 2488 743 2548 et
769 2472 1061 2580 hospitalitatem
1090 2473 1183 2552 vidit
1212 2473 1477 2551 convenienter
1505 2472 1587 2550 lieri
1618 2489 1657 2548 et
1682 2472 1816 2550 servari
1834 2473 1872 2546 in

446 2600 624 2680 domibus
639 2604 785 2682 ordinis
799 2603 838 2681 in
854 2603 995 2710 quibus
1013 2604 1153 2682 exstitit
1167 2621 1436 2689 commoratum
1458 2622 1495 2680 et
1514 2602 1585 2680 luit
1601 2604 1636 2680 ei
1653 2620 1871 2710 preceptum

446 2760 514 2836 per
526 2751 760 2840 receptorem
774 2734 879 2840 quod
894 2733 1024 2810 debite
1037 2734 1247 2840 acquireret
1262 2735 1386 2812 ordini
1401 2734 1544 2841 absque
1557 2733 1711 2810 alterius
1725 2733 1871 2840 injuria.

445 2862 597 2942 Audivit
624 2864 698 2941 dici
723 2865 828 2972 quod
852 2863 947 2940 elam
975 2890 1107 2941 eorum
1129 2863 1303 2970 capitulis
1322 2865 1561 2952 tenebantur,
1589 2864 1704 2942 nullis
1723 2891 1874 2970 presen-

345 3039 349 3046 ·
446 2992 549 3071 tibus
568 2993 639 3070 uisi
653 2993 832 3072 fratribus
851 2993 1008 3071 ordinis.
1032 2994 1148 3072 licita
1164 3011 1202 3072 et
1216 2996 1372 3074 honesta
1388 2995 1558 3073 ordinata
1571 3024 1639 3102 per
1654 2996 1872 3103 Magistmm

446 3153 532 3200 cum
562 3143 750 3203 conventu
780 3125 940 3202 luissent
964 3142 1105 3202 servata
1133 3126 1172 3204 in
1200 3143 1281 3204 toto
1311 3127 1460 3216 ordine,
1485 3144 1752 3233 contraquam
1772 3155 1874 3204 nunc

447 3254 602 3363 grandia
622 3253 811 3344 scandala,
833 3254 998 3361 suspicio
1019 3271 1057 3332 et
1077 3255 1226 3336 infamia
1249 3273 1337 3333 sunt
1354 3273 1490 3334 exorta.
1509 3257 1642 3336 Credit
1660 3259 1767 3366 quod
1787 3287 1872 3334 con·

447 3385 578 3486 lessato
599 3413 667 3490 per
686 3414 774 3463 eum
796 3404 920 3462 essent
938 3403 1027 3462 nota
1046 3385 1225 3465 iratribus
1247 3387 1407 3476 ordinis,
1435 3406 1472 3465 et
1492 3390 1597 3495 quod
1618 3418 1776 3498 magnus
1797 3392 1874 3466 Ma-

446 3517 564 3623 gister
593 3533 631 3593 et
660 3517 720 3593 alii
746 3515 904 3596 confessi
934 3516 1077 3594 fuerint
1103 3517 1166 3596 illa
1193 3547 1267 3625 que
1295 3519 1420 3596 littere
1448 3520 1649 3626 apostolice
1682 3522 1876 3599 continent

351 3747 354 3754 Ι
446 3675 512 3724 eos
528 3645 718 3726 confessos
732 3645 846 3726 fuisse
867 3665 995 3727 contra
1014 3649 1207 3739 ordinem,
1227 3650 1276 3726 ad
1291 3650 1399 3758 cujus
1415 3651 1688 3730 deffensionem
1707 3681 1762 3740 se,
1783 3671 1876 3728 tarn-

445 3806 560 3884 quam
576 3778 703 3857 fatuus
721 3796 759 3856 et
776 3779 953 3886 simplex,
974 3808 1049 3858 una
1067 3810 1152 3858 cum
1172 3781 1254 3858 aliis
1272 3781 1476 3872 obtulerat,
1497 3783 1593 3860 sicut
1608 3783 1712 3859 dixit.

504 3908 720 4014 Requisitus
736 3909 766 3986 si
780 3911 834 3986 sic
843 3909 1070 4015 deposuerat
1084 3939 1211 4018 prece,
1229 3931 1422 4020 precepto,
1439 3913 1592 4004 timore,
1608 3943 1753 4007 amore,
1772 3915 1872 4005 odio,

446 4036 505 4112 vel
519 4039 720 4145 temporali
742 4041 905 4117 comodo
925 4042 1055 4119 habito
1069 4043 1128 4121 vel
1148 4043 1340 4132 habendo,
1360 4047 1558 4152 respondit
1576 4047 1682 4153 quod
1697 4076 1790 4134 nou,
1808 4048 1873 4124 sed

448 4197 516 4275 pro
542 4171 695 4248 veritate
721 4171 899 4264 dicenda;
920 4173 979 4250 cui
1007 4173 1081 4251 luit
1101 4174 1312 4281 injunctum
1341 4177 1444 4284 quod
1472 4207 1550 4254 non
1573 4179 1753 4258 revelaret
1781 4182 1875 4256 hanc

447 4329 551 4378 suam
574 4301 872 4408 deposicionem,
890 4332 1090 4412 quousque
1111 4308 1370 4386 attostaciones
1390 4307 1530 4388 luerim
1550 4309 1750 4417 publicare.

503 4431 760 4512 Actaluerunt
770 4435 839 4513 hec
849 4437 912 4512 die
928 4455 965 4514 et
976 4435 1061 4514 loco
1072 4438 1262 4544 predictis,
1280 4441 1520 4545 presentibus
1530 4443 1707 4552 magistro
1718 4443 1872 4531 Amisio,

342 4663 346 4669 Ι
447 4587 509 4636 me
528 4562 786 4641 Floriamonte
802 4566 1018 4660 Dondedei,
1043 4585 1080 4645 et
1099 4563 1183 4645 'aliis
1202 4570 1359 4648 notariis
1375 4598 1485 4679 supra
1502 4572 1640 4650 ultimo
1659 4573 1872 4650 nominatis.

503 4822 590 4899 Post
610 4822 695 4914 hec,
725 4825 786 4902 die
813 4826 988 4902 Mercurii
1010 4831 1199 4934 sequenti,
1231 4859 1306 4938 que
1332 4831 1403 4909 luit
1423 4857 1494 4911 xvu
1521 4833 1602 4911 dies
1619 4834 1708 4912 dicti
1735 4833 1875 4912 mensis
