<?xml version="1.0" encoding="UTF-8"?>
<!DOCTYPE html PUBLIC "-//W3C//DTD XHTML 1.0 Transitional//EN"
    "http://www.w3.org/TR/xhtml1/DTD/xhtml1-transitional.dtd">
<html xmlns="http://www.w3.org/1999/xhtml" xml:lang="en" lang="en">
 <head>
  <title>
</title>
<meta http-equiv="Content-Type" content="text/html;charset=utf-8" />
  <meta name='ocr-system' content='tesseract 3.04.00' />
  <meta name='ocr-capabilities' content='ocr_page ocr_carea ocr_par ocr_line ocrx_word'/>
</head>
<body>
  <div class='ocr_page' id='page_1' title='image "./procsdestemplie03defegoog_0296.png"; bbox 0 0 4242 5890; ppageno 0'>
   <div class='ocr_carea' id='block_1_1' title="bbox 375 519 1409 614">
    <p class='ocr_par' dir='ltr' id='par_1_1' title="bbox 375 519 1409 614">
     <span class='ocr_line' id='line_1_1' title="bbox 375 519 1409 614; baseline -0.002 -5"><span class='ocrx_word' id='word_1_1' title='bbox 375 537 449 611; x_wconf 73' lang='lat' dir='ltr'><strong>sso</strong></span> <span class='ocrx_word' id='word_1_2' title='bbox 763 519 958 614; x_wconf 78' lang='lat' dir='ltr'><strong>mouns</strong></span> <span class='ocrx_word' id='word_1_3' title='bbox 985 539 1080 613; x_wconf 85' lang='lat' dir='ltr'><strong>nus</strong></span> <span class='ocrx_word' id='word_1_4' title='bbox 1106 536 1409 613; x_wconf 74' lang='lat' dir='ltr'><strong>remetiens.</strong></span> 
     </span>
    </p>
   </div>
   <div class='ocr_carea' id='block_1_2' title="bbox 373 677 1820 2876">
    <p class='ocr_par' dir='ltr' id='par_1_2' title="bbox 373 677 1820 2616">
     <span class='ocr_line' id='line_1_2' title="bbox 376 677 1811 789; baseline 0.003 -34"><span class='ocrx_word' id='word_1_5' title='bbox 376 679 552 756; x_wconf 89' lang='lat' dir='ltr'><strong>domibus</strong></span> <span class='ocrx_word' id='word_1_6' title='bbox 559 677 708 785; x_wconf 90' lang='lat' dir='ltr'><strong>Templi</strong></span> <span class='ocrx_word' id='word_1_7' title='bbox 719 680 897 779; x_wconf 83' lang='lat' dir='ltr'><strong>Parisios,</strong></span> <span class='ocrx_word' id='word_1_8' title='bbox 907 681 1053 789; x_wconf 84' lang='lat' dir='ltr'><strong>juratus</strong></span> <span class='ocrx_word' id='word_1_9' title='bbox 1064 678 1198 758; x_wconf 89' lang='lat' dir='ltr'><strong>eodem</strong></span> <span class='ocrx_word' id='word_1_10' title='bbox 1208 678 1325 758; x_wconf 91' lang='lat' dir='ltr'><strong>modo</strong></span> <span class='ocrx_word' id='word_1_11' title='bbox 1333 677 1383 757; x_wconf 88' lang='lat' dir='ltr'><strong>de</strong></span> <span class='ocrx_word' id='word_1_12' title='bbox 1393 705 1434 756; x_wconf 88' lang='lat' dir='ltr'><strong>sc</strong></span> <span class='ocrx_word' id='word_1_13' title='bbox 1445 677 1540 756; x_wconf 87' lang='lat' dir='ltr'><strong>etde</strong></span> <span class='ocrx_word' id='word_1_14' title='bbox 1548 677 1644 771; x_wconf 88' lang='lat' dir='ltr'><strong>aliis,</strong></span> <span class='ocrx_word' id='word_1_15' title='bbox 1655 681 1694 758; x_wconf 94' lang='lat' dir='ltr'><strong>in</strong></span> <span class='ocrx_word' id='word_1_16' title='bbox 1712 681 1811 760; x_wconf 83' lang='lat' dir='ltr'><strong>dicta</strong></span> 
     </span>
     <span class='ocr_line' id='line_1_3' title="bbox 375 807 1812 918; baseline 0.001 -30"><span class='ocrx_word' id='word_1_17' title='bbox 375 809 592 898; x_wconf 85' lang='lat' dir='ltr'><strong>causalidei,</strong></span> <span class='ocrx_word' id='word_1_18' title='bbox 605 809 767 916; x_wconf 83' lang='lat' dir='ltr'><strong>plenam,</strong></span> <span class='ocrx_word' id='word_1_19' title='bbox 779 838 912 918; x_wconf 87' lang='lat' dir='ltr'><strong>puram</strong></span> <span class='ocrx_word' id='word_1_20' title='bbox 923 811 1149 918; x_wconf 85' lang='lat' dir='ltr'><strong>etintegram</strong></span> <span class='ocrx_word' id='word_1_21' title='bbox 1159 809 1285 888; x_wconf 86' lang='lat' dir='ltr'><strong>dicere</strong></span> <span class='ocrx_word' id='word_1_22' title='bbox 1294 808 1499 898; x_wconf 85' lang='lat' dir='ltr'><strong>veritatem,</strong></span> <span class='ocrx_word' id='word_1_23' title='bbox 1509 825 1547 886; x_wconf 91' lang='lat' dir='ltr'><strong>et</strong></span> <span class='ocrx_word' id='word_1_24' title='bbox 1558 807 1812 918; x_wconf 85' lang='lat' dir='ltr'><strong>interrogatus</strong></span> 
     </span>
     <span class='ocr_line' id='line_1_4' title="bbox 374 940 1820 1050; baseline 0.003 -33"><span class='ocrx_word' id='word_1_25' title='bbox 374 941 602 1046; x_wconf 88' lang='lat' dir='ltr'><strong>detempore</strong></span> <span class='ocrx_word' id='word_1_26' title='bbox 611 959 648 1018; x_wconf 87' lang='lat' dir='ltr'><strong>et</strong></span> <span class='ocrx_word' id='word_1_27' title='bbox 660 940 774 1019; x_wconf 91' lang='lat' dir='ltr'><strong>modo</strong></span> <span class='ocrx_word' id='word_1_28' title='bbox 782 941 1016 1047; x_wconf 88' lang='lat' dir='ltr'><strong>recepoionis&#39;</strong></span> <span class='ocrx_word' id='word_1_29' title='bbox 1025 967 1109 1028; x_wconf 90' lang='lat' dir='ltr'><strong>sue,</strong></span> <span class='ocrx_word' id='word_1_30' title='bbox 1121 940 1216 1018; x_wconf 84' lang='lat' dir='ltr'><strong>dixit</strong></span> <span class='ocrx_word' id='word_1_31' title='bbox 1230 967 1299 1045; x_wconf 91' lang='lat' dir='ltr'><strong>per</strong></span> <span class='ocrx_word' id='word_1_32' title='bbox 1307 940 1570 1048; x_wconf 83' lang='lat' dir='ltr'><strong>juramentum</strong></span> <span class='ocrx_word' id='word_1_33' title='bbox 1581 967 1695 1019; x_wconf 90' lang='lat' dir='ltr'><strong>suum</strong></span> <span class='ocrx_word' id='word_1_34' title='bbox 1705 943 1820 1050; x_wconf 89' lang='lat' dir='ltr'><strong>quod</strong></span> 
     </span>
     <span class='ocr_line' id='line_1_5' title="bbox 375 1068 1811 1180; baseline 0.006 -38"><span class='ocrx_word' id='word_1_35' title='bbox 375 1068 448 1147; x_wconf 87' lang='lat' dir='ltr'><strong>fuit</strong></span> <span class='ocrx_word' id='word_1_36' title='bbox 458 1089 632 1177; x_wconf 87' lang='lat' dir='ltr'><strong>receptus</strong></span> <span class='ocrx_word' id='word_1_37' title='bbox 642 1072 681 1148; x_wconf 92' lang='lat' dir='ltr'><strong>in</strong></span> <span class='ocrx_word' id='word_1_38' title='bbox 696 1070 862 1180; x_wconf 80' lang='lat' dir='ltr'><strong>predicta</strong></span> <span class='ocrx_word' id='word_1_39' title='bbox 877 1071 991 1150; x_wconf 92' lang='lat' dir='ltr'><strong>domo</strong></span> <span class='ocrx_word' id='word_1_40' title='bbox 1007 1071 1184 1160; x_wconf 81' lang='lat' dir='ltr'><strong>Parisios,</strong></span> <span class='ocrx_word' id='word_1_41' title='bbox 1203 1069 1333 1177; x_wconf 88' lang='lat' dir='ltr'><strong>viginti</strong></span> <span class='ocrx_word' id='word_1_42' title='bbox 1348 1069 1458 1148; x_wconf 82' lang='lat' dir='ltr'><strong>annis</strong></span> <span class='ocrx_word' id='word_1_43' title='bbox 1471 1069 1532 1148; x_wconf 85' lang='lat' dir='ltr'><strong>vel</strong></span> <span class='ocrx_word' id='word_1_44' title='bbox 1546 1070 1811 1180; x_wconf 83' lang='lat' dir='ltr'><strong>circeelapsis,</strong></span> 
     </span>
     <span class='ocr_line' id='line_1_6' title="bbox 375 1200 1817 1309; baseline 0.003 -32"><span class='ocrx_word' id='word_1_45' title='bbox 375 1230 444 1307; x_wconf 89' lang='lat' dir='ltr'><strong>per</strong></span> <span class='ocrx_word' id='word_1_46' title='bbox 466 1200 619 1284; x_wconf 86' lang='lat' dir='ltr'><strong>fratrem</strong></span> <span class='ocrx_word' id='word_1_47' title='bbox 637 1202 844 1280; x_wconf 76' lang='lat' dir='ltr'><strong>iohannem</strong></span> <span class='ocrx_word' id='word_1_48' title='bbox 866 1202 914 1281; x_wconf 90' lang='lat' dir='ltr'><strong>de</strong></span> <span class='ocrx_word' id='word_1_49' title='bbox 940 1204 1070 1280; x_wconf 90' lang='lat' dir='ltr'><strong>Turno</strong></span> <span class='ocrx_word' id='word_1_50' title='bbox 1095 1201 1368 1279; x_wconf 82' lang='lat' dir='ltr'><strong>thesaurarium</strong></span> <span class='ocrx_word' id='word_1_51' title='bbox 1389 1217 1480 1278; x_wconf 89' lang='lat' dir='ltr'><strong>tuno</strong></span> <span class='ocrx_word' id='word_1_52' title='bbox 1498 1201 1686 1309; x_wconf 87' lang='lat' dir='ltr'><strong>temporis</strong></span> <span class='ocrx_word' id='word_1_53' title='bbox 1711 1202 1817 1282; x_wconf 90' lang='lat' dir='ltr'><strong>dicte</strong></span> 
     </span>
     <span class='ocr_line' id='line_1_7' title="bbox 377 1329 1814 1439; baseline 0.004 -32"><span class='ocrx_word' id='word_1_54' title='bbox 377 1330 529 1421; x_wconf 89' lang='lat' dir='ltr'><strong>domus,</strong></span> <span class='ocrx_word' id='word_1_55' title='bbox 549 1331 782 1438; x_wconf 82' lang='lat' dir='ltr'><strong>presentibus</strong></span> <span class='ocrx_word' id='word_1_56' title='bbox 800 1332 970 1438; x_wconf 90' lang='lat' dir='ltr'><strong>predicto</strong></span> <span class='ocrx_word' id='word_1_57' title='bbox 988 1331 1102 1411; x_wconf 70' lang='lat' dir='ltr'><strong>frome</strong></span> <span class='ocrx_word' id='word_1_58' title='bbox 1120 1331 1322 1410; x_wconf 85' lang='lat' dir='ltr'><strong>Remundo</strong></span> <span class='ocrx_word' id='word_1_59' title='bbox 1334 1329 1382 1408; x_wconf 93' lang='lat' dir='ltr'><strong>de</strong></span> <span class='ocrx_word' id='word_1_60' title='bbox 1397 1329 1586 1410; x_wconf 84' lang='lat' dir='ltr'><strong>Larchent</strong></span> <span class='ocrx_word' id='word_1_61' title='bbox 1599 1347 1640 1408; x_wconf 85' lang='lat' dir='ltr'><strong>et</strong></span> <span class='ocrx_word' id='word_1_62' title='bbox 1651 1333 1814 1439; x_wconf 88' lang='lat' dir='ltr'><strong>quibus-</strong></span> 
     </span>
     <span class='ocr_line' id='line_1_8' title="bbox 379 1459 1810 1568; baseline 0.002 -30"><span class='ocrx_word' id='word_1_63' title='bbox 379 1459 466 1538; x_wconf 86' lang='lat' dir='ltr'><strong>dam</strong></span> <span class='ocrx_word' id='word_1_64' title='bbox 485 1461 566 1539; x_wconf 82' lang='lat' dir='ltr'><strong>aliis</strong></span> <span class='ocrx_word' id='word_1_65' title='bbox 580 1459 757 1541; x_wconf 74' lang='lat' dir='ltr'><strong>iconibus</strong></span> <span class='ocrx_word' id='word_1_66' title='bbox 775 1463 893 1568; x_wconf 88' lang='lat' dir='ltr'><strong>ipsius</strong></span> <span class='ocrx_word' id='word_1_67' title='bbox 913 1462 1075 1554; x_wconf 83' lang='lat' dir='ltr'>ordinis,</span> <span class='ocrx_word' id='word_1_68' title='bbox 1097 1461 1144 1538; x_wconf 92' lang='lat' dir='ltr'><strong>de</strong></span> <span class='ocrx_word' id='word_1_69' title='bbox 1160 1489 1322 1568; x_wconf 88' lang='lat' dir='ltr'><strong>quorum</strong></span> <span class='ocrx_word' id='word_1_70' title='bbox 1338 1459 1560 1539; x_wconf 88' lang='lat' dir='ltr'><strong>nominibus</strong></span> <span class='ocrx_word' id='word_1_71' title='bbox 1574 1463 1810 1541; x_wconf 85' lang='lat' dir='ltr'><strong>nonrocolit.</strong></span> 
     </span>
     <span class='ocr_line' id='line_1_9' title="bbox 373 1591 1810 1701; baseline 0.003 -33"><span class='ocrx_word' id='word_1_72' title='bbox 373 1593 421 1668; x_wconf 90' lang='lat' dir='ltr'><strong>Et</strong></span> <span class='ocrx_word' id='word_1_73' title='bbox 445 1591 633 1670; x_wconf 82' lang='lat' dir='ltr'><strong>confessus</strong></span> <span class='ocrx_word' id='word_1_74' title='bbox 652 1591 726 1670; x_wconf 82' lang='lat' dir='ltr'><strong>fuit</strong></span> <span class='ocrx_word' id='word_1_75' title='bbox 752 1621 822 1698; x_wconf 92' lang='lat' dir='ltr'><strong>per</strong></span> <span class='ocrx_word' id='word_1_76' title='bbox 842 1593 1099 1701; x_wconf 77' lang='lat' dir='ltr'><strong>jrrrsrnentum</strong></span> <span class='ocrx_word' id='word_1_77' title='bbox 1125 1609 1164 1670; x_wconf 92' lang='lat' dir='ltr'><strong>et</strong></span> <span class='ocrx_word' id='word_1_78' title='bbox 1184 1593 1401 1699; x_wconf 84' lang='lat' dir='ltr'><strong>recognovit</strong></span> <span class='ocrx_word' id='word_1_79' title='bbox 1419 1591 1543 1698; x_wconf 87' lang='lat' dir='ltr'><strong>quod,</strong></span> <span class='ocrx_word' id='word_1_80' title='bbox 1571 1619 1617 1671; x_wconf 86' lang='lat' dir='ltr'><strong>eo</strong></span> <span class='ocrx_word' id='word_1_81' title='bbox 1638 1612 1810 1700; x_wconf 88' lang='lat' dir='ltr'><strong>recepto,</strong></span> 
     </span>
     <span class='ocr_line' id='line_1_10' title="bbox 373 1721 1808 1829; baseline 0.003 -30"><span class='ocrx_word' id='word_1_82' title='bbox 373 1722 550 1800; x_wconf 85' lang='lat' dir='ltr'><strong>mantello</strong></span> <span class='ocrx_word' id='word_1_83' title='bbox 580 1723 628 1800; x_wconf 83' lang='lat' dir='ltr'><strong>ad</strong></span> <span class='ocrx_word' id='word_1_84' title='bbox 652 1723 790 1801; x_wconf 91' lang='lat' dir='ltr'><strong>collum</strong></span> <span class='ocrx_word' id='word_1_85' title='bbox 815 1723 886 1802; x_wconf 90' lang='lat' dir='ltr'><strong>sibi</strong></span> <span class='ocrx_word' id='word_1_86' title='bbox 905 1722 1058 1811; x_wconf 88' lang='lat' dir='ltr'><strong>tradito,</strong></span> <span class='ocrx_word' id='word_1_87' title='bbox 1081 1737 1119 1801; x_wconf 88' lang='lat' dir='ltr'><strong>et</strong></span> <span class='ocrx_word' id='word_1_88' title='bbox 1137 1723 1387 1829; x_wconf 80' lang='lat' dir='ltr'>promissione</span> <span class='ocrx_word' id='word_1_89' title='bbox 1407 1721 1502 1800; x_wconf 82' lang='lat' dir='ltr'><strong>lacta</strong></span> <span class='ocrx_word' id='word_1_90' title='bbox 1529 1722 1577 1800; x_wconf 88' lang='lat' dir='ltr'><strong>de</strong></span> <span class='ocrx_word' id='word_1_91' title='bbox 1598 1726 1748 1804; x_wconf 82' lang='lat' dir='ltr'><strong>statutis</strong></span> <span class='ocrx_word' id='word_1_92' title='bbox 1769 1745 1808 1804; x_wconf 90' lang='lat' dir='ltr'><strong>et</strong></span> 
     </span>
     <span class='ocr_line' id='line_1_11' title="bbox 377 1852 1807 1962; baseline 0.003 -32"><span class='ocrx_word' id='word_1_93' title='bbox 377 1855 528 1931; x_wconf 87' lang='lat' dir='ltr'><strong>secretis</strong></span> <span class='ocrx_word' id='word_1_94' title='bbox 554 1853 696 1932; x_wconf 78' lang='lat' dir='ltr'>ordinis</span> <span class='ocrx_word' id='word_1_95' title='bbox 721 1853 974 1942; x_wconf 85' lang='lat' dir='ltr'><strong>observandis,</strong></span> <span class='ocrx_word' id='word_1_96' title='bbox 995 1855 1075 1960; x_wconf 88' lang='lat' dir='ltr'><strong>ipse</strong></span> <span class='ocrx_word' id='word_1_97' title='bbox 1095 1852 1162 1960; x_wconf 90' lang='lat' dir='ltr'><strong>qui</strong></span> <span class='ocrx_word' id='word_1_98' title='bbox 1181 1853 1364 1960; x_wconf 89' lang='lat' dir='ltr'><strong>loquitur,</strong></span> <span class='ocrx_word' id='word_1_99' title='bbox 1388 1852 1437 1930; x_wconf 91' lang='lat' dir='ltr'><strong>de</strong></span> <span class='ocrx_word' id='word_1_100' title='bbox 1461 1853 1641 1932; x_wconf 79' lang='lat' dir='ltr'><strong>mandato</strong></span> <span class='ocrx_word' id='word_1_101' title='bbox 1662 1873 1702 1933; x_wconf 91' lang='lat' dir='ltr'><strong>et</strong></span> <span class='ocrx_word' id='word_1_102' title='bbox 1721 1885 1807 1962; x_wconf 88' lang='lat' dir='ltr'><strong>pre-</strong></span> 
     </span>
     <span class='ocr_line' id='line_1_12' title="bbox 379 1983 1812 2092; baseline 0.003 -30"><span class='ocrx_word' id='word_1_103' title='bbox 379 2003 485 2090; x_wconf 90' lang='lat' dir='ltr'><strong>cepto</strong></span> <span class='ocrx_word' id='word_1_104' title='bbox 507 1984 597 2063; x_wconf 87' lang='lat' dir='ltr'><strong>dicti</strong></span> <span class='ocrx_word' id='word_1_105' title='bbox 613 1984 842 2091; x_wconf 82' lang='lat' dir='ltr'><strong>recipientis,</strong></span> <span class='ocrx_word' id='word_1_106' title='bbox 859 1984 1005 2092; x_wconf 86' lang='lat' dir='ltr'><strong>negavit</strong></span> <span class='ocrx_word' id='word_1_107' title='bbox 1024 1983 1234 2072; x_wconf 75' lang='lat' dir='ltr'><strong>Christum,</strong></span> <span class='ocrx_word' id='word_1_108' title='bbox 1257 2001 1294 2062; x_wconf 88' lang='lat' dir='ltr'><strong>ct</strong></span> <span class='ocrx_word' id='word_1_109' title='bbox 1314 1985 1418 2091; x_wconf 80' lang='lat' dir='ltr'><strong>spuit</strong></span> <span class='ocrx_word' id='word_1_110' title='bbox 1434 2012 1547 2091; x_wconf 84' lang='lat' dir='ltr'><strong>supra</strong></span> <span class='ocrx_word' id='word_1_111' title='bbox 1567 2013 1722 2086; x_wconf 83' lang='lat' dir='ltr'><strong>crucem</strong></span> <span class='ocrx_word' id='word_1_112' title='bbox 1737 1988 1812 2066; x_wconf 85' lang='lat' dir='ltr'><strong>cle-</strong></span> 
     </span>
     <span class='ocr_line' id='line_1_13' title="bbox 376 2116 1807 2223; baseline 0.003 -31"><span class='ocrx_word' id='word_1_113' title='bbox 376 2116 489 2195; x_wconf 92' lang='lat' dir='ltr'><strong>midis</strong></span> <span class='ocrx_word' id='word_1_114' title='bbox 507 2144 574 2195; x_wconf 88' lang='lat' dir='ltr'><strong>sue</strong></span> <span class='ocrx_word' id='word_1_115' title='bbox 593 2116 726 2206; x_wconf 71' lang='lat' dir='ltr'><strong>semel,</strong></span> <span class='ocrx_word' id='word_1_116' title='bbox 748 2116 890 2204; x_wconf 91' lang='lat' dir='ltr'><strong>dicens,</strong></span> <span class='ocrx_word' id='word_1_117' title='bbox 911 2143 980 2221; x_wconf 92' lang='lat' dir='ltr'><strong>per</strong></span> <span class='ocrx_word' id='word_1_118' title='bbox 998 2119 1255 2223; x_wconf 79' lang='lat' dir='ltr'><strong>juramentum</strong></span> <span class='ocrx_word' id='word_1_119' title='bbox 1283 2143 1396 2193; x_wconf 87' lang='lat' dir='ltr'><strong>suum</strong></span> <span class='ocrx_word' id='word_1_120' title='bbox 1421 2143 1537 2221; x_wconf 87' lang='lat' dir='ltr'><strong>snper</strong></span> <span class='ocrx_word' id='word_1_121' title='bbox 1556 2116 1631 2194; x_wconf 92' lang='lat' dir='ltr'><strong>hoc</strong></span> <span class='ocrx_word' id='word_1_122' title='bbox 1658 2146 1678 2193; x_wconf 85' lang='lat' dir='ltr'><strong>s</strong></span> <span class='ocrx_word' id='word_1_123' title='bbox 1705 2119 1807 2197; x_wconf 90' lang='lat' dir='ltr'><strong>dicto</strong></span> 
     </span>
     <span class='ocr_line' id='line_1_14' title="bbox 375 2245 1806 2354; baseline 0.002 -30"><span class='ocrx_word' id='word_1_124' title='bbox 375 2249 529 2327; x_wconf 92' lang='lat' dir='ltr'><strong>domino</strong></span> <span class='ocrx_word' id='word_1_125' title='bbox 551 2247 771 2353; x_wconf 86' lang='lat' dir='ltr'><strong>inquisitore</strong></span> <span class='ocrx_word' id='word_1_126' title='bbox 796 2246 1013 2352; x_wconf 88' lang='lat' dir='ltr'><strong>repetitum,</strong></span> <span class='ocrx_word' id='word_1_127' title='bbox 1038 2245 1231 2322; x_wconf 85' lang='lat' dir='ltr'><strong>etiterum</strong></span> <span class='ocrx_word' id='word_1_128' title='bbox 1250 2245 1450 2351; x_wconf 88' lang='lat' dir='ltr'><strong>prestitum</strong></span> <span class='ocrx_word' id='word_1_129' title='bbox 1478 2245 1525 2324; x_wconf 83' lang='lat' dir='ltr'><strong>ab</strong></span> <span class='ocrx_word' id='word_1_130' title='bbox 1554 2247 1637 2352; x_wconf 93' lang='lat' dir='ltr'><strong>ipso</strong></span> <span class='ocrx_word' id='word_1_131' title='bbox 1662 2249 1806 2354; x_wconf 90' lang='lat' dir='ltr'><strong>priore,</strong></span> 
     </span>
     <span class='ocr_line' id='line_1_15' title="bbox 375 2374 1807 2485; baseline -0.001 -28"><span class='ocrx_word' id='word_1_132' title='bbox 375 2378 534 2485; x_wconf 91' lang='lat' dir='ltr'><strong>quodid</strong></span> <span class='ocrx_word' id='word_1_133' title='bbox 551 2377 655 2483; x_wconf 92' lang='lat' dir='ltr'><strong>quod</strong></span> <span class='ocrx_word' id='word_1_134' title='bbox 668 2374 856 2454; x_wconf 81' lang='lat' dir='ltr'><strong>consessus</strong></span> <span class='ocrx_word' id='word_1_135' title='bbox 874 2393 931 2455; x_wconf 91' lang='lat' dir='ltr'><strong>est</strong></span> <span class='ocrx_word' id='word_1_136' title='bbox 943 2403 1074 2453; x_wconf 84' lang='lat' dir='ltr'><strong>vemm</strong></span> <span class='ocrx_word' id='word_1_137' title='bbox 1095 2393 1166 2465; x_wconf 89' lang='lat' dir='ltr'><strong>est,</strong></span> <span class='ocrx_word' id='word_1_138' title='bbox 1190 2392 1227 2452; x_wconf 87' lang='lat' dir='ltr'><strong>et</strong></span> <span class='ocrx_word' id='word_1_139' title='bbox 1242 2375 1346 2481; x_wconf 91' lang='lat' dir='ltr'><strong>quod</strong></span> <span class='ocrx_word' id='word_1_140' title='bbox 1361 2376 1465 2454; x_wconf 83' lang='lat' dir='ltr'><strong>aliud</strong></span> <span class='ocrx_word' id='word_1_141' title='bbox 1481 2404 1598 2484; x_wconf 85' lang='lat' dir='ltr'><strong>quam</strong></span> <span class='ocrx_word' id='word_1_142' title='bbox 1612 2379 1807 2458; x_wconf 82' lang='lat' dir='ltr'><strong>veritatem</strong></span> 
     </span>
     <span class='ocr_line' id='line_1_16' title="bbox 374 2505 1337 2616; baseline -0.006 -28"><span class='ocrx_word' id='word_1_143' title='bbox 374 2513 426 2598; x_wconf 89' lang='lat' dir='ltr'><strong>vi,</strong></span> <span class='ocrx_word' id='word_1_144' title='bbox 448 2509 506 2588; x_wconf 89' lang='lat' dir='ltr'><strong>vel</strong></span> <span class='ocrx_word' id='word_1_145' title='bbox 526 2525 631 2586; x_wconf 90' lang='lat' dir='ltr'><strong>metu</strong></span> <span class='ocrx_word' id='word_1_146' title='bbox 645 2508 821 2616; x_wconf 89' lang='lat' dir='ltr'><strong>prisionis</strong></span> <span class='ocrx_word' id='word_1_147' title='bbox 841 2524 904 2584; x_wconf 81' lang='lat' dir='ltr'><strong>aut</strong></span> <span class='ocrx_word' id='word_1_148' title='bbox 923 2506 1117 2594; x_wconf 88' lang='lat' dir='ltr'><strong>tormenti,</strong></span> <span class='ocrx_word' id='word_1_149' title='bbox 1136 2533 1211 2583; x_wconf 93' lang='lat' dir='ltr'><strong>non</strong></span> <span class='ocrx_word' id='word_1_150' title='bbox 1234 2505 1337 2584; x_wconf 85' lang='lat' dir='ltr'><strong>dixit.</strong></span> 
     </span>
    </p>

    <p class='ocr_par' dir='ltr' id='par_1_3' title="bbox 379 2633 1807 2876">
     <span class='ocr_line' id='line_1_17' title="bbox 432 2633 1807 2746; baseline 0.001 -29"><span class='ocrx_word' id='word_1_151' title='bbox 432 2641 565 2717; x_wconf 82' lang='lat' dir='ltr'><strong>Actum</strong></span> <span class='ocrx_word' id='word_1_152' title='bbox 592 2637 830 2746; x_wconf 82' lang='lat' dir='ltr'><strong>presentibus</strong></span> <span class='ocrx_word' id='word_1_153' title='bbox 859 2636 967 2714; x_wconf 92' lang='lat' dir='ltr'><strong>dictis</strong></span> <span class='ocrx_word' id='word_1_154' title='bbox 998 2633 1110 2712; x_wconf 84' lang='lat' dir='ltr'><strong>fratre</strong></span> <span class='ocrx_word' id='word_1_155' title='bbox 1137 2634 1364 2742; x_wconf 85' lang='lat' dir='ltr'><strong>Reginsldo,</strong></span> <span class='ocrx_word' id='word_1_156' title='bbox 1393 2636 1520 2742; x_wconf 88' lang='lat' dir='ltr'><strong>priore</strong></span> <span class='ocrx_word' id='word_1_157' title='bbox 1548 2638 1598 2716; x_wconf 86' lang='lat' dir='ltr'><strong>de</strong></span> <span class='ocrx_word' id='word_1_158' title='bbox 1626 2639 1807 2730; x_wconf 85' lang='lat' dir='ltr'><strong>Pissinco,</strong></span> 
     </span>
     <span class='ocr_line' id='line_1_18' title="bbox 379 2764 1748 2876; baseline -0.001 -27"><span class='ocrx_word' id='word_1_159' title='bbox 379 2768 583 2849; x_wconf 90' lang='lat' dir='ltr'><strong>Guillelmo</strong></span> <span class='ocrx_word' id='word_1_160' title='bbox 600 2770 646 2846; x_wconf 87' lang='lat' dir='ltr'><strong>de</strong></span> <span class='ocrx_word' id='word_1_161' title='bbox 665 2770 865 2875; x_wconf 83' lang='lat' dir='ltr'><strong>Hengesto,</strong></span> <span class='ocrx_word' id='word_1_162' title='bbox 890 2784 927 2844; x_wconf 90' lang='lat' dir='ltr'><strong>et</strong></span> <span class='ocrx_word' id='word_1_163' title='bbox 945 2766 1027 2844; x_wconf 83' lang='lat' dir='ltr'><strong>aliis</strong></span> <span class='ocrx_word' id='word_1_164' title='bbox 1045 2765 1205 2844; x_wconf 85' lang='lat' dir='ltr'><strong>testibus</strong></span> <span class='ocrx_word' id='word_1_165' title='bbox 1225 2765 1273 2843; x_wconf 85' lang='lat' dir='ltr'><strong>ad</strong></span> <span class='ocrx_word' id='word_1_166' title='bbox 1293 2764 1368 2845; x_wconf 91' lang='lat' dir='ltr'><strong>hoc</strong></span> <span class='ocrx_word' id='word_1_167' title='bbox 1385 2767 1524 2845; x_wconf 83' lang='lat' dir='ltr'><strong>vocetis</strong></span> <span class='ocrx_word' id='word_1_168' title='bbox 1539 2787 1577 2846; x_wconf 88' lang='lat' dir='ltr'><strong>et</strong></span> <span class='ocrx_word' id='word_1_169' title='bbox 1597 2771 1748 2876; x_wconf 87' lang='lat' dir='ltr'><strong>rogatis.</strong></span> 
     </span>
    </p>
   </div>
   <div class='ocr_carea' id='block_1_3' title="bbox 375 3029 1810 4965">
    <p class='ocr_par' dir='ltr' id='par_1_4' title="bbox 375 3029 1810 4965">
     <span class='ocr_line' id='line_1_19' title="bbox 432 3029 1809 3138; baseline 0.001 -29"><span class='ocrx_word' id='word_1_170' title='bbox 432 3037 522 3112; x_wconf 87' lang='lat' dir='ltr'><strong>Item</strong></span> <span class='ocrx_word' id='word_1_171' title='bbox 544 3063 657 3122; x_wconf 86' lang='lat' dir='ltr'><strong>anno,</strong></span> <span class='ocrx_word' id='word_1_172' title='bbox 680 3033 885 3121; x_wconf 88' lang='lat' dir='ltr'><strong>indicione,</strong></span> <span class='ocrx_word' id='word_1_173' title='bbox 907 3029 1147 3138; x_wconf 82' lang='lat' dir='ltr'><strong>pontificatu,</strong></span> <span class='ocrx_word' id='word_1_174' title='bbox 1170 3056 1270 3109; x_wconf 79' lang='lat' dir='ltr'><strong>anno</strong></span> <span class='ocrx_word' id='word_1_175' title='bbox 1291 3049 1329 3108; x_wconf 88' lang='lat' dir='ltr'><strong>et</strong></span> <span class='ocrx_word' id='word_1_176' title='bbox 1348 3030 1412 3109; x_wconf 85' lang='lat' dir='ltr'><strong>die</strong></span> <span class='ocrx_word' id='word_1_177' title='bbox 1429 3031 1624 3138; x_wconf 83' lang='lat' dir='ltr'><strong>predictis,</strong></span> <span class='ocrx_word' id='word_1_178' title='bbox 1647 3034 1688 3111; x_wconf 93' lang='lat' dir='ltr'><strong>in</strong></span> <span class='ocrx_word' id='word_1_179' title='bbox 1710 3033 1809 3112; x_wconf 77' lang='lat' dir='ltr'><strong>dicta</strong></span> 
     </span>
     <span class='ocr_line' id='line_1_20' title="bbox 377 3161 1810 3271; baseline 0.003 -33"><span class='ocrx_word' id='word_1_180' title='bbox 377 3164 490 3241; x_wconf 93' lang='lat' dir='ltr'><strong>domo</strong></span> <span class='ocrx_word' id='word_1_181' title='bbox 510 3163 658 3271; x_wconf 87' lang='lat' dir='ltr'><strong>Templi</strong></span> <span class='ocrx_word' id='word_1_182' title='bbox 686 3163 866 3252; x_wconf 87' lang='lat' dir='ltr'><strong>Parisius,</strong></span> <span class='ocrx_word' id='word_1_183' title='bbox 893 3162 932 3238; x_wconf 92' lang='lat' dir='ltr'><strong>in</strong></span> <span class='ocrx_word' id='word_1_184' title='bbox 954 3161 1043 3239; x_wconf 90' lang='lat' dir='ltr'><strong>dicti</strong></span> <span class='ocrx_word' id='word_1_185' title='bbox 1065 3161 1210 3238; x_wconf 90' lang='lat' dir='ltr'><strong>domiui</strong></span> <span class='ocrx_word' id='word_1_186' title='bbox 1235 3161 1485 3268; x_wconf 86' lang='lat' dir='ltr'><strong>inquisitoris,</strong></span> <span class='ocrx_word' id='word_1_187' title='bbox 1507 3180 1681 3243; x_wconf 88' lang='lat' dir='ltr'><strong>nostrum</strong></span> <span class='ocrx_word' id='word_1_188' title='bbox 1702 3183 1810 3242; x_wconf 81' lang='lat' dir='ltr'><strong>nott-</strong></span> 
     </span>
     <span class='ocr_line' id='line_1_21' title="bbox 376 3289 1809 3400; baseline 0.001 -32"><span class='ocrx_word' id='word_1_189' title='bbox 376 3295 518 3370; x_wconf 89' lang='lat' dir='ltr'><strong>riorum</strong></span> <span class='ocrx_word' id='word_1_190' title='bbox 535 3293 773 3400; x_wconf 88' lang='lat' dir='ltr'><strong>publicorum</strong></span> <span class='ocrx_word' id='word_1_191' title='bbox 792 3312 829 3370; x_wconf 91' lang='lat' dir='ltr'><strong>et</strong></span> <span class='ocrx_word' id='word_1_192' title='bbox 843 3293 997 3370; x_wconf 88' lang='lat' dir='ltr'><strong>testium</strong></span> <span class='ocrx_word' id='word_1_193' title='bbox 1014 3289 1336 3397; x_wconf 80' lang='lat' dir='ltr'><strong>infrascriptorum</strong></span> <span class='ocrx_word' id='word_1_194' title='bbox 1350 3293 1545 3398; x_wconf 83' lang='lat' dir='ltr'><strong>presencia</strong></span> <span class='ocrx_word' id='word_1_195' title='bbox 1563 3295 1809 3400; x_wconf 77' lang='lat' dir='ltr'><strong>personaliter</strong></span> 
     </span>
     <span class='ocr_line' id='line_1_22' title="bbox 378 3420 1807 3530; baseline 0.001 -29"><span class='ocrx_word' id='word_1_196' title='bbox 378 3426 600 3502; x_wconf 89' lang='lat' dir='ltr'><strong>constitutus</strong></span> <span class='ocrx_word' id='word_1_197' title='bbox 619 3423 733 3500; x_wconf 83' lang='lat' dir='ltr'><strong>freter</strong></span> <span class='ocrx_word' id='word_1_198' title='bbox 752 3421 879 3502; x_wconf 91' lang='lat' dir='ltr'><strong>Guido</strong></span> <span class='ocrx_word' id='word_1_199' title='bbox 898 3420 1113 3528; x_wconf 86' lang='lat' dir='ltr'><strong>Delphinus</strong></span> <span class='ocrx_word' id='word_1_200' title='bbox 1137 3421 1263 3512; x_wconf 90' lang='lat' dir='ltr'><strong>miles,</strong></span> <span class='ocrx_word' id='word_1_201' title='bbox 1283 3423 1431 3530; x_wconf 84' lang='lat' dir='ltr'><strong>juratus</strong></span> <span class='ocrx_word' id='word_1_202' title='bbox 1456 3423 1594 3501; x_wconf 89' lang='lat' dir='ltr'><strong>eodem</strong></span> <span class='ocrx_word' id='word_1_203' title='bbox 1622 3425 1739 3502; x_wconf 91' lang='lat' dir='ltr'><strong>modo</strong></span> <span class='ocrx_word' id='word_1_204' title='bbox 1760 3425 1807 3503; x_wconf 92' lang='lat' dir='ltr'><strong>de</strong></span> 
     </span>
     <span class='ocr_line' id='line_1_23' title="bbox 376 3549 1806 3661; baseline -0.001 -29"><span class='ocrx_word' id='word_1_205' title='bbox 376 3583 415 3632; x_wconf 92' lang='lat' dir='ltr'><strong>se</strong></span> <span class='ocrx_word' id='word_1_206' title='bbox 431 3573 468 3632; x_wconf 86' lang='lat' dir='ltr'><strong>et</strong></span> <span class='ocrx_word' id='word_1_207' title='bbox 488 3555 536 3631; x_wconf 87' lang='lat' dir='ltr'><strong>de</strong></span> <span class='ocrx_word' id='word_1_208' title='bbox 554 3553 636 3632; x_wconf 82' lang='lat' dir='ltr'><strong>eliis</strong></span> <span class='ocrx_word' id='word_1_209' title='bbox 657 3572 694 3630; x_wconf 90' lang='lat' dir='ltr'><strong>et</strong></span> <span class='ocrx_word' id='word_1_210' title='bbox 714 3554 812 3632; x_wconf 82' lang='lat' dir='ltr'><strong>dicto</strong></span> <span class='ocrx_word' id='word_1_211' title='bbox 827 3581 935 3630; x_wconf 84' lang='lat' dir='ltr'><strong>causa</strong></span> <span class='ocrx_word' id='word_1_212' title='bbox 954 3549 1044 3629; x_wconf 86' lang='lat' dir='ltr'><strong>fidei</strong></span> <span class='ocrx_word' id='word_1_213' title='bbox 1066 3551 1233 3660; x_wconf 83' lang='lat' dir='ltr'><strong>plenam,</strong></span> <span class='ocrx_word' id='word_1_214' title='bbox 1255 3580 1389 3659; x_wconf 83' lang='lat' dir='ltr'><strong>puram</strong></span> <span class='ocrx_word' id='word_1_215' title='bbox 1411 3569 1450 3630; x_wconf 88' lang='lat' dir='ltr'><strong>et</strong></span> <span class='ocrx_word' id='word_1_216' title='bbox 1473 3552 1657 3661; x_wconf 77' lang='lat' dir='ltr'><strong>integram</strong></span> <span class='ocrx_word' id='word_1_217' title='bbox 1679 3555 1806 3634; x_wconf 89' lang='lat' dir='ltr'><strong>dicere</strong></span> 
     </span>
     <span class='ocr_line' id='line_1_24' title="bbox 375 3681 1808 3790; baseline 0.002 -31"><span class='ocrx_word' id='word_1_218' title='bbox 375 3687 587 3774; x_wconf 86' lang='lat' dir='ltr'><strong>veritatem,</strong></span> <span class='ocrx_word' id='word_1_219' title='bbox 611 3701 648 3760; x_wconf 89' lang='lat' dir='ltr'><strong>et</strong></span> <span class='ocrx_word' id='word_1_220' title='bbox 667 3684 914 3789; x_wconf 80' lang='lat' dir='ltr'><strong>interrogatus</strong></span> <span class='ocrx_word' id='word_1_221' title='bbox 929 3681 976 3758; x_wconf 88' lang='lat' dir='ltr'><strong>de</strong></span> <span class='ocrx_word' id='word_1_222' title='bbox 994 3699 1165 3787; x_wconf 84' lang='lat' dir='ltr'><strong>tempore</strong></span> <span class='ocrx_word' id='word_1_223' title='bbox 1179 3700 1217 3761; x_wconf 88' lang='lat' dir='ltr'><strong>et</strong></span> <span class='ocrx_word' id='word_1_224' title='bbox 1225 3683 1341 3762; x_wconf 94' lang='lat' dir='ltr'><strong>modo</strong></span> <span class='ocrx_word' id='word_1_225' title='bbox 1356 3683 1588 3790; x_wconf 85' lang='lat' dir='ltr'><strong>recepcionis</strong></span> <span class='ocrx_word' id='word_1_226' title='bbox 1609 3713 1694 3773; x_wconf 89' lang='lat' dir='ltr'><strong>sue,</strong></span> <span class='ocrx_word' id='word_1_227' title='bbox 1715 3685 1808 3762; x_wconf 84' lang='lat' dir='ltr'><strong>dixit</strong></span> 
     </span>
     <span class='ocr_line' id='line_1_25' title="bbox 375 3811 1810 3924; baseline 0 -32"><span class='ocrx_word' id='word_1_228' title='bbox 375 3844 443 3921; x_wconf 92' lang='lat' dir='ltr'><strong>per</strong></span> <span class='ocrx_word' id='word_1_229' title='bbox 457 3818 716 3924; x_wconf 78' lang='lat' dir='ltr'><strong>juramentum</strong></span> <span class='ocrx_word' id='word_1_230' title='bbox 736 3841 864 3901; x_wconf 90' lang='lat' dir='ltr'><strong>suum,</strong></span> <span class='ocrx_word' id='word_1_231' title='bbox 880 3811 985 3919; x_wconf 91' lang='lat' dir='ltr'><strong>quod</strong></span> <span class='ocrx_word' id='word_1_232' title='bbox 999 3829 1174 3920; x_wconf 87' lang='lat' dir='ltr'><strong>receptus</strong></span> <span class='ocrx_word' id='word_1_233' title='bbox 1189 3811 1263 3892; x_wconf 81' lang='lat' dir='ltr'><strong>fuit</strong></span> <span class='ocrx_word' id='word_1_234' title='bbox 1281 3815 1321 3891; x_wconf 94' lang='lat' dir='ltr'><strong>in</strong></span> <span class='ocrx_word' id='word_1_235' title='bbox 1341 3814 1477 3892; x_wconf 87' lang='lat' dir='ltr'><strong>ordine</strong></span> <span class='ocrx_word' id='word_1_236' title='bbox 1492 3814 1665 3921; x_wconf 88' lang='lat' dir='ltr'><strong>predicto</strong></span> <span class='ocrx_word' id='word_1_237' title='bbox 1681 3815 1720 3892; x_wconf 91' lang='lat' dir='ltr'><strong>in</strong></span> <span class='ocrx_word' id='word_1_238' title='bbox 1738 3815 1810 3893; x_wconf 66' lang='lat' dir='ltr'><strong>An,</strong></span> 
     </span>
     <span class='ocr_line' id='line_1_26' title="bbox 376 3940 1807 4052; baseline -0.001 -30"><span class='ocrx_word' id='word_1_239' title='bbox 376 3949 517 4034; x_wconf 82' lang='lat' dir='ltr'><strong>vernia,</strong></span> <span class='ocrx_word' id='word_1_240' title='bbox 533 3947 572 4022; x_wconf 93' lang='lat' dir='ltr'><strong>in</strong></span> <span class='ocrx_word' id='word_1_241' title='bbox 592 3943 753 4052; x_wconf 70' lang='lat' dir='ltr'><strong>quisdam</strong></span> <span class='ocrx_word' id='word_1_242' title='bbox 769 3944 884 4021; x_wconf 90' lang='lat' dir='ltr'><strong>domo</strong></span> <span class='ocrx_word' id='word_1_243' title='bbox 907 3941 996 4018; x_wconf 88' lang='lat' dir='ltr'><strong>dicti</strong></span> <span class='ocrx_word' id='word_1_244' title='bbox 1017 3940 1157 4020; x_wconf 90' lang='lat' dir='ltr'><strong>ordinis</strong></span> <span class='ocrx_word' id='word_1_245' title='bbox 1176 3961 1302 4022; x_wconf 80' lang='lat' dir='ltr'><strong>vocata</strong></span> <span class='ocrx_word' id='word_1_246' title='bbox 1326 3944 1362 4022; x_wconf 86' lang='lat' dir='ltr'><strong>la</strong></span> <span class='ocrx_word' id='word_1_247' title='bbox 1382 3945 1561 4036; x_wconf 82' lang='lat' dir='ltr'><strong>Vausete,</strong></span> <span class='ocrx_word' id='word_1_248' title='bbox 1593 3943 1725 4050; x_wconf 88' lang='lat' dir='ltr'><strong>viginti</strong></span> <span class='ocrx_word' id='word_1_249' title='bbox 1744 3971 1807 4022; x_wconf 85' lang='lat' dir='ltr'><strong>sex</strong></span> 
     </span>
     <span class='ocr_line' id='line_1_27' title="bbox 379 4070 1805 4180; baseline 0.001 -29"><span class='ocrx_word' id='word_1_250' title='bbox 379 4078 485 4153; x_wconf 86' lang='lat' dir='ltr'><strong>anuis</strong></span> <span class='ocrx_word' id='word_1_251' title='bbox 503 4075 562 4153; x_wconf 85' lang='lat' dir='ltr'><strong>vel</strong></span> <span class='ocrx_word' id='word_1_252' title='bbox 581 4076 678 4152; x_wconf 83' lang='lat' dir='ltr'><strong>circa</strong></span> <span class='ocrx_word' id='word_1_253' title='bbox 698 4070 849 4180; x_wconf 81' lang='lat' dir='ltr'><strong>elapsis,</strong></span> <span class='ocrx_word' id='word_1_254' title='bbox 870 4097 938 4176; x_wconf 87' lang='lat' dir='ltr'><strong>per</strong></span> <span class='ocrx_word' id='word_1_255' title='bbox 952 4070 1102 4149; x_wconf 80' lang='lat' dir='ltr'><strong>fratrem</strong></span> <span class='ocrx_word' id='word_1_256' title='bbox 1121 4073 1353 4154; x_wconf 77' lang='lat' dir='ltr'><strong>Frontonem</strong></span> <span class='ocrx_word' id='word_1_257' title='bbox 1373 4073 1422 4152; x_wconf 92' lang='lat' dir='ltr'><strong>de</strong></span> <span class='ocrx_word' id='word_1_258' title='bbox 1441 4074 1601 4164; x_wconf 89' lang='lat' dir='ltr'><strong>Bomio,</strong></span> <span class='ocrx_word' id='word_1_259' title='bbox 1624 4103 1805 4153; x_wconf 86' lang='lat' dir='ltr'><strong>unacum</strong></span> 
     </span>
     <span class='ocr_line' id='line_1_28' title="bbox 379 4199 1806 4312; baseline 0 -32"><span class='ocrx_word' id='word_1_260' title='bbox 379 4204 529 4283; x_wconf 92' lang='lat' dir='ltr'><strong>duobus</strong></span> <span class='ocrx_word' id='word_1_261' title='bbox 549 4204 630 4281; x_wconf 85' lang='lat' dir='ltr'><strong>aliis</strong></span> <span class='ocrx_word' id='word_1_262' title='bbox 646 4201 822 4280; x_wconf 78' lang='lat' dir='ltr'><strong>tratribus</strong></span> <span class='ocrx_word' id='word_1_263' title='bbox 841 4199 1037 4306; x_wconf 78' lang='lat' dir='ltr'><strong>capellanis</strong></span> <span class='ocrx_word' id='word_1_264' title='bbox 1054 4201 1119 4308; x_wconf 90' lang='lat' dir='ltr'><strong>qui</strong></span> <span class='ocrx_word' id='word_1_265' title='bbox 1139 4202 1294 4283; x_wconf 84' lang='lat' dir='ltr'><strong>luerunt</strong></span> <span class='ocrx_word' id='word_1_266' title='bbox 1311 4205 1454 4312; x_wconf 84' lang='lat' dir='ltr'><strong>recepti</strong></span> <span class='ocrx_word' id='word_1_267' title='bbox 1476 4231 1563 4281; x_wconf 89' lang='lat' dir='ltr'><strong>oum</strong></span> <span class='ocrx_word' id='word_1_268' title='bbox 1590 4232 1637 4282; x_wconf 91' lang='lat' dir='ltr'><strong>eo</strong></span> <span class='ocrx_word' id='word_1_269' title='bbox 1661 4233 1733 4312; x_wconf 88' lang='lat' dir='ltr'><strong>per</strong></span> <span class='ocrx_word' id='word_1_270' title='bbox 1752 4203 1806 4281; x_wconf 92' lang='lat' dir='ltr'><strong>di-</strong></span> 
     </span>
     <span class='ocr_line' id='line_1_29' title="bbox 378 4331 1807 4444; baseline 0 -32"><span class='ocrx_word' id='word_1_271' title='bbox 378 4355 479 4414; x_wconf 87' lang='lat' dir='ltr'><strong>ctum</strong></span> <span class='ocrx_word' id='word_1_272' title='bbox 496 4335 647 4412; x_wconf 78' lang='lat' dir='ltr'><strong>fratrem</strong></span> <span class='ocrx_word' id='word_1_273' title='bbox 665 4335 907 4410; x_wconf 78' lang='lat' dir='ltr'><strong>Frontonem.</strong></span> <span class='ocrx_word' id='word_1_274' title='bbox 933 4331 980 4408; x_wconf 87' lang='lat' dir='ltr'><strong>Et</strong></span> <span class='ocrx_word' id='word_1_275' title='bbox 1006 4331 1195 4414; x_wconf 84' lang='lat' dir='ltr'><strong>consessus</strong></span> <span class='ocrx_word' id='word_1_276' title='bbox 1220 4335 1291 4412; x_wconf 86' lang='lat' dir='ltr'><strong>fuit</strong></span> <span class='ocrx_word' id='word_1_277' title='bbox 1316 4352 1353 4412; x_wconf 90' lang='lat' dir='ltr'><strong>et</strong></span> <span class='ocrx_word' id='word_1_278' title='bbox 1371 4336 1588 4443; x_wconf 86' lang='lat' dir='ltr'><strong>recognovit</strong></span> <span class='ocrx_word' id='word_1_279' title='bbox 1610 4362 1680 4441; x_wconf 90' lang='lat' dir='ltr'><strong>per</strong></span> <span class='ocrx_word' id='word_1_280' title='bbox 1702 4337 1807 4444; x_wconf 81' lang='lat' dir='ltr'><strong>jura-</strong></span> 
     </span>
     <span class='ocr_line' id='line_1_30' title="bbox 378 4462 1804 4572; baseline 0 -28"><span class='ocrx_word' id='word_1_281' title='bbox 378 4485 549 4546; x_wconf 90' lang='lat' dir='ltr'><strong>mentum</strong></span> <span class='ocrx_word' id='word_1_282' title='bbox 565 4492 675 4544; x_wconf 90' lang='lat' dir='ltr'><strong>suum</strong></span> <span class='ocrx_word' id='word_1_283' title='bbox 695 4462 817 4572; x_wconf 91' lang='lat' dir='ltr'><strong>quod,</strong></span> <span class='ocrx_word' id='word_1_284' title='bbox 835 4491 881 4542; x_wconf 91' lang='lat' dir='ltr'><strong>eo</strong></span> <span class='ocrx_word' id='word_1_285' title='bbox 900 4480 1066 4568; x_wconf 88' lang='lat' dir='ltr'><strong>recepto,</strong></span> <span class='ocrx_word' id='word_1_286' title='bbox 1084 4464 1334 4569; x_wconf 88' lang='lat' dir='ltr'><strong>promissione</strong></span> <span class='ocrx_word' id='word_1_287' title='bbox 1348 4465 1394 4544; x_wconf 87' lang='lat' dir='ltr'><strong>ab</strong></span> <span class='ocrx_word' id='word_1_288' title='bbox 1408 4464 1563 4544; x_wconf 83' lang='lat' dir='ltr'><strong>colecta</strong></span> <span class='ocrx_word' id='word_1_289' title='bbox 1582 4465 1631 4544; x_wconf 90' lang='lat' dir='ltr'><strong>de</strong></span> <span class='ocrx_word' id='word_1_290' title='bbox 1642 4467 1804 4555; x_wconf 75' lang='lat' dir='ltr'><strong>statutis,</strong></span> 
     </span>
     <span class='ocr_line' id='line_1_31' title="bbox 378 4592 1808 4686; baseline -0.001 -11"><span class='ocrx_word' id='word_1_291' title='bbox 378 4594 711 4678; x_wconf 90' lang='lat' dir='ltr'><strong>consuetudinibus</strong></span> <span class='ocrx_word' id='word_1_292' title='bbox 733 4611 772 4672; x_wconf 92' lang='lat' dir='ltr'><strong>et</strong></span> <span class='ocrx_word' id='word_1_293' title='bbox 793 4592 943 4672; x_wconf 88' lang='lat' dir='ltr'><strong>secretis</strong></span> <span class='ocrx_word' id='word_1_294' title='bbox 963 4592 1106 4673; x_wconf 86' lang='lat' dir='ltr'><strong>ordinis</strong></span> <span class='ocrx_word' id='word_1_295' title='bbox 1125 4593 1381 4686; x_wconf 81' lang='lat' dir='ltr'><strong>observandis,</strong></span> <span class='ocrx_word' id='word_1_296' title='bbox 1405 4613 1443 4674; x_wconf 89' lang='lat' dir='ltr'><strong>et</strong></span> <span class='ocrx_word' id='word_1_297' title='bbox 1462 4595 1645 4674; x_wconf 85' lang='lat' dir='ltr'><strong>mantello</strong></span> <span class='ocrx_word' id='word_1_298' title='bbox 1666 4596 1737 4675; x_wconf 89' lang='lat' dir='ltr'><strong>sibi</strong></span> <span class='ocrx_word' id='word_1_299' title='bbox 1758 4597 1808 4674; x_wconf 85' lang='lat' dir='ltr'><strong>ad</strong></span> 
     </span>
     <span class='ocr_line' id='line_1_32' title="bbox 377 4722 1807 4834; baseline -0.001 -26"><span class='ocrx_word' id='word_1_300' title='bbox 377 4729 517 4808; x_wconf 90' lang='lat' dir='ltr'><strong>collum</strong></span> <span class='ocrx_word' id='word_1_301' title='bbox 539 4726 677 4834; x_wconf 92' lang='lat' dir='ltr'><strong>posito,</strong></span> <span class='ocrx_word' id='word_1_302' title='bbox 703 4722 894 4832; x_wconf 89' lang='lat' dir='ltr'><strong>predictus</strong></span> <span class='ocrx_word' id='word_1_303' title='bbox 915 4725 1098 4830; x_wconf 91' lang='lat' dir='ltr'><strong>recipiens</strong></span> <span class='ocrx_word' id='word_1_304' title='bbox 1123 4724 1227 4802; x_wconf 83' lang='lat' dir='ltr'><strong>duxit</strong></span> <span class='ocrx_word' id='word_1_305' title='bbox 1256 4753 1344 4804; x_wconf 90' lang='lat' dir='ltr'><strong>eum</strong></span> <span class='ocrx_word' id='word_1_306' title='bbox 1373 4726 1421 4804; x_wconf 86' lang='lat' dir='ltr'><strong>ad</strong></span> <span class='ocrx_word' id='word_1_307' title='bbox 1448 4728 1655 4834; x_wconf 87' lang='lat' dir='ltr'><strong>quemdam</strong></span> <span class='ocrx_word' id='word_1_308' title='bbox 1679 4727 1807 4806; x_wconf 91' lang='lat' dir='ltr'><strong>locum</strong></span> 
     </span>
     <span class='ocr_line' id='line_1_33' title="bbox 377 4854 1807 4965; baseline -0.003 -25"><span class='ocrx_word' id='word_1_309' title='bbox 377 4862 599 4948; x_wconf 89' lang='lat' dir='ltr'><strong>obscurum,</strong></span> <span class='ocrx_word' id='word_1_310' title='bbox 617 4873 671 4948; x_wconf 90' lang='lat' dir='ltr'><strong>et,</strong></span> <span class='ocrx_word' id='word_1_311' title='bbox 686 4874 832 4937; x_wconf 88' lang='lat' dir='ltr'><strong>ostensa</strong></span> <span class='ocrx_word' id='word_1_312' title='bbox 852 4854 923 4932; x_wconf 93' lang='lat' dir='ltr'><strong>sibi</strong></span> <span class='ocrx_word' id='word_1_313' title='bbox 948 4882 1073 4944; x_wconf 92' lang='lat' dir='ltr'><strong>cruce,</strong></span> <span class='ocrx_word' id='word_1_314' title='bbox 1095 4856 1262 4961; x_wconf 85' lang='lat' dir='ltr'><strong>precepit</strong></span> <span class='ocrx_word' id='word_1_315' title='bbox 1280 4856 1352 4935; x_wconf 86' lang='lat' dir='ltr'><strong>sibi</strong></span> <span class='ocrx_word' id='word_1_316' title='bbox 1369 4856 1475 4965; x_wconf 92' lang='lat' dir='ltr'><strong>qnod</strong></span> <span class='ocrx_word' id='word_1_317' title='bbox 1494 4857 1696 4965; x_wconf 81' lang='lat' dir='ltr'><strong>abnegaret</strong></span> <span class='ocrx_word' id='word_1_318' title='bbox 1714 4887 1807 4965; x_wconf 90' lang='lat' dir='ltr'><strong>pro-</strong></span> 
     </span>
    </p>
   </div>
   <div class='ocr_carea' id='block_1_4' title="bbox 0 0 2126 5890">
    <p class='ocr_par' dir='ltr' id='par_1_5' title="bbox 0 0 2126 5890">
     <span class='ocr_line' id='line_1_34' title="bbox 0 0 2126 5890; baseline 0 0"><span class='ocrx_word' id='word_1_319' title='bbox 0 0 2126 5890; x_wconf 95' lang='lat' dir='ltr'><strong> </strong></span> 
     </span>
    </p>
   </div>
  </div>
 </body>
</html>
