4320 5898
719 474 916 566 rnocss
943 493 1039 564 uns
1064 490 1366 564 rennuens.
1709 491 1756 562 55

330 653 507 762 expositis
525 652 596 730 sibi
617 651 797 730 omnibus
817 670 855 728 et
881 649 1039 759 singulis
1059 650 1241 740 articulis,
1266 648 1462 756 respondit
1481 650 1586 754 quod
1606 651 1756 729 nullum

329 783 609 863 aliumviderat
627 784 741 890 recipi
762 785 800 859 in
819 782 971 874 ordine,
994 809 1064 858 nec
1080 781 1253 889 capitulis
1272 781 1495 859 interfuerat
1515 784 1755 870 eorumdem,

330 915 526 994 undenso
548 913 709 1003 sciebat,
737 941 807 990 nec
832 914 1024 1004 credebat,
1047 941 1117 990 nec
1134 913 1327 990 audiverat
1342 911 1416 989 dici
1444 912 1491 989 de
1514 916 1699 993 contentis
1720 919 1758 994 in

331 1047 441 1124 dictis
466 1043 632 1122 articulis
652 1044 722 1121 nisi
743 1045 850 1152 quod
877 1045 1059 1151 sequitur.
1089 1043 1190 1121 Dixit
1215 1043 1317 1119 euim
1341 1071 1381 1121 se
1405 1041 1520 1122 fuisse
1546 1062 1757 1152 receptum,

332 1179 426 1254 circa
451 1175 591 1254 festum
617 1173 801 1253 Omnium
823 1176 1053 1253 Sanctorum
1078 1173 1251 1278 proximo
1271 1175 1495 1280 preteritum
1520 1175 1676 1254 fuerunt
1696 1206 1758 1257 vru

331 1308 419 1385 anni
432 1306 490 1384 vel
503 1307 613 1395 circa,
636 1307 675 1382 in
688 1306 851 1414 quadam
864 1307 947 1383 aula
961 1306 1100 1383 domus
1112 1305 1262 1412 Templi
1277 1306 1324 1384 de
1339 1306 1466 1384 Brolio
1480 1309 1760 1388 Catbalanensis

332 1437 507 1526 diocesis,
529 1463 598 1544 per
617 1436 770 1514 fratrem
790 1439 971 1514 Porcium
995 1437 1042 1513 de
1064 1439 1192 1544 Longo
1210 1437 1354 1542 Campo
1367 1437 1543 1524 militem,
1566 1441 1760 1546 quondam

332 1586 593 1675 preceptorem
615 1567 713 1646 dicte
730 1567 888 1660 domus,
915 1566 1155 1673 presentibus
1174 1565 1350 1643 fratribus
1374 1569 1545 1647 Jobaune
1566 1571 1614 1647 de
1633 1572 1758 1664 Buris,

332 1699 544 1805 presbitero
565 1699 664 1776 dicte
686 1699 839 1788 domus,
862 1715 901 1774 et
918 1697 1082 1777 Geraldo
1101 1698 1293 1790 servienti,
1316 1698 1423 1805 cujus
1437 1727 1647 1804 cognomen
1663 1703 1763 1810 igno-

334 1847 407 1918 rat,
432 1831 501 1937 qui
527 1831 747 1908 morabatur
773 1829 873 1935 aped
906 1827 1041 1906 Malam
1065 1828 1237 1905 ¹Domum
1273 1828 1444 1938 ejusdem
1471 1830 1654 1920 diocesis,
1682 1832 1763 1910 del-

334 1959 488 2048 lunctis3
519 1990 538 2036 a
567 1989 645 2066 quo
675 1976 870 2066 receptore
901 1957 1013 2064 peciit
1042 1959 1225 2036 instanter
1251 1975 1291 2035 et
1315 1957 1533 2065 frequenter
1563 1990 1698 2066 panem
1727 1981 1763 2041 et

336 2117 489 2196 aquam,
516 2091 730 2167 societatem
754 2106 791 2167 et
815 2117 1021 2196 pauperem
1037 2090 1219 2166 vestitum
1239 2089 1399 2180 ordinis,
1424 2090 1531 2166 etde
1556 2095 1763 2170 astancium

336 2219 492 2298 consilio
513 2220 583 2298 sibi
600 2221 800 2309 concessis,
822 2219 991 2325 predicto
1006 2219 1047 2294 ei
1070 2218 1184 2324 quod
1195 2218 1291 2295 bene
1308 2219 1550 2310 deliberaret,
1567 2220 1654 2298 lecit
1676 2249 1762 2298 eum

333 2377 466 2426 vovere
482 2366 520 2425 et
529 2351 893 2458 jurarecastitatem,
911 2348 1185 2436 obedienciam,
1198 2350 1326 2426 vivere
1342 2351 1422 2426 siue
1434 2351 1605 2456 proprio,
1618 2380 1762 2429 servare

334 2477 456 2557 bonos
476 2508 567 2557 usus
585 2497 624 2556 et
644 2479 764 2556 bonas
783 2478 1076 2556 consuetudines
1096 2478 1257 2565 ordinis,
1281 2497 1319 2554 et
1343 2507 1419 2555 non
1440 2481 1602 2556 revelare
1623 2501 1764 2558 secreta

336 2609 607 2715 capitulorum
628 2627 665 2686 et
682 2609 857 2714 imposito
874 2608 947 2684 sibi
961 2607 1159 2697 mantello,
1180 2609 1242 2684 alii
1260 2607 1391 2686 iratres
1406 2627 1582 2700 astantes,
1605 2612 1672 2688 sed
1688 2643 1763 2689 non

338 2741 416 2846 ipse
432 2758 616 2846 receptor,
632 2739 786 2817 fixerunt
804 2767 893 2814 eum
909 2737 1065 2814 osculati
1081 2738 1121 2812 in
1137 2765 1214 2814 ore.
1234 2739 1395 2844 Postque
1411 2741 1577 2846 precepit
1591 2742 1623 2816 ei
1644 2743 1766 2818 dictus

336 2887 510 2975 receptor
527 2869 633 2974 quod
647 2868 849 2977 abnegaret
869 2869 1012 2957 Deum,
1034 2867 1168 2972 etipse
1189 2867 1383 2974 abnegavit
1396 2899 1470 2946 ore
1482 2899 1561 2946 non
1577 2874 1706 2962 corde;
1729 2890 1766 2948 et

337 2999 443 3106 quod
457 3015 610 3106 spueret
621 3027 735 3105 super
747 2999 950 3105 quamdam
967 3025 1117 3074 crucem
1130 2996 1379 3088 metallinam,
1398 3000 1435 3074 in
1450 3029 1524 3106 qua
1540 3019 1619 3077 erat
1632 3031 1765 3109 ymago

338 3128 531 3217 Crucifixi,
560 3129 718 3234 positam
753 3157 865 3234 super
889 3128 1205 3234 quodam-tapeto
1235 3126 1459 3220 adsterram,
1489 3149 1525 3216 et
1555 3133 1632 3238 ipse
1662 3134 1766 3210 testis

338 3260 441 3365 spnit
471 3286 549 3335 non
569 3287 681 3366 supra
703 3258 770 3336 sed
792 3261 912 3366 juxta,
944 3260 1011 3336 sed
1040 3286 1117 3336 non
1142 3259 1291 3348 recolit,
1322 3277 1365 3334 ut
1390 3261 1585 3366 respondit
1602 3263 1769 3369 requisi-

205 3391 209 3398 ’
338 3408 418 3479 tus,
434 3417 481 3466 an
496 3389 698 3495 abnegacio
717 3391 951 3496 apuicionem
964 3390 1188 3494 precesserit
1200 3389 1257 3466 vel
1273 3391 1515 3468 contrarium.
1534 3393 1637 3469 Dixit
1649 3396 1766 3470 eciam

339 3519 461 3625 quod,
477 3520 527 3596 de
541 3519 630 3596 dicti
647 3520 851 3624 recepturis
865 3518 1063 3605 mandato,
1081 3518 1151 3594 luit
1165 3547 1254 3594 eum
1275 3520 1479 3606 osculatus,
1501 3521 1635 3626 pannis
1654 3525 1768 3599 inter-

340 3648 492 3737 mediis,
518 3649 617 3726 intor
639 3649 806 3727 braccale
834 3666 1046 3739 et-ronam,
1074 3666 1111 3724 et
1132 3646 1250 3725 credit
1270 3649 1560 3754 quodpredicta
1583 3651 1708 3728 illicita
1732 3670 1770 3728 et

341 3807 418 3856 raon
438 3779 509 3856 alia
524 3779 793 3856 intervenirent
808 3779 1062 3855 communiter
1079 3779 1119 3854 in
1135 3777 1422 3884 reccpcionihus
1435 3779 1595 3856 aliorum
1612 3781 1767 3858 fratrum
1830 3801 1839 3812 ·

343 3907 502 3998 ordinis,
514 3908 794 4015 quieredebant
807 3907 1063 3985 ecclesiasticis
1077 3909 1332 3998 sacramentis,
1350 3908 1445 3986 sicut
1456 3910 1590 3998 credit,
1606 3940 1768 4017 quorum

343 4037 460 4115 eciam
484 4037 696 4116 sacerdotes
719 4037 847 4115 debite
871 4037 1126 4125 celebrabant,
1162 4056 1205 4115 ut
1234 4039 1393 4116 estimat.
1425 4041 1566 4116 Juravit
1595 4040 1769 4117 ordinem

344 4199 421 4250 non
445 4171 561 4260 exire,
585 4171 742 4249 credens
762 4171 867 4278 quod
886 4171 949 4248 alii
974 4171 1076 4248 idem
1094 4173 1284 4278 jurarent,
1307 4189 1344 4248 et
1365 4173 1470 4277 quod
1492 4191 1589 4250 esset
1608 4174 1770 4279 suspicio

346 4318 562 4380 uonna-:eos
585 4303 672 4405 quia
696 4300 926 4378 clandestine
946 4300 1233 4405 recipiebantur,
1257 4317 1296 4376 et
1318 4301 1423 4407 quod
1446 4303 1601 4379 cordule
1621 4323 1770 4410 sumpte

346 4433 448 4510 uude
464 4433 656 4521 volebant,
675 4431 816 4539 quibus
831 4431 1079 4538 cingebantur
1095 4459 1208 4537 super
1222 4432 1391 4510 camisias
1411 4459 1496 4508 cum
1509 4433 1657 4538 ¹quibus
1669 4435 1773 4543 jace-

345 4561 449 4654 bant,
465 4591 543 4640 non
552 4580 748 4670 tangerent
757 4564 874 4668 capita
884 4561 1097 4670 ydolorum.
1111 4563 1325 4668 lnjunctum
1339 4562 1412 4639 fuit
1423 4563 1457 4638 ei
1468 4562 1572 4668 quod
1587 4591 1663 4640 non
1676 4591 1775 4640 reve-

347 4691 443 4770 laret
455 4694 611 4772 modum
624 4719 693 4770 sue
702 4693 949 4799 recepcionis,
964 4691 1012 4767 de
1025 4717 1103 4796 quo
1116 4689 1188 4767 luit
1199 4691 1391 4768 confessus
1402 4691 1504 4768 dicto
1515 4693 1724 4798 presbitero
1736 4711 1773 4768 et

347 4802 543 4900 absolutus
564 4825 611 4900 ab
628 4851 693 4910 θος
716 4840 753 4900 et
768 4821 1078 4929 jejunavitcertis
1096 4821 1232 4898 diebus
1253 4820 1324 4898 sibi
1348 4821 1534 4926 impositis
1554 4821 1593 4898 in
1618 4850 1714 4928 pane
1736 4836 1773 4897 et
