4208 5886
389 521 462 594 aaa
771 495 967 590 raucas
997 514 1094 590 ons
1124 515 1432 592 ruururnus.

388 677 543 767 spueret
556 687 669 766 snpra
689 685 790 748 eam,
807 672 950 734 etcum
971 655 1050 762 ipse
1065 654 1172 734 testis
1184 656 1442 764 respondisset
1460 657 1567 765 quod
1581 659 1655 739 hoc
1667 661 1812 746 malum

387 808 483 880 erat,
502 791 626 868 dictus
646 797 817 893 receptor
835 787 968 874 tacuit,
995 803 1034 863 et
1055 785 1135 892 ipse
1149 786 1256 865 testis
1276 787 1378 894 spuit
1394 815 1473 866 uon
1489 817 1601 896 supra
1627 791 1695 870 sed
1706 793 1812 902 juxta

387 921 525 1000 dictam
546 947 707 998 crucem.
737 919 825 995 Post
852 946 926 1024 qtae
947 916 1042 994 divit
1070 916 1104 993 ei
1123 916 1247 1023 quod,
1270 919 1482 996 secuudum
1512 918 1612 998 dicta
1635 943 1813 1033 precepta

386 1053 548 1142 ordinis,
569 1067 716 1158 poterat
729 1047 927 1128 carnaliter
951 1047 1185 1126 commisceri
1202 1045 1380 1128 fratribus
1395 1049 1557 1140 ordinis,
1575 1069 1614 1130 et
1632 1053 1702 1160 ipsi
1724 1085 1810 1134 cum

387 1211 452 1275 θος
476 1184 549 1260 hoc
567 1198 695 1258 tamen
708 1207 786 1256 non
802 1177 905 1268 fecit,
928 1205 998 1256 nec
1017 1177 1089 1255 fuit
1102 1177 1324 1284 requisitus,
1342 1207 1413 1256 nec
1437 1180 1558 1259 credit
1573 1185 1679 1289 quod
1696 1185 1737 1266 in
1753 1216 1811 1266 or·

386 1313 474 1390 diue
490 1313 608 1390 fieret.
628 1309 758 1390 Credit
778 1325 906 1427 tamen
924 1308 1031 1416 quod
1053 1308 1153 1385 dicta
1172 1306 1319 1396 illicita,
1341 1326 1421 1387 acta
1438 1326 1476 1388 et
1491 1310 1590 1388 dicta
1605 1312 1645 1389 in
1660 1343 1810 1422 presen-

385 1445 440 1521 cia
464 1443 624 1520 aliorum
649 1440 715 1547 qui
738 1438 940 1528 adherant,
968 1454 1007 1515 et
1030 1467 1107 1516 nou
1124 1437 1196 1516 alia
1213 1437 1484 1516 intervenirent
1499 1445 1753 1526 communiter
1772 1467 1811 1526 et

383 1574 528 1682 ubique
547 1573 588 1648 in
611 1569 898 1678 recepcionibus
914 1568 1077 1647 aliorum
1100 1567 1259 1645 fratrum
1279 1568 1425 1647 ordinis
1443 1569 1502 1650 vel
1516 1590 1618 1679 post,
1636 1575 1724 1682 quia
1741 1607 1810 1685 per
1925 1645 1934 1664 ,

382 1705 548 1783 eundem
565 1702 726 1780 modum
746 1699 841 1778 vidit
863 1697 995 1806 recipi,
1016 1699 1057 1776 in
1076 1698 1239 1805 quadam
1268 1727 1414 1778 camera
1434 1701 1572 1782 domus
1586 1705 1735 1812 Templi
1759 1706 1808 1787 de

382 1829 418 1910 la
433 1833 596 1911 Folhosa
615 1831 714 1908 dicte
732 1827 1053 1908 Claromontensis
1074 1828 1253 1922 diocesis,
1270 1857 1339 1936 per
1360 1830 1550 1936 prefatum
1573 1853 1807 1942 receptorem

380 1961 534 2042 fratrem
547 1963 702 2039 Petrum
716 1958 895 2039 Moucelli
916 1959 1159 2054 servientem,
1174 1959 1274 2038 dicte
1288 1959 1465 2055 diocesis,
1488 1963 1686 2042 detentum
1705 1969 1806 2073 apud

379 2094 573 2185 Riomum,
592 2091 689 2170 circa
707 2091 849 2168 instans
863 2088 1001 2168 festum
1017 2090 1258 2168 Pentecostes
1281 2107 1393 2166 erunt
1406 2117 1442 2170 vr
1457 2091 1517 2170 vel
1532 2119 1582 2172 vn
1601 2095 1709 2186 anni,
1725 2125 1807 2203 pre-

378 2223 547 2302 sentibus
562 2221 664 2300 dicto
688 2218 801 2297 fratre
825 2218 997 2298 Johaune
1012 2218 1200 2310 Senandi,
1223 2219 1272 2296 ad
1286 2220 1394 2326 cujus
1409 2219 1628 2300 instanciam
1645 2226 1804 2333 recipie-
1897 2295 1907 2312 ,

375 2353 497 2445 batur,
527 2371 565 2431 et
585 2351 763 2430 fratribus
799 2347 1009 2428 Guillelmo
1039 2347 1214 2456 Vivayrol
1236 2349 1284 2426 de
1310 2347 1506 2445 Arvernia,
1537 2381 1654 2460 quem
1682 2358 1804 2437 credit

374 2485 512 2576 vivere,
538 2499 576 2561 et
602 2479 830 2589 quibusdam
856 2477 939 2555 aliis
970 2476 1019 2554 de
1047 2476 1187 2584 quibus
1214 2505 1292 2556 uon
1318 2479 1463 2559 recolit.
1492 2481 1610 2573 Item,
1640 2483 1733 2564 dixit
1761 2517 1801 2568 se

375 2613 558 2691 audivisse
578 2610 653 2688 dici
681 2639 702 2688 a
726 2607 828 2686 dicto
853 2606 965 2685 fratre
986 2607 1167 2685 Durando
1196 2607 1411 2697 Charnerii,
1439 2611 1625 2690 avunculo
1656 2641 1743 2708 suo,
1760 2617 1800 2694 in

373 2745 539 2850 predicta
567 2771 712 2820 camera
741 2741 788 2818 de
806 2739 938 2828 Cellis,
959 2737 1095 2846 elapsis
1114 2738 1267 2818 duobus
1293 2740 1492 2820 mensibus
1516 2743 1574 2820 vel
1601 2743 1696 2822 circa
1710 2765 1800 2854 post

371 2873 632 2978 recepcionem
660 2871 778 2979 ipsius
800 2868 922 2958 testis,
949 2867 1066 2948 nullis
1092 2868 1175 2946 aliis
1198 2869 1455 2976 presentibus,
1487 2873 1670 2979 cumipse
1692 2878 1799 2956 testis

370 3019 517 3108 peteret
544 3003 591 3082 ab
620 3029 665 3080 eo
698 3000 803 3108 quod
828 2999 1049 3079 informaret
1075 3027 1164 3077 eum
1204 3000 1252 3078 de
1278 3001 1428 3106 punctis
1456 3001 1670 3110 religionis,
1689 3008 1796 3113 quod

369 3134 504 3211 Jhesus
524 3161 600 3210 nou
614 3131 736 3210 fuerat
754 3159 886 3238 passus
910 3159 980 3208 nec
996 3129 1195 3207 crucifixus
1210 3157 1281 3237 pro
1298 3130 1460 3236 peccatis
1474 3131 1627 3222 nostris,
1640 3134 1706 3212 sed
1724 3164 1795 3242 pro

368 3261 465 3350 suis3
494 3262 635 3369 dequo
660 3261 765 3338 idem
795 3258 902 3338 testis
930 3257 1003 3337 fuit
1029 3259 1274 3338 vehementer
1294 3258 1469 3340 turbatus
1493 3273 1620 3341 contra
1649 3261 1794 3344 dictum

367 3393 596 3472 avunculum
620 3419 749 3480 suum,
767 3407 810 3468 ut
831 3389 935 3468 dixit.
968 3387 1017 3466 Et
1037 3388 1160 3468 dictus
1180 3387 1385 3468 avunculus
1406 3389 1502 3470 dixit
1523 3390 1578 3479 ei,
1608 3392 1793 3500 cumipse

364 3523 470 3600 testis
491 3521 789 3630 reprehenderet
815 3548 922 3611 eum,
951 3546 1066 3625 quare
1090 3535 1268 3624 posuerat
1293 3517 1418 3624 ipsum
1431 3517 1485 3616 ‚in
1499 3518 1567 3598 tali
1589 3519 1790 3628 religione,

363 3655 469 3760 quod
484 3669 626 3731 taceret
644 3652 733 3760 quia
755 3649 843 3728 satis
868 3648 1025 3728 haberet
1048 3648 1096 3726 de
1113 3647 1338 3739 infortunio,
1357 3648 1495 3755 etipse
1514 3649 1620 3728 testis
1637 3678 1792 3758 respon·

298 3779 300 3787 ’
363 3781 419 3858 dit
442 3783 548 3891 quod
570 3779 792 3888 tempestive
819 3779 1043 3885 inceperunt
1067 3777 1139 3854 sibi
1160 3777 1257 3854 dicta
1274 3777 1481 3856 infortunia
1496 3779 1657 3858 evenire.
1674 3780 1801 3872 Item,¹

362 3911 455 3989 dixit
475 3912 581 4019 quod
604 3912 684 4017 ipse
712 3909 811 3987 bene
840 3906 1018 3986 credebat
1040 3906 1299 3986 ecclesiasticis
1319 3907 1577 4000 sacramentis,
1610 3926 1649 3987 et
1670 3911 1790 3990 credit

359 4043 464 4148 quod
483 4043 547 4120 alii
571 4041 702 4118 [ratres
718 4038 862 4116 ordinis
879 4036 1017 4114 eodem
1032 4038 1148 4114 modo
1165 4039 1378 4131 crederent,
1404 4056 1443 4117 et
1459 4037 1565 4146 quod
1581 4067 1713 4118 eorum
1730 4071 1788 4120 sa-

358 4173 531 4250 cerdotes
560 4172 687 4250 debite
715 4169 962 4248 celebrarent.
995 4168 1176 4248 Jurabant
1204 4169 1380 4248 ordinem
1409 4198 1487 4250 uon
1508 4170 1626 4260 exirm
1661 4172 1787 4252 statim

357 4331 427 4409 pro
444 4303 621 4410 professis
643 4300 894 4379 habebantur.
915 4298 1158 4378 Clandestine
1183 4299 1474 4405 recipiebantur,
1502 4299 1618 4379 nullis
1633 4329 1786 4407 presen-

355 4432 459 4510 tibus
488 4432 560 4510 nisi
578 4430 756 4510 fratribus
776 4429 939 4520 ordinis,
964 4457 1008 4507 ex
1033 4458 1110 4536 quo
1129 4430 1250 4508 credit
1275 4430 1381 4537 quod
1406 4447 1505 4508 esset
1517 4430 1682 4537 suspicio
1700 4461 1784 4512 con·

356 4580 414 4640 tra
440 4591 516 4640 eos.
543 4561 723 4640 Cordulis
746 4560 850 4638 uude
867 4559 1046 4638 volebant
1061 4559 1259 4668 assumptis
1281 4559 1529 4665 cingebantur
1541 4585 1655 4666 super
1674 4563 1782 4640 cami-

352 4693 425 4770 sias
450 4721 537 4770 cum
570 4690 709 4799 quibus
733 4689 919 4800 jacebant.
954 4690 1031 4784 Qui
1060 4690 1271 4768 noluissent
1308 4689 1427 4768 facere
1456 4689 1625 4796 predicta
1650 4691 1781 4774 illicita

352 4824 556 4902 consessata
577 4853 646 4930 per
666 4851 774 4914 eum,
800 4822 858 4901 vel
884 4820 1114 4900 revelassent
1135 4837 1276 4900 secreta
1301 4820 1584 4928 capitoliorum,
1605 4851 1680 4930 que
1699 4825 1780 4931 ipse
