<?xml version="1.0" encoding="UTF-8"?>
<!DOCTYPE html PUBLIC "-//W3C//DTD XHTML 1.0 Transitional//EN"
    "http://www.w3.org/TR/xhtml1/DTD/xhtml1-transitional.dtd">
<html xmlns="http://www.w3.org/1999/xhtml" xml:lang="en" lang="en">
 <head>
  <title>
</title>
<meta http-equiv="Content-Type" content="text/html;charset=utf-8" />
  <meta name='ocr-system' content='tesseract 3.04.00' />
  <meta name='ocr-capabilities' content='ocr_page ocr_carea ocr_par ocr_line ocrx_word'/>
</head>
<body>
  <div class='ocr_page' id='page_1' title='image "./procsdestemplie03defegoog/procsdestemplie03defegoog_0065.png"; bbox 0 0 4320 5898; ppageno 0'>
   <div class='ocr_carea' id='block_1_1' title="bbox 723 497 1754 591">
    <p class='ocr_par' dir='ltr' id='par_1_1' title="bbox 723 497 1754 591">
     <span class='ocr_line' id='line_1_1' title="bbox 723 497 1754 591; baseline 0 -3"><span class='ocrx_word' id='word_1_1' title='bbox 723 497 1368 591; x_wconf 75' lang='lat' dir='ltr'>eaoctsnasrnurmsas</span> <span class='ocrx_word' id='word_1_2' title='bbox 1486 527 1490 534; x_wconf 92' lang='lat'><strong>·</strong></span> <span class='ocrx_word' id='word_1_3' title='bbox 1710 519 1754 590; x_wconf 83' lang='lat'>51</span> 
     </span>
    </p>
   </div>
   <div class='ocr_carea' id='block_1_2' title="bbox 199 655 1758 767">
    <p class='ocr_par' dir='ltr' id='par_1_2' title="bbox 199 655 1758 767">
     <span class='ocr_line' id='line_1_2' title="bbox 199 655 1758 767; baseline 0.003 -36"><span class='ocrx_word' id='word_1_4' title='bbox 199 749 205 766; x_wconf 27' lang='grc' dir='ltr'>ἱ</span> <span class='ocrx_word' id='word_1_5' title='bbox 337 683 485 732; x_wconf 89' lang='lat' dir='ltr'>crucem</span> <span class='ocrx_word' id='word_1_6' title='bbox 501 655 683 761; x_wconf 79' lang='lat' dir='ltr'><strong>ligneam,</strong></span> <span class='ocrx_word' id='word_1_7' title='bbox 705 674 747 734; x_wconf 88' lang='lat' dir='ltr'>ut</span> <span class='ocrx_word' id='word_1_8' title='bbox 761 658 832 736; x_wconf 90' lang='lat' dir='ltr'>sibi</span> <span class='ocrx_word' id='word_1_9' title='bbox 848 659 1009 750; x_wconf 88' lang='lat' dir='ltr'>videtur,</span> <span class='ocrx_word' id='word_1_10' title='bbox 1025 660 1146 738; x_wconf 87' lang='lat' dir='ltr'>nescit</span> <span class='ocrx_word' id='word_1_11' title='bbox 1162 685 1359 767; x_wconf 87' lang='lat' dir='ltr'>perquem</span> <span class='ocrx_word' id='word_1_12' title='bbox 1378 657 1522 735; x_wconf 89' lang='lat' dir='ltr'>ibidem</span> <span class='ocrx_word' id='word_1_13' title='bbox 1535 655 1702 746; x_wconf 85' lang='lat' dir='ltr'>allatam,</span> <span class='ocrx_word' id='word_1_14' title='bbox 1720 660 1758 736; x_wconf 92' lang='lat' dir='ltr'>iu</span> 
     </span>
    </p>
   </div>
   <div class='ocr_carea' id='block_1_3' title="bbox 324 787 1816 3641">
    <p class='ocr_par' dir='ltr' id='par_1_3' title="bbox 324 787 1816 3641">
     <span class='ocr_line' id='line_1_3' title="bbox 334 787 1761 897; baseline 0.002 -34"><span class='ocrx_word' id='word_1_15' title='bbox 334 816 406 892; x_wconf 90' lang='lat' dir='ltr'>qua</span> <span class='ocrx_word' id='word_1_16' title='bbox 421 803 500 864; x_wconf 88' lang='lat' dir='ltr'>erat</span> <span class='ocrx_word' id='word_1_17' title='bbox 514 815 647 895; x_wconf 84' lang='lat' dir='ltr'>ymago</span> <span class='ocrx_word' id='word_1_18' title='bbox 662 787 860 880; x_wconf 73' lang='lat' dir='ltr'>Crucifixi3</span> <span class='ocrx_word' id='word_1_19' title='bbox 876 806 1013 868; x_wconf 86' lang='lat' dir='ltr'>etcum</span> <span class='ocrx_word' id='word_1_20' title='bbox 1035 792 1114 897; x_wconf 88' lang='lat' dir='ltr'>ipse</span> <span class='ocrx_word' id='word_1_21' title='bbox 1132 789 1409 897; x_wconf 84' lang='lat' dir='ltr'>aliquantulum</span> <span class='ocrx_word' id='word_1_22' title='bbox 1424 788 1761 876; x_wconf 76' lang='lat' dir='ltr'>resisterctdictus</span> 
     </span>
     <span class='ocr_line' id='line_1_4' title="bbox 324 917 1761 1028; baseline 0.002 -35"><span class='ocrx_word' id='word_1_23' title='bbox 324 935 505 1023; x_wconf 80' lang='lat' dir='ltr'>receptor</span> <span class='ocrx_word' id='word_1_24' title='bbox 520 917 614 996; x_wconf 80' lang='lat' dir='ltr'>dixit</span> <span class='ocrx_word' id='word_1_25' title='bbox 627 919 701 997; x_wconf 90' lang='lat' dir='ltr'>sibi</span> <span class='ocrx_word' id='word_1_26' title='bbox 714 922 820 1027; x_wconf 93' lang='lat' dir='ltr'>quod</span> <span class='ocrx_word' id='word_1_27' title='bbox 836 922 887 1000; x_wconf 89' lang='lat' dir='ltr'>ita</span> <span class='ocrx_word' id='word_1_28' title='bbox 904 921 1068 1000; x_wconf 88' lang='lat' dir='ltr'>debebat</span> <span class='ocrx_word' id='word_1_29' title='bbox 1084 922 1221 1011; x_wconf 87' lang='lat' dir='ltr'>lacere,</span> <span class='ocrx_word' id='word_1_30' title='bbox 1237 936 1276 1000; x_wconf 89' lang='lat' dir='ltr'>et</span> <span class='ocrx_word' id='word_1_31' title='bbox 1289 936 1381 1000; x_wconf 88' lang='lat' dir='ltr'>tunc</span> <span class='ocrx_word' id='word_1_32' title='bbox 1394 921 1474 1028; x_wconf 87' lang='lat' dir='ltr'>ipse</span> <span class='ocrx_word' id='word_1_33' title='bbox 1487 920 1593 998; x_wconf 87' lang='lat' dir='ltr'>testis</span> <span class='ocrx_word' id='word_1_34' title='bbox 1606 938 1761 1026; x_wconf 82' lang='lat' dir='ltr'>propter</span> 
     </span>
     <span class='ocr_line' id='line_1_5' title="bbox 334 1048 1760 1161; baseline 0.003 -37"><span class='ocrx_word' id='word_1_35' title='bbox 334 1048 595 1126; x_wconf 81' lang='lat' dir='ltr'><strong>obedienciam</strong></span> <span class='ocrx_word' id='word_1_36' title='bbox 616 1077 732 1156; x_wconf 82' lang='lat' dir='ltr'>quam</span> <span class='ocrx_word' id='word_1_37' title='bbox 748 1052 957 1158; x_wconf 87' lang='lat' dir='ltr'>juraverat,</span> <span class='ocrx_word' id='word_1_38' title='bbox 979 1053 1081 1161; x_wconf 80' lang='lat' dir='ltr'><strong>spuit</strong></span> <span class='ocrx_word' id='word_1_39' title='bbox 1095 1081 1173 1132; x_wconf 89' lang='lat' dir='ltr'>non</span> <span class='ocrx_word' id='word_1_40' title='bbox 1194 1077 1307 1160; x_wconf 84' lang='lat' dir='ltr'>supra</span> <span class='ocrx_word' id='word_1_41' title='bbox 1322 1053 1389 1132; x_wconf 88' lang='lat' dir='ltr'>sed</span> <span class='ocrx_word' id='word_1_42' title='bbox 1400 1051 1506 1159; x_wconf 87' lang='lat' dir='ltr'>juxta</span> <span class='ocrx_word' id='word_1_43' title='bbox 1522 1051 1660 1128; x_wconf 86' lang='lat' dir='ltr'>dictam</span> <span class='ocrx_word' id='word_1_44' title='bbox 1677 1079 1760 1128; x_wconf 89' lang='lat' dir='ltr'>cru-</span> 
     </span>
     <span class='ocr_line' id='line_1_6' title="bbox 334 1181 1760 1292; baseline 0.003 -38"><span class='ocrx_word' id='word_1_45' title='bbox 334 1208 428 1256; x_wconf 86' lang='lat' dir='ltr'><strong>cem.</strong></span> <span class='ocrx_word' id='word_1_46' title='bbox 445 1181 577 1256; x_wconf 85' lang='lat' dir='ltr'>Postea</span> <span class='ocrx_word' id='word_1_47' title='bbox 593 1183 762 1290; x_wconf 84' lang='lat' dir='ltr'>precepit</span> <span class='ocrx_word' id='word_1_48' title='bbox 779 1182 850 1261; x_wconf 88' lang='lat' dir='ltr'>sibi</span> <span class='ocrx_word' id='word_1_49' title='bbox 868 1185 974 1291; x_wconf 90' lang='lat' dir='ltr'>quod</span> <span class='ocrx_word' id='word_1_50' title='bbox 994 1183 1197 1292; x_wconf 78' lang='lat' dir='ltr'><strong>abnegaret</strong></span> <span class='ocrx_word' id='word_1_51' title='bbox 1214 1185 1353 1270; x_wconf 89' lang='lat' dir='ltr'>Deum,</span> <span class='ocrx_word' id='word_1_52' title='bbox 1377 1201 1517 1261; x_wconf 89' lang='lat' dir='ltr'>etcum</span> <span class='ocrx_word' id='word_1_53' title='bbox 1537 1181 1640 1260; x_wconf 90' lang='lat' dir='ltr'>idern</span> <span class='ocrx_word' id='word_1_54' title='bbox 1655 1183 1760 1258; x_wconf 88' lang='lat' dir='ltr'>testis</span> 
     </span>
     <span class='ocr_line' id='line_1_7' title="bbox 333 1309 1759 1420; baseline 0.002 -36"><span class='ocrx_word' id='word_1_55' title='bbox 333 1309 477 1386; x_wconf 87' lang='lat' dir='ltr'>diceret</span> <span class='ocrx_word' id='word_1_56' title='bbox 490 1310 594 1416; x_wconf 91' lang='lat' dir='ltr'>quod</span> <span class='ocrx_word' id='word_1_57' title='bbox 605 1311 682 1418; x_wconf 91' lang='lat' dir='ltr'>ipse</span> <span class='ocrx_word' id='word_1_58' title='bbox 692 1313 764 1388; x_wconf 92' lang='lat' dir='ltr'>boc</span> <span class='ocrx_word' id='word_1_59' title='bbox 777 1312 885 1390; x_wconf 88' lang='lat' dir='ltr'>nullo</span> <span class='ocrx_word' id='word_1_60' title='bbox 896 1313 1012 1391; x_wconf 91' lang='lat' dir='ltr'>modo</span> <span class='ocrx_word' id='word_1_61' title='bbox 1021 1313 1170 1404; x_wconf 85' lang='lat' dir='ltr'>laceret,</span> <span class='ocrx_word' id='word_1_62' title='bbox 1184 1312 1306 1391; x_wconf 83' lang='lat' dir='ltr'>dictus</span> <span class='ocrx_word' id='word_1_63' title='bbox 1319 1332 1491 1420; x_wconf 91' lang='lat' dir='ltr'>receptor</span> <span class='ocrx_word' id='word_1_64' title='bbox 1503 1310 1597 1390; x_wconf 85' lang='lat' dir='ltr'>dixit</span> <span class='ocrx_word' id='word_1_65' title='bbox 1607 1313 1641 1388; x_wconf 90' lang='lat' dir='ltr'>ei</span> <span class='ocrx_word' id='word_1_66' title='bbox 1655 1312 1759 1419; x_wconf 93' lang='lat' dir='ltr'>quod</span> 
     </span>
     <span class='ocr_line' id='line_1_8' title="bbox 334 1416 1760 1552; baseline 0.001 -36"><span class='ocrx_word' id='word_1_67' title='bbox 334 1440 396 1517; x_wconf 91' lang='lat' dir='ltr'>alii</span> <span class='ocrx_word' id='word_1_68' title='bbox 414 1440 461 1517; x_wconf 88' lang='lat' dir='ltr'>de</span> <span class='ocrx_word' id='word_1_69' title='bbox 483 1440 618 1520; x_wconf 86' lang='lat' dir='ltr'>ordine</span> <span class='ocrx_word' id='word_1_70' title='bbox 644 1443 693 1552; x_wconf 74' lang='lat' dir='ltr'>ita</span> <span class='ocrx_word' id='word_1_71' title='bbox 709 1441 911 1532; x_wconf 81' lang='lat' dir='ltr'>faciebant,</span> <span class='ocrx_word' id='word_1_72' title='bbox 927 1416 965 1522; x_wconf 76' lang='lat' dir='ltr'>et</span> <span class='ocrx_word' id='word_1_73' title='bbox 980 1460 1071 1521; x_wconf 89' lang='lat' dir='ltr'>tunc</span> <span class='ocrx_word' id='word_1_74' title='bbox 1092 1444 1170 1549; x_wconf 92' lang='lat' dir='ltr'>ipse</span> <span class='ocrx_word' id='word_1_75' title='bbox 1189 1445 1295 1522; x_wconf 86' lang='lat' dir='ltr'>testis</span> <span class='ocrx_word' id='word_1_76' title='bbox 1312 1445 1509 1552; x_wconf 80' lang='lat' dir='ltr'>abnegavit</span> <span class='ocrx_word' id='word_1_77' title='bbox 1521 1445 1661 1533; x_wconf 84' lang='lat' dir='ltr'>Deum;</span> <span class='ocrx_word' id='word_1_78' title='bbox 1676 1472 1760 1549; x_wconf 89' lang='lat' dir='ltr'>pre-</span> 
     </span>
     <span class='ocr_line' id='line_1_9' title="bbox 335 1573 1760 1682; baseline 0.002 -34"><span class='ocrx_word' id='word_1_79' title='bbox 335 1574 445 1650; x_wconf 89' lang='lat' dir='ltr'>missa</span> <span class='ocrx_word' id='word_1_80' title='bbox 460 1590 588 1652; x_wconf 78' lang='lat' dir='ltr'>tamen</span> <span class='ocrx_word' id='word_1_81' title='bbox 608 1573 698 1652; x_wconf 85' lang='lat' dir='ltr'>lecit</span> <span class='ocrx_word' id='word_1_82' title='bbox 716 1602 782 1652; x_wconf 91' lang='lat' dir='ltr'>ore</span> <span class='ocrx_word' id='word_1_83' title='bbox 798 1603 875 1654; x_wconf 89' lang='lat' dir='ltr'>nou</span> <span class='ocrx_word' id='word_1_84' title='bbox 898 1575 1023 1652; x_wconf 87' lang='lat' dir='ltr'>corde.</span> <span class='ocrx_word' id='word_1_85' title='bbox 1048 1576 1296 1652; x_wconf 83' lang='lat' dir='ltr'>Postmodum</span> <span class='ocrx_word' id='word_1_86' title='bbox 1314 1575 1411 1653; x_wconf 80' lang='lat' dir='ltr'>dixit</span> <span class='ocrx_word' id='word_1_87' title='bbox 1428 1577 1463 1652; x_wconf 92' lang='lat' dir='ltr'>ei</span> <span class='ocrx_word' id='word_1_88' title='bbox 1482 1575 1588 1682; x_wconf 93' lang='lat' dir='ltr'>quod</span> <span class='ocrx_word' id='word_1_89' title='bbox 1613 1575 1760 1652; x_wconf 77' lang='lat' dir='ltr'>oscida-</span> 
     </span>
     <span class='ocr_line' id='line_1_10' title="bbox 335 1705 1760 1813; baseline 0.004 -35"><span class='ocrx_word' id='word_1_90' title='bbox 335 1721 440 1780; x_wconf 90' lang='lat' dir='ltr'>retur</span> <span class='ocrx_word' id='word_1_91' title='bbox 460 1732 549 1782; x_wconf 87' lang='lat' dir='ltr'>eum</span> <span class='ocrx_word' id='word_1_92' title='bbox 569 1705 609 1780; x_wconf 91' lang='lat' dir='ltr'>in</span> <span class='ocrx_word' id='word_1_93' title='bbox 625 1705 731 1812; x_wconf 91' lang='lat' dir='ltr'>spina</span> <span class='ocrx_word' id='word_1_94' title='bbox 757 1705 878 1794; x_wconf 90' lang='lat' dir='ltr'>dorsi,</span> <span class='ocrx_word' id='word_1_95' title='bbox 904 1724 943 1782; x_wconf 90' lang='lat' dir='ltr'>et</span> <span class='ocrx_word' id='word_1_96' title='bbox 966 1723 1067 1784; x_wconf 88' lang='lat' dir='ltr'>tunc-</span> <span class='ocrx_word' id='word_1_97' title='bbox 1083 1707 1163 1812; x_wconf 88' lang='lat' dir='ltr'>ipse</span> <span class='ocrx_word' id='word_1_98' title='bbox 1188 1707 1311 1796; x_wconf 88' lang='lat' dir='ltr'>testis,</span> <span class='ocrx_word' id='word_1_99' title='bbox 1339 1706 1490 1784; x_wconf 89' lang='lat' dir='ltr'>elevatis</span> <span class='ocrx_word' id='word_1_100' title='bbox 1520 1734 1589 1813; x_wconf 87' lang='lat' dir='ltr'>per</span> <span class='ocrx_word' id='word_1_101' title='bbox 1616 1706 1760 1784; x_wconf 89' lang='lat' dir='ltr'>dictum</span> 
     </span>
     <span class='ocr_line' id='line_1_11' title="bbox 334 1831 1761 1943; baseline 0.003 -35"><span class='ocrx_word' id='word_1_102' title='bbox 334 1853 567 1942; x_wconf 79' lang='lat' dir='ltr'>receptorem</span> <span class='ocrx_word' id='word_1_103' title='bbox 581 1835 714 1941; x_wconf 88' lang='lat' dir='ltr'>pannis</span> <span class='ocrx_word' id='word_1_104' title='bbox 729 1836 821 1928; x_wconf 89' lang='lat' dir='ltr'>suis,</span> <span class='ocrx_word' id='word_1_105' title='bbox 839 1831 1027 1914; x_wconf 77' lang='lat' dir='ltr'>oscidatus</span> <span class='ocrx_word' id='word_1_106' title='bbox 1047 1836 1119 1914; x_wconf 85' lang='lat' dir='ltr'>fuit</span> <span class='ocrx_word' id='word_1_107' title='bbox 1134 1865 1224 1914; x_wconf 86' lang='lat' dir='ltr'>eum</span> <span class='ocrx_word' id='word_1_108' title='bbox 1240 1837 1280 1914; x_wconf 91' lang='lat' dir='ltr'>in</span> <span class='ocrx_word' id='word_1_109' title='bbox 1294 1865 1405 1914; x_wconf 87' lang='lat' dir='ltr'>carue</span> <span class='ocrx_word' id='word_1_110' title='bbox 1419 1837 1520 1916; x_wconf 87' lang='lat' dir='ltr'>nuda</span> <span class='ocrx_word' id='word_1_111' title='bbox 1535 1853 1637 1915; x_wconf 88' lang='lat' dir='ltr'>retro</span> <span class='ocrx_word' id='word_1_112' title='bbox 1649 1866 1761 1943; x_wconf 87' lang='lat' dir='ltr'>supra</span> 
     </span>
     <span class='ocr_line' id='line_1_12' title="bbox 334 1965 1758 2074; baseline 0.002 -34"><span class='ocrx_word' id='word_1_113' title='bbox 334 1993 480 2044; x_wconf 84' lang='lat' dir='ltr'>zonam.</span> <span class='ocrx_word' id='word_1_114' title='bbox 504 1967 586 2044; x_wconf 82' lang='lat' dir='ltr'>Atia</span> <span class='ocrx_word' id='word_1_115' title='bbox 605 1965 804 2044; x_wconf 88' lang='lat' dir='ltr'>inhonesta</span> <span class='ocrx_word' id='word_1_116' title='bbox 823 1996 901 2046; x_wconf 91' lang='lat' dir='ltr'>non</span> <span class='ocrx_word' id='word_1_117' title='bbox 915 1965 1071 2046; x_wconf 85' lang='lat' dir='ltr'>fuerunt</span> <span class='ocrx_word' id='word_1_118' title='bbox 1084 1966 1178 2044; x_wconf 85' lang='lat' dir='ltr'>lacta</span> <span class='ocrx_word' id='word_1_119' title='bbox 1191 1997 1261 2060; x_wconf 83' lang='lat' dir='ltr'>seu</span> <span class='ocrx_word' id='word_1_120' title='bbox 1277 1965 1377 2046; x_wconf 87' lang='lat' dir='ltr'>dicta</span> <span class='ocrx_word' id='word_1_121' title='bbox 1392 1968 1433 2046; x_wconf 92' lang='lat' dir='ltr'>in</span> <span class='ocrx_word' id='word_1_122' title='bbox 1448 1968 1666 2074; x_wconf 87' lang='lat' dir='ltr'>recepcione</span> <span class='ocrx_word' id='word_1_123' title='bbox 1679 1997 1758 2044; x_wconf 88' lang='lat' dir='ltr'>sua.</span> 
     </span>
     <span class='ocr_line' id='line_1_13' title="bbox 335 2091 1816 2206; baseline 0.001 -34"><span class='ocrx_word' id='word_1_124' title='bbox 335 2091 549 2204; x_wconf 83' lang='lat' dir='ltr'>Requisitus</span> <span class='ocrx_word' id='word_1_125' title='bbox 572 2099 602 2174; x_wconf 90' lang='lat' dir='ltr'>si</span> <span class='ocrx_word' id='word_1_126' title='bbox 634 2099 757 2176; x_wconf 87' lang='lat' dir='ltr'>credit</span> <span class='ocrx_word' id='word_1_127' title='bbox 780 2097 885 2205; x_wconf 91' lang='lat' dir='ltr'>quod</span> <span class='ocrx_word' id='word_1_128' title='bbox 910 2098 972 2174; x_wconf 88' lang='lat' dir='ltr'>alii</span> <span class='ocrx_word' id='word_1_129' title='bbox 999 2099 1258 2204; x_wconf 88' lang='lat' dir='ltr'>reciperentur</span> <span class='ocrx_word' id='word_1_130' title='bbox 1285 2100 1323 2176; x_wconf 92' lang='lat' dir='ltr'>in</span> <span class='ocrx_word' id='word_1_131' title='bbox 1349 2098 1483 2178; x_wconf 87' lang='lat' dir='ltr'>ordine</span> <span class='ocrx_word' id='word_1_132' title='bbox 1508 2127 1576 2205; x_wconf 91' lang='lat' dir='ltr'>per</span> <span class='ocrx_word' id='word_1_133' title='bbox 1601 2098 1760 2176; x_wconf 91' lang='lat' dir='ltr'>modum</span> <span class='ocrx_word' id='word_1_134' title='bbox 1813 2197 1816 2206; x_wconf 32' lang='grc' dir='ltr'>Ι</span> 
     </span>
     <span class='ocr_line' id='line_1_14' title="bbox 335 2221 1761 2336; baseline -0.001 -30"><span class='ocrx_word' id='word_1_135' title='bbox 335 2221 535 2335; x_wconf 80' lang='lat' dir='ltr'>perquem</span> <span class='ocrx_word' id='word_1_136' title='bbox 559 2229 793 2336; x_wconf 75' lang='lat' dir='ltr'>deposuisse</span> <span class='ocrx_word' id='word_1_137' title='bbox 814 2228 927 2307; x_wconf 89' lang='lat' dir='ltr'>luisse</span> <span class='ocrx_word' id='word_1_138' title='bbox 947 2247 1163 2335; x_wconf 87' lang='lat' dir='ltr'>receptum,</span> <span class='ocrx_word' id='word_1_139' title='bbox 1186 2232 1382 2336; x_wconf 89' lang='lat' dir='ltr'>respondit</span> <span class='ocrx_word' id='word_1_140' title='bbox 1395 2261 1440 2308; x_wconf 88' lang='lat' dir='ltr'>se</span> <span class='ocrx_word' id='word_1_141' title='bbox 1462 2229 1615 2308; x_wconf 86' lang='lat' dir='ltr'>credere</span> <span class='ocrx_word' id='word_1_142' title='bbox 1629 2229 1761 2335; x_wconf 88' lang='lat' dir='ltr'>pocius</span> 
     </span>
     <span class='ocr_line' id='line_1_15' title="bbox 335 2359 1757 2466; baseline -0.003 -26"><span class='ocrx_word' id='word_1_143' title='bbox 335 2360 440 2465; x_wconf 88' lang='lat' dir='ltr'>quod</span> <span class='ocrx_word' id='word_1_144' title='bbox 459 2360 512 2438; x_wconf 88' lang='lat' dir='ltr'>sic</span> <span class='ocrx_word' id='word_1_145' title='bbox 532 2389 644 2466; x_wconf 87' lang='lat' dir='ltr'>quam</span> <span class='ocrx_word' id='word_1_146' title='bbox 663 2361 917 2449; x_wconf 86' lang='lat' dir='ltr'>contrarium,</span> <span class='ocrx_word' id='word_1_147' title='bbox 939 2361 1027 2466; x_wconf 89' lang='lat' dir='ltr'>quia</span> <span class='ocrx_word' id='word_1_148' title='bbox 1051 2363 1104 2437; x_wconf 87' lang='lat' dir='ltr'>ita</span> <span class='ocrx_word' id='word_1_149' title='bbox 1124 2359 1197 2437; x_wconf 83' lang='lat' dir='ltr'>fuit</span> <span class='ocrx_word' id='word_1_150' title='bbox 1216 2360 1357 2439; x_wconf 83' lang='lat' dir='ltr'>factum</span> <span class='ocrx_word' id='word_1_151' title='bbox 1377 2363 1416 2440; x_wconf 88' lang='lat' dir='ltr'>in</span> <span class='ocrx_word' id='word_1_152' title='bbox 1439 2359 1658 2466; x_wconf 79' lang='lat' dir='ltr'>receptione</span> <span class='ocrx_word' id='word_1_153' title='bbox 1679 2389 1757 2436; x_wconf 87' lang='lat' dir='ltr'>sua.</span> 
     </span>
     <span class='ocr_line' id='line_1_16' title="bbox 335 2490 1762 2598; baseline 0 -32"><span class='ocrx_word' id='word_1_154' title='bbox 335 2491 551 2597; x_wconf 84' lang='lat' dir='ltr'>Requisitus</span> <span class='ocrx_word' id='word_1_155' title='bbox 567 2493 815 2596; x_wconf 86' lang='lat' dir='ltr'>sinuuquam</span> <span class='ocrx_word' id='word_1_156' title='bbox 839 2490 1074 2571; x_wconf 81' lang='lat' dir='ltr'>audivitdici</span> <span class='ocrx_word' id='word_1_157' title='bbox 1090 2491 1195 2598; x_wconf 92' lang='lat' dir='ltr'>quod</span> <span class='ocrx_word' id='word_1_158' title='bbox 1216 2492 1314 2569; x_wconf 88' lang='lat' dir='ltr'>dicta</span> <span class='ocrx_word' id='word_1_159' title='bbox 1334 2492 1463 2570; x_wconf 88' lang='lat' dir='ltr'>illicita</span> <span class='ocrx_word' id='word_1_160' title='bbox 1487 2491 1623 2570; x_wconf 88' lang='lat' dir='ltr'>fierent</span> <span class='ocrx_word' id='word_1_161' title='bbox 1643 2492 1683 2566; x_wconf 90' lang='lat' dir='ltr'>in</span> <span class='ocrx_word' id='word_1_162' title='bbox 1704 2521 1762 2567; x_wconf 87' lang='lat' dir='ltr'>re-</span> 
     </span>
     <span class='ocr_line' id='line_1_17' title="bbox 336 2620 1762 2728; baseline 0.001 -32"><span class='ocrx_word' id='word_1_163' title='bbox 336 2622 578 2728; x_wconf 83' lang='lat' dir='ltr'>cepcionibris</span> <span class='ocrx_word' id='word_1_164' title='bbox 599 2620 755 2700; x_wconf 79' lang='lat' dir='ltr'>fratrum</span> <span class='ocrx_word' id='word_1_165' title='bbox 786 2622 950 2709; x_wconf 82' lang='lat' dir='ltr'>ordinis,</span> <span class='ocrx_word' id='word_1_166' title='bbox 972 2621 1067 2698; x_wconf 85' lang='lat' dir='ltr'>dixit</span> <span class='ocrx_word' id='word_1_167' title='bbox 1080 2649 1121 2698; x_wconf 87' lang='lat' dir='ltr'>se</span> <span class='ocrx_word' id='word_1_168' title='bbox 1141 2651 1334 2728; x_wconf 85' lang='lat' dir='ltr'>nunquam</span> <span class='ocrx_word' id='word_1_169' title='bbox 1354 2622 1557 2708; x_wconf 84' lang='lat' dir='ltr'>audivisse,</span> <span class='ocrx_word' id='word_1_170' title='bbox 1585 2621 1655 2698; x_wconf 89' lang='lat' dir='ltr'>nisi</span> <span class='ocrx_word' id='word_1_171' title='bbox 1679 2637 1762 2727; x_wconf 91' lang='lat' dir='ltr'>post</span> 
     </span>
     <span class='ocr_line' id='line_1_18' title="bbox 335 2751 1761 2859; baseline -0.001 -29"><span class='ocrx_word' id='word_1_172' title='bbox 335 2751 552 2857; x_wconf 75' lang='lat' dir='ltr'>captionem</span> <span class='ocrx_word' id='word_1_173' title='bbox 573 2781 727 2840; x_wconf 91' lang='lat' dir='ltr'>eorum,</span> <span class='ocrx_word' id='word_1_174' title='bbox 754 2751 1020 2858; x_wconf 84' lang='lat' dir='ltr'>aquibusdam</span> <span class='ocrx_word' id='word_1_175' title='bbox 1041 2751 1288 2830; x_wconf 86' lang='lat' dir='ltr'>secularibus.</span> <span class='ocrx_word' id='word_1_176' title='bbox 1309 2755 1422 2844; x_wconf 89' lang='lat' dir='ltr'>Item,</span> <span class='ocrx_word' id='word_1_177' title='bbox 1449 2753 1544 2830; x_wconf 84' lang='lat' dir='ltr'>dixit</span> <span class='ocrx_word' id='word_1_178' title='bbox 1557 2753 1664 2859; x_wconf 92' lang='lat' dir='ltr'>quod</span> <span class='ocrx_word' id='word_1_179' title='bbox 1683 2753 1761 2856; x_wconf 91' lang='lat' dir='ltr'>ipse</span> 
     </span>
     <span class='ocr_line' id='line_1_19' title="bbox 334 2854 1762 2990; baseline 0.001 -32"><span class='ocrx_word' id='word_1_180' title='bbox 334 2881 432 2959; x_wconf 88' lang='lat' dir='ltr'>bene</span> <span class='ocrx_word' id='word_1_181' title='bbox 457 2881 635 2960; x_wconf 86' lang='lat' dir='ltr'>credebat</span> <span class='ocrx_word' id='word_1_182' title='bbox 664 2879 923 2960; x_wconf 80' lang='lat' dir='ltr'>ecelesiasticis</span> <span class='ocrx_word' id='word_1_183' title='bbox 947 2854 1209 2970; x_wconf 73' lang='lat' dir='ltr'>incrementis,</span> <span class='ocrx_word' id='word_1_184' title='bbox 1233 2881 1390 2962; x_wconf 88' lang='lat' dir='ltr'>credens</span> <span class='ocrx_word' id='word_1_185' title='bbox 1415 2884 1520 2990; x_wconf 93' lang='lat' dir='ltr'>quod</span> <span class='ocrx_word' id='word_1_186' title='bbox 1543 2881 1606 2960; x_wconf 90' lang='lat' dir='ltr'>alii</span> <span class='ocrx_word' id='word_1_187' title='bbox 1631 2881 1762 2960; x_wconf 81' lang='lat' dir='ltr'>iratres</span> 
     </span>
     <span class='ocr_line' id='line_1_20' title="bbox 334 3011 1762 3102; baseline -0.001 -12"><span class='ocrx_word' id='word_1_188' title='bbox 334 3011 433 3090; x_wconf 85' lang='lat' dir='ltr'>bene</span> <span class='ocrx_word' id='word_1_189' title='bbox 453 3014 667 3102; x_wconf 84' lang='lat' dir='ltr'>crederent,</span> <span class='ocrx_word' id='word_1_190' title='bbox 691 3031 881 3092; x_wconf 90' lang='lat' dir='ltr'>eteorum</span> <span class='ocrx_word' id='word_1_191' title='bbox 897 3012 1108 3090; x_wconf 86' lang='lat' dir='ltr'>sacerdotes</span> <span class='ocrx_word' id='word_1_192' title='bbox 1128 3012 1255 3090; x_wconf 89' lang='lat' dir='ltr'>debite</span> <span class='ocrx_word' id='word_1_193' title='bbox 1275 3014 1523 3096; x_wconf 79' lang='lat' dir='ltr'>celebrarent.</span> <span class='ocrx_word' id='word_1_194' title='bbox 1537 3013 1649 3092; x_wconf 82' lang='lat' dir='ltr'>Clam</span> <span class='ocrx_word' id='word_1_195' title='bbox 1667 3015 1762 3090; x_wconf 89' lang='lat' dir='ltr'>reci-</span> 
     </span>
     <span class='ocr_line' id='line_1_21' title="bbox 336 3141 1762 3250; baseline 0 -30"><span class='ocrx_word' id='word_1_196' title='bbox 336 3144 547 3248; x_wconf 89' lang='lat' dir='ltr'>piebantur,</span> <span class='ocrx_word' id='word_1_197' title='bbox 568 3143 711 3222; x_wconf 88' lang='lat' dir='ltr'>scilicet</span> <span class='ocrx_word' id='word_1_198' title='bbox 728 3141 846 3220; x_wconf 90' lang='lat' dir='ltr'>nullis</span> <span class='ocrx_word' id='word_1_199' title='bbox 867 3143 1103 3247; x_wconf 85' lang='lat' dir='ltr'>presentibus</span> <span class='ocrx_word' id='word_1_200' title='bbox 1122 3143 1192 3220; x_wconf 91' lang='lat' dir='ltr'>nisi</span> <span class='ocrx_word' id='word_1_201' title='bbox 1211 3143 1389 3222; x_wconf 79' lang='lat' dir='ltr'>fratribus</span> <span class='ocrx_word' id='word_1_202' title='bbox 1410 3144 1555 3222; x_wconf 85' lang='lat' dir='ltr'>ordinis</span> <span class='ocrx_word' id='word_1_203' title='bbox 1579 3161 1618 3221; x_wconf 90' lang='lat' dir='ltr'>et</span> <span class='ocrx_word' id='word_1_204' title='bbox 1636 3145 1762 3250; x_wconf 87' lang='lat' dir='ltr'>januis</span> 
     </span>
     <span class='ocr_line' id='line_1_22' title="bbox 336 3273 1761 3380; baseline 0 -30"><span class='ocrx_word' id='word_1_205' title='bbox 336 3274 488 3364; x_wconf 88' lang='lat' dir='ltr'>clausis,</span> <span class='ocrx_word' id='word_1_206' title='bbox 510 3292 549 3352; x_wconf 88' lang='lat' dir='ltr'>et</span> <span class='ocrx_word' id='word_1_207' title='bbox 568 3276 700 3352; x_wconf 69' lang='lat' dir='ltr'>euhoe</span> <span class='ocrx_word' id='word_1_208' title='bbox 719 3273 963 3380; x_wconf 84' lang='lat' dir='ltr'>credit-quod</span> <span class='ocrx_word' id='word_1_209' title='bbox 981 3291 1081 3352; x_wconf 86' lang='lat' dir='ltr'>essct</span> <span class='ocrx_word' id='word_1_210' title='bbox 1102 3275 1198 3350; x_wconf 90' lang='lat' dir='ltr'>mala</span> <span class='ocrx_word' id='word_1_211' title='bbox 1216 3274 1380 3379; x_wconf 92' lang='lat' dir='ltr'>suspicio</span> <span class='ocrx_word' id='word_1_212' title='bbox 1396 3293 1526 3352; x_wconf 85' lang='lat' dir='ltr'>contra</span> <span class='ocrx_word' id='word_1_213' title='bbox 1550 3302 1626 3352; x_wconf 90' lang='lat' dir='ltr'>eos.</span> <span class='ocrx_word' id='word_1_214' title='bbox 1649 3274 1761 3350; x_wconf 90' lang='lat' dir='ltr'>Multi</span> 
     </span>
     <span class='ocr_line' id='line_1_23' title="bbox 337 3404 1762 3512; baseline 0 -32"><span class='ocrx_word' id='word_1_215' title='bbox 337 3433 380 3480; x_wconf 87' lang='lat' dir='ltr'>ex</span> <span class='ocrx_word' id='word_1_216' title='bbox 410 3404 589 3482; x_wconf 78' lang='lat' dir='ltr'>fratribus</span> <span class='ocrx_word' id='word_1_217' title='bbox 613 3405 781 3484; x_wconf 88' lang='lat' dir='ltr'>cordulis</span> <span class='ocrx_word' id='word_1_218' title='bbox 811 3404 1060 3511; x_wconf 84' lang='lat' dir='ltr'>cingebantur</span> <span class='ocrx_word' id='word_1_219' title='bbox 1090 3433 1204 3512; x_wconf 86' lang='lat' dir='ltr'>super</span> <span class='ocrx_word' id='word_1_220' title='bbox 1234 3405 1444 3493; x_wconf 87' lang='lat' dir='ltr'>camisiam,</span> <span class='ocrx_word' id='word_1_221' title='bbox 1469 3406 1592 3484; x_wconf 88' lang='lat' dir='ltr'>nescit</span> <span class='ocrx_word' id='word_1_222' title='bbox 1614 3433 1657 3482; x_wconf 88' lang='lat' dir='ltr'>ex</span> <span class='ocrx_word' id='word_1_223' title='bbox 1687 3435 1762 3511; x_wconf 87' lang='lat' dir='ltr'>qua</span> 
     </span>
     <span class='ocr_line' id='line_1_24' title="bbox 338 3533 1763 3641; baseline 0 -31"><span class='ocrx_word' id='word_1_224' title='bbox 338 3563 459 3612; x_wconf 51' lang='lat' dir='ltr'>cause.¹</span> <span class='ocrx_word' id='word_1_225' title='bbox 489 3534 705 3641; x_wconf 86' lang='lat' dir='ltr'>lnjunctum</span> <span class='ocrx_word' id='word_1_226' title='bbox 740 3533 813 3610; x_wconf 89' lang='lat' dir='ltr'>luit</span> <span class='ocrx_word' id='word_1_227' title='bbox 845 3563 912 3639; x_wconf 90' lang='lat' dir='ltr'>per</span> <span class='ocrx_word' id='word_1_228' title='bbox 937 3551 1171 3639; x_wconf 86' lang='lat' dir='ltr'>receptorem</span> <span class='ocrx_word' id='word_1_229' title='bbox 1199 3563 1314 3612; x_wconf 89' lang='lat' dir='ltr'>suum</span> <span class='ocrx_word' id='word_1_230' title='bbox 1342 3537 1450 3640; x_wconf 88' lang='lat' dir='ltr'>quod</span> <span class='ocrx_word' id='word_1_231' title='bbox 1476 3564 1553 3614; x_wconf 91' lang='lat' dir='ltr'>non</span> <span class='ocrx_word' id='word_1_232' title='bbox 1581 3535 1763 3622; x_wconf 82' lang='lat' dir='ltr'>revelaret</span> 
     </span>
    </p>
   </div>
   <div class='ocr_carea' id='block_1_4' title="bbox 212 3665 1761 3773">
    <p class='ocr_par' dir='ltr' id='par_1_4' title="bbox 212 3665 1761 3773">
     <span class='ocr_line' id='line_1_25' title="bbox 212 3665 1761 3773; baseline 0.001 -35"><span class='ocrx_word' id='word_1_233' title='bbox 212 3668 232 3729; x_wconf 78' lang='grc' dir='ltr'>’ἲ</span> <span class='ocrx_word' id='word_1_234' title='bbox 335 3666 494 3744; x_wconf 87' lang='lat' dir='ltr'>modum</span> <span class='ocrx_word' id='word_1_235' title='bbox 514 3666 749 3771; x_wconf 86' lang='lat' dir='ltr'>recepcionis.</span> <span class='ocrx_word' id='word_1_236' title='bbox 765 3693 853 3753; x_wconf 76' lang='lat' dir='ltr'>sue,</span> <span class='ocrx_word' id='word_1_237' title='bbox 875 3665 942 3770; x_wconf 89' lang='lat' dir='ltr'>qui</span> <span class='ocrx_word' id='word_1_238' title='bbox 963 3693 1051 3742; x_wconf 90' lang='lat' dir='ltr'>eum</span> <span class='ocrx_word' id='word_1_239' title='bbox 1067 3665 1267 3742; x_wconf 87' lang='lat' dir='ltr'>revelasset</span> <span class='ocrx_word' id='word_1_240' title='bbox 1280 3665 1337 3742; x_wconf 90' lang='lat' dir='ltr'>vel</span> <span class='ocrx_word' id='word_1_241' title='bbox 1353 3681 1497 3742; x_wconf 88' lang='lat' dir='ltr'>secreta</span> <span class='ocrx_word' id='word_1_242' title='bbox 1510 3665 1761 3773; x_wconf 86' lang='lat' dir='ltr'>capitulorum</span> 
     </span>
    </p>
   </div>
   <div class='ocr_carea' id='block_1_5' title="bbox 271 3776 1762 4948">
    <p class='ocr_par' dir='ltr' id='par_1_5' title="bbox 271 3776 1762 4948">
     <span class='ocr_line' id='line_1_26' title="bbox 271 3776 1762 3902; baseline 0.001 -34"><span class='ocrx_word' id='word_1_243' title='bbox 271 3776 287 3800; x_wconf 46' lang='lat' dir='ltr'>i</span> <span class='ocrx_word' id='word_1_244' title='bbox 335 3793 466 3874; x_wconf 84' lang='lat' dir='ltr'>luisset</span> <span class='ocrx_word' id='word_1_245' title='bbox 481 3797 652 3900; x_wconf 90' lang='lat' dir='ltr'>punitus,</span> <span class='ocrx_word' id='word_1_246' title='bbox 671 3797 738 3874; x_wconf 87' lang='lat' dir='ltr'>sed</span> <span class='ocrx_word' id='word_1_247' title='bbox 754 3796 874 3874; x_wconf 87' lang='lat' dir='ltr'>nescit</span> <span class='ocrx_word' id='word_1_248' title='bbox 891 3796 1065 3902; x_wconf 83' lang='lat' dir='ltr'>qualiter.</span> <span class='ocrx_word' id='word_1_249' title='bbox 1087 3795 1126 3872; x_wconf 90' lang='lat' dir='ltr'>Si</span> <span class='ocrx_word' id='word_1_250' title='bbox 1143 3793 1210 3901; x_wconf 92' lang='lat' dir='ltr'>qui</span> <span class='ocrx_word' id='word_1_251' title='bbox 1226 3813 1334 3872; x_wconf 91' lang='lat' dir='ltr'>erant</span> <span class='ocrx_word' id='word_1_252' title='bbox 1346 3796 1506 3874; x_wconf 88' lang='lat' dir='ltr'>scientes</span> <span class='ocrx_word' id='word_1_253' title='bbox 1525 3821 1672 3874; x_wconf 87' lang='lat' dir='ltr'>errores</span> <span class='ocrx_word' id='word_1_254' title='bbox 1686 3793 1762 3870; x_wconf 87' lang='lat' dir='ltr'>lue-</span> 
     </span>
     <span class='ocr_line' id='line_1_27' title="bbox 334 3923 1761 4033; baseline 0 -33"><span class='ocrx_word' id='word_1_255' title='bbox 334 3943 425 4002; x_wconf 91' lang='lat' dir='ltr'>runt</span> <span class='ocrx_word' id='word_1_256' title='bbox 446 3923 678 4033; x_wconf 79' lang='lat' dir='ltr'>negligentes</span> <span class='ocrx_word' id='word_1_257' title='bbox 705 3927 792 4032; x_wconf 76' lang='lat' dir='ltr'>qiua</span> <span class='ocrx_word' id='word_1_258' title='bbox 814 3955 890 4004; x_wconf 90' lang='lat' dir='ltr'>non</span> <span class='ocrx_word' id='word_1_259' title='bbox 911 3943 1153 4005; x_wconf 87' lang='lat' dir='ltr'>correxerunt</span> <span class='ocrx_word' id='word_1_260' title='bbox 1173 3953 1325 4004; x_wconf 85' lang='lat' dir='ltr'>cosnec</span> <span class='ocrx_word' id='word_1_261' title='bbox 1348 3925 1669 4006; x_wconf 87' lang='lat' dir='ltr'>denunciaverunt</span> <span class='ocrx_word' id='word_1_262' title='bbox 1692 3925 1761 4000; x_wconf 85' lang='lat' dir='ltr'>Ec-</span> 
     </span>
     <span class='ocr_line' id='line_1_28' title="bbox 335 4055 1761 4165; baseline 0 -33"><span class='ocrx_word' id='word_1_263' title='bbox 335 4055 460 4165; x_wconf 82' lang='lat' dir='ltr'>clesia.</span> <span class='ocrx_word' id='word_1_264' title='bbox 482 4057 715 4136; x_wconf 83' lang='lat' dir='ltr'>Elemosinas</span> <span class='ocrx_word' id='word_1_265' title='bbox 733 4075 770 4135; x_wconf 89' lang='lat' dir='ltr'>et</span> <span class='ocrx_word' id='word_1_266' title='bbox 790 4057 1085 4164; x_wconf 86' lang='lat' dir='ltr'>hospitalitatem</span> <span class='ocrx_word' id='word_1_267' title='bbox 1112 4057 1205 4135; x_wconf 88' lang='lat' dir='ltr'>vidit</span> <span class='ocrx_word' id='word_1_268' title='bbox 1231 4056 1498 4136; x_wconf 88' lang='lat' dir='ltr'>convenienter</span> <span class='ocrx_word' id='word_1_269' title='bbox 1523 4057 1605 4133; x_wconf 88' lang='lat' dir='ltr'>fieri</span> <span class='ocrx_word' id='word_1_270' title='bbox 1624 4073 1661 4134; x_wconf 91' lang='lat' dir='ltr'>et</span> <span class='ocrx_word' id='word_1_271' title='bbox 1683 4085 1761 4132; x_wconf 92' lang='lat' dir='ltr'>ser-</span> 
     </span>
     <span class='ocr_line' id='line_1_29' title="bbox 335 4186 1761 4297; baseline 0.001 -34"><span class='ocrx_word' id='word_1_272' title='bbox 335 4189 430 4277; x_wconf 87' lang='lat' dir='ltr'>vari,</span> <span class='ocrx_word' id='word_1_273' title='bbox 449 4205 505 4266; x_wconf 82' lang='lat' dir='ltr'>·et</span> <span class='ocrx_word' id='word_1_274' title='bbox 539 4186 765 4268; x_wconf 87' lang='lat' dir='ltr'>elemosinas</span> <span class='ocrx_word' id='word_1_275' title='bbox 799 4190 924 4297; x_wconf 87' lang='lat' dir='ltr'>augeri</span> <span class='ocrx_word' id='word_1_276' title='bbox 958 4190 997 4268; x_wconf 92' lang='lat' dir='ltr'>in</span> <span class='ocrx_word' id='word_1_277' title='bbox 1028 4189 1210 4268; x_wconf 88' lang='lat' dir='ltr'>domibus</span> <span class='ocrx_word' id='word_1_278' title='bbox 1242 4188 1386 4266; x_wconf 89' lang='lat' dir='ltr'>ordinis</span> <span class='ocrx_word' id='word_1_279' title='bbox 1413 4187 1615 4294; x_wconf 84' lang='lat' dir='ltr'>inquibus</span> <span class='ocrx_word' id='word_1_280' title='bbox 1642 4187 1761 4265; x_wconf 88' lang='lat' dir='ltr'>extitit</span> 
     </span>
     <span class='ocr_line' id='line_1_30' title="bbox 337 4318 1761 4434; baseline 0.004 -43"><span class='ocrx_word' id='word_1_281' title='bbox 337 4336 600 4395; x_wconf 86' lang='lat' dir='ltr'>commoratus.</span> <span class='ocrx_word' id='word_1_282' title='bbox 628 4318 782 4395; x_wconf 88' lang='lat' dir='ltr'>Audivit</span> <span class='ocrx_word' id='word_1_283' title='bbox 815 4319 887 4395; x_wconf 89' lang='lat' dir='ltr'>dici</span> <span class='ocrx_word' id='word_1_284' title='bbox 921 4322 1024 4424; x_wconf 92' lang='lat' dir='ltr'>quod</span> <span class='ocrx_word' id='word_1_285' title='bbox 1048 4321 1210 4428; x_wconf 77' lang='lat' dir='ltr'>Parisius</span> <span class='ocrx_word' id='word_1_286' title='bbox 1242 4319 1468 4434; x_wconf 84' lang='lat' dir='ltr'>tenebantur</span> <span class='ocrx_word' id='word_1_287' title='bbox 1497 4320 1672 4426; x_wconf 89' lang='lat' dir='ltr'>capitulia</span> <span class='ocrx_word' id='word_1_288' title='bbox 1697 4351 1761 4428; x_wconf 89' lang='lat' dir='ltr'>ge-</span> 
     </span>
     <span class='ocr_line' id='line_1_31' title="bbox 336 4446 1761 4556; baseline 0.004 -36"><span class='ocrx_word' id='word_1_289' title='bbox 336 4446 475 4524; x_wconf 88' lang='lat' dir='ltr'>neralia</span> <span class='ocrx_word' id='word_1_290' title='bbox 502 4476 655 4538; x_wconf 91' lang='lat' dir='ltr'>eorum,</span> <span class='ocrx_word' id='word_1_291' title='bbox 689 4448 918 4554; x_wconf 89' lang='lat' dir='ltr'>quandoque</span> <span class='ocrx_word' id='word_1_292' title='bbox 949 4448 997 4526; x_wconf 91' lang='lat' dir='ltr'>de</span> <span class='ocrx_word' id='word_1_293' title='bbox 1029 4467 1141 4528; x_wconf 90' lang='lat' dir='ltr'>nocte</span> <span class='ocrx_word' id='word_1_294' title='bbox 1172 4467 1210 4525; x_wconf 89' lang='lat' dir='ltr'>et</span> <span class='ocrx_word' id='word_1_295' title='bbox 1243 4449 1361 4538; x_wconf 82' lang='lat' dir='ltr'>clam;</span> <span class='ocrx_word' id='word_1_296' title='bbox 1397 4448 1567 4528; x_wconf 89' lang='lat' dir='ltr'>ordinata</span> <span class='ocrx_word' id='word_1_297' title='bbox 1593 4480 1662 4556; x_wconf 89' lang='lat' dir='ltr'>per</span> <span class='ocrx_word' id='word_1_298' title='bbox 1682 4453 1761 4529; x_wconf 89' lang='lat' dir='ltr'>Ma·</span> 
     </span>
     <span class='ocr_line' id='line_1_32' title="bbox 333 4579 1759 4683; baseline 0.002 -28"><span class='ocrx_word' id='word_1_299' title='bbox 333 4579 493 4683; x_wconf 69' lang='lat' dir='ltr'>‚gistrum</span> <span class='ocrx_word' id='word_1_300' title='bbox 516 4608 602 4656; x_wconf 90' lang='lat' dir='ltr'>cum</span> <span class='ocrx_word' id='word_1_301' title='bbox 624 4599 829 4668; x_wconf 88' lang='lat' dir='ltr'>conventu,</span> <span class='ocrx_word' id='word_1_302' title='bbox 851 4598 895 4656; x_wconf 88' lang='lat' dir='ltr'>nt</span> <span class='ocrx_word' id='word_1_303' title='bbox 915 4581 1058 4658; x_wconf 87' lang='lat' dir='ltr'>audivit</span> <span class='ocrx_word' id='word_1_304' title='bbox 1081 4579 1173 4668; x_wconf 86' lang='lat' dir='ltr'>dici,</span> <span class='ocrx_word' id='word_1_305' title='bbox 1199 4579 1357 4658; x_wconf 85' lang='lat' dir='ltr'>fuissent</span> <span class='ocrx_word' id='word_1_306' title='bbox 1376 4582 1577 4658; x_wconf 88' lang='lat' dir='ltr'>servatain</span> <span class='ocrx_word' id='word_1_307' title='bbox 1603 4582 1759 4672; x_wconf 88' lang='lat' dir='ltr'>ordine,</span> 
     </span>
     <span class='ocr_line' id='line_1_33' title="bbox 336 4709 1759 4820; baseline 0.004 -37"><span class='ocrx_word' id='word_1_308' title='bbox 336 4726 596 4814; x_wconf 83' lang='lat' dir='ltr'>contraquam</span> <span class='ocrx_word' id='word_1_309' title='bbox 614 4737 715 4788; x_wconf 90' lang='lat' dir='ltr'>nunc</span> <span class='ocrx_word' id='word_1_310' title='bbox 729 4711 884 4818; x_wconf 88' lang='lat' dir='ltr'>grandia</span> <span class='ocrx_word' id='word_1_311' title='bbox 905 4710 1092 4802; x_wconf 87' lang='lat' dir='ltr'>scandala,</span> <span class='ocrx_word' id='word_1_312' title='bbox 1110 4711 1272 4820; x_wconf 86' lang='lat' dir='ltr'>suspicio</span> <span class='ocrx_word' id='word_1_313' title='bbox 1289 4727 1328 4788; x_wconf 89' lang='lat' dir='ltr'>et</span> <span class='ocrx_word' id='word_1_314' title='bbox 1344 4709 1498 4788; x_wconf 81' lang='lat' dir='ltr'>infamia</span> <span class='ocrx_word' id='word_1_315' title='bbox 1516 4730 1605 4790; x_wconf 89' lang='lat' dir='ltr'>sunt</span> <span class='ocrx_word' id='word_1_316' title='bbox 1622 4729 1759 4789; x_wconf 86' lang='lat' dir='ltr'>exorta.</span> 
     </span>
     <span class='ocr_line' id='line_1_34' title="bbox 337 4838 1760 4948; baseline 0.005 -35"><span class='ocrx_word' id='word_1_317' title='bbox 337 4838 487 4916; x_wconf 70' lang='lat' dir='ltr'>audivit</span> <span class='ocrx_word' id='word_1_318' title='bbox 518 4840 591 4916; x_wconf 89' lang='lat' dir='ltr'>dici</span> <span class='ocrx_word' id='word_1_319' title='bbox 621 4867 799 4947; x_wconf 84' lang='lat' dir='ltr'>magnum</span> <span class='ocrx_word' id='word_1_320' title='bbox 829 4842 1048 4948; x_wconf 84' lang='lat' dir='ltr'>Magistrum</span> <span class='ocrx_word' id='word_1_321' title='bbox 1074 4859 1112 4916; x_wconf 90' lang='lat' dir='ltr'>et</span> <span class='ocrx_word' id='word_1_322' title='bbox 1143 4841 1236 4918; x_wconf 92' lang='lat' dir='ltr'>alios</span> <span class='ocrx_word' id='word_1_323' title='bbox 1265 4840 1412 4948; x_wconf 78' lang='lat' dir='ltr'>aliquos</span> <span class='ocrx_word' id='word_1_324' title='bbox 1439 4869 1584 4919; x_wconf 89' lang='lat' dir='ltr'>errores</span> <span class='ocrx_word' id='word_1_325' title='bbox 1616 4841 1760 4920; x_wconf 84' lang='lat' dir='ltr'>conses-</span> 
     </span>
    </p>
   </div>
   <div class='ocr_carea' id='block_1_6' title="bbox 1586 5003 1612 5062">
    <p class='ocr_par' dir='ltr' id='par_1_6' title="bbox 1586 5003 1612 5062">
     <span class='ocr_line' id='line_1_35' title="bbox 1586 5003 1612 5062; baseline 0 -24"><span class='ocrx_word' id='word_1_326' title='bbox 1586 5003 1612 5062; x_wconf 76' lang='lat'>7.</span> 
     </span>
    </p>
   </div>
   <div class='ocr_carea' id='block_1_7' title="bbox 0 0 2166 5892">
    <p class='ocr_par' dir='ltr' id='par_1_7' title="bbox 0 0 2166 5892">
     <span class='ocr_line' id='line_1_36' title="bbox 0 0 2166 5892; baseline 0 0"><span class='ocrx_word' id='word_1_327' title='bbox 0 0 2166 5892; x_wconf 95' lang='lat' dir='ltr'> </span> 
     </span>
    </p>
   </div>
  </div>
 </body>
</html>
