4202 5876
683 497 880 589 rnocns
906 516 1002 588 ons
1029 515 1330 590 rnurxrnns.
1647 518 1716 594 ter

353 656 476 761 Super
497 654 672 732 omnibus
696 656 777 734 aliis
798 685 886 736 vero
916 657 1162 765 interrogatus
1189 658 1398 765 diligenter,
1426 658 1519 736 dixit
1541 687 1581 737 se
1603 660 1719 738 nichil

294 785 455 894 amplius
475 787 569 864 scire
588 813 658 865 nec
673 787 842 879 credere,
862 789 933 866 nisi
948 807 991 866 ut
1010 816 1120 895 supra
1135 788 1351 870 testificatus
1367 807 1422 868 est
1434 790 1472 866 in
1487 791 1690 897 premissis.

351 1047 459 1126 Anno
480 1066 519 1127 et
532 1047 594 1126 die
613 1047 753 1155 quihus
769 1077 893 1156 supra.

352 1179 461 1258 XIIII.
490 1181 619 1258 Frater
645 1179 872 1259 Guillelmns
898 1178 1105 1259 Marturelli
1133 1180 1275 1260 ordinis
1303 1181 1390 1260 dicti
1410 1182 1560 1288 Templi
1586 1182 1721 1261 domus

296 1310 416 1388 Mansi
431 1311 521 1403 Dei,
538 1310 643 1389 testis
653 1311 800 1418 juratus
814 1312 862 1388 ad
880 1327 1003 1389 sancta
1015 1311 1086 1390 Dei
1099 1311 1296 1418 Evangelia
1310 1339 1422 1418 super
1439 1312 1620 1418 predictis
1635 1315 1723 1391 arti-
1842 1393 1847 1403 ,

296 1441 390 1518 culis
407 1445 592 1520 eteorum
612 1441 797 1548 quolibet,
821 1441 892 1520 sihi
908 1440 1083 1546 expositis
1098 1441 1137 1517 in
1152 1441 1312 1548 uulgari,
1329 1460 1372 1519 ut
1387 1443 1602 1549 principalis
1618 1444 1665 1521 de
1682 1473 1721 1521 se

296 1571 394 1678 ipso,
409 1589 445 1648 et
455 1589 499 1650 ut
511 1573 618 1650 testis
631 1572 678 1649 de
694 1572 791 1661 aliis,
814 1571 1012 1681 diligenter
1027 1588 1064 1647 et
1078 1571 1267 1680 sigillatim
1283 1573 1545 1678 interrogatus,
1567 1601 1724 1679 respon·
1815 1674 1819 1682 Ι

255 1701 261 1714 ’
297 1702 389 1778 dens
404 1701 450 1778 ad
469 1702 651 1807 primum,
675 1726 838 1780 tt-xxtx
859 1702 1050 1790 articulos,
1068 1701 1215 1811 negavit
1234 1703 1334 1808 ipsos
1352 1702 1530 1780 articulos
1544 1719 1581 1778 et
1597 1704 1722 1780 omnia
1754 1797 1763 1813 ,

296 1849 334 1908 et
353 1832 497 1939 singula
519 1847 693 1910 contenta
712 1833 751 1908 in
772 1833 841 1921 eis,
865 1832 993 1909 dicens
1015 1859 1054 1908 se
1081 1831 1234 1910 credere
1262 1829 1421 1908 firmiter
1439 1832 1596 1909 Jhesum
1615 1831 1724 1910 Chri-

296 1979 396 2040 stum
415 1963 485 2040 Dei
506 1961 627 2040 filiurn
652 1980 690 2039 et
716 1962 825 2039 beate
845 1963 962 2040 Marie
983 1989 1132 2068 semper
1158 1962 1324 2071 Virginis
1346 1989 1495 2068 passum
1522 1962 1634 2040 luisse
1653 1991 1722 2069 pro

296 2092 563 2198 redempcione
585 2092 740 2170 humani
759 2093 923 2198 generis,
942 2119 1021 2169 non
1040 2073 1109 2198 pro
1128 2092 1288 2198 peccatis
1308 2091 1400 2181 suis,
1423 2121 1509 2168 cum
1529 2121 1723 2198 nunquam
1753 2173 1756 2190 ⁸

296 2224 516 2328 peccaverit3
536 2239 626 2300 etse
646 2221 786 2300 hahere
798 2251 904 2329 spem
917 2220 1124 2299 salvationis
1142 2220 1316 2298 habende
1336 2249 1404 2326 per
1424 2249 1511 2298 eum
1526 2219 1664 2311 solum;
1687 2239 1724 2299 et

298 2353 551 2432 creditomnia
562 2369 786 2430 sacramenta
798 2349 1053 2440 ecclesiastica,
1064 2367 1176 2456 prout
1184 2367 1307 2428 sancta
1319 2349 1612 2428 materEcclesia
1622 2367 1724 2429 tenet

298 2501 334 2560 et
355 2483 479 2575 docet3
501 2501 540 2561 et
552 2485 655 2562 idem
667 2483 788 2560 credit
800 2483 846 2560 de
861 2482 941 2560 aliis
955 2481 1131 2560 fratribus
1145 2481 1234 2558 dicti
1250 2481 1405 2559 ordinis.
1420 2481 1595 2559 Adiciens
1608 2483 1724 2560 eciam

287 2613 402 2719 ·qnod
414 2631 473 2691 ter
490 2615 529 2691 in
543 2640 640 2690 anno
654 2612 825 2718 quolibet
839 2612 920 2719 ipse
937 2614 975 2689 et
991 2611 1052 2688 alii
1072 2609 1204 2688 fratres
1219 2610 1309 2688 dicti
1327 2611 1472 2690 ordinis
1485 2641 1571 2690 cum
1586 2611 1725 2719 quibus

298 2762 532 2822 conversatus
554 2761 609 2821 est
627 2741 792 2822 adoravit
812 2759 850 2820 et
869 2742 1115 2822 adoraverimt
1134 2769 1285 2830 crucem
1309 2741 1446 2820 Christi
1470 2743 1667 2822 humiliter
1687 2759 1725 2820 et

301 2875 446 2953 devote.
1377 2863 1382 2872 ⁸

302 3035 307 3052 ·
354 3005 454 3083 Dixit
470 3007 587 3084 eciam
602 3035 642 3083 se
657 3004 812 3083 credere
832 3003 936 3112 quod
955 3004 1082 3082 nullus
1101 3005 1219 3111 possit
1238 3002 1407 3082 confiteri
1427 3002 1538 3080 alicui
1559 3031 1624 3080 sua
1639 3033 1725 3110 pec-

298 3153 376 3214 cata
396 3165 465 3214 nec
485 3136 531 3214 ah
553 3165 598 3215 eo
625 3138 792 3243 recipere
816 3136 1068 3244 penitenciam
1090 3135 1304 3225 salutarem,
1326 3135 1398 3212 nisi
1422 3163 1445 3210 a
1468 3134 1725 3214 sacerdotibus

300 3265 387 3346 dicti
404 3267 563 3358 ordinis,
584 3265 642 3344 vel
654 3267 700 3344 ah
715 3266 796 3343 aliis
811 3265 1064 3344 sacerdotibus
1077 3265 1261 3373 religiosis
1275 3265 1335 3343 rel
1347 3264 1577 3344 secularibus
1586 3265 1725 3372 quihus

298 3399 473 3477 execucio
493 3399 636 3476 ordinis
655 3399 703 3476 sit
718 3424 903 3477 concessa.
1288 3405 1293 3416 '

353 3528 413 3607 Ad
431 3557 661 3610 xxx-xxxix
680 3529 857 3608 articulos
873 3528 1068 3618 inclusive,
1092 3528 1292 3636 diligenter
1306 3545 1343 3604 et
1357 3526 1546 3634 sigillatim
1566 3527 1725 3604 interro-

296 3675 419 3768 gatus,
441 3660 673 3766 respondens
688 3659 835 3766 negavit
849 3660 950 3765 ipsos
965 3659 1140 3737 articulos
1154 3675 1192 3736 et
1206 3657 1333 3736 omnia
1346 3672 1383 3734 et
1395 3655 1537 3764 singula
1552 3675 1726 3735 contenta

298 3789 423 3877 ineis,
445 3807 598 3892 excepto
619 3789 747 3864 osculo
768 3790 844 3864 oris
859 3804 1023 3875 tanturn,
1046 3788 1150 3893 quod
1167 3786 1357 3864 confessus
1375 3805 1430 3864 est
1446 3785 1567 3866 facere
1584 3804 1623 3864 et
1637 3787 1725 3864 dare

296 3934 489 4024 receptum
509 3917 549 3993 in
569 3917 702 3995 ordine
720 3916 934 4022 supradicto
960 3918 1155 4024 recipienti
1183 3935 1222 3994 et
1243 3916 1431 4022 aliquibus
1455 3916 1633 3995 fratribus
1654 3918 1725 3996 cir-

298 4047 571 4124 cumstantibus
591 4047 736 4124 ordinis
756 4047 969 4154 supradicti.

352 4179 446 4256 Item
462 4177 652 4256 confessus
668 4195 724 4256 est
738 4179 843 4284 quod
861 4177 993 4256 fratres
1007 4165 1147 4286 recepti
1166 4179 1206 4258 in
1225 4177 1305 4284 ipso
1319 4178 1454 4266 ordine
1474 4177 1722 4257 incontinenti

296 4307 484 4386 hahentur
497 4335 566 4415 pro
576 4308 753 4417 professis
770 4325 856 4415 post
867 4308 924 4386 sui
940 4309 1221 4416 recepcionem3
1236 4310 1306 4386 sed
1319 4337 1468 4386 causam
1483 4336 1615 4415 qnare,
1634 4309 1725 4386 dixit

296 4467 334 4515 se
350 4439 511 4528 nescire,
529 4439 600 4518 nisi
615 4440 720 4548 quod
733 4438 874 4516 audivit
889 4438 963 4515 dici
976 4439 1080 4546 quod
1092 4439 1144 4517 sic
1159 4439 1229 4516 fuit
1248 4439 1342 4516 olim
1356 4467 1425 4546 per
1439 4455 1586 4518 sanctos
1600 4457 1723 4546 patres

293 4569 358 4676 qui
381 4569 523 4648 dictum
544 4570 718 4648 ordinem
739 4587 950 4676 statuerunt
967 4584 1146 4646 statutum
1168 4585 1205 4648 et
1222 4569 1450 4648 ordinatum.

348 4703 443 4779 ltem
456 4699 646 4779 confessus
662 4718 717 4780 est
732 4701 838 4808 quod
847 4701 1017 4807 recopcio
1033 4701 1200 4807 ipsorum
1214 4699 1373 4778 fratrum
1393 4729 1490 4809 quos
1502 4699 1618 4805 recipi
1632 4699 1725 4778 vidit

293 4831 332 4907 in
360 4831 475 4909 domo
500 4831 619 4910 Mansi
639 4832 729 4925 Dei,
759 4833 847 4939 quia
867 4831 954 4910 alibi
975 4833 1089 4939 recipi
1114 4831 1240 4910 nullos
1258 4831 1369 4921 vidit,
1398 4829 1469 4918 luit
1491 4829 1583 4908 lacta
1603 4829 1643 4905 in
1668 4859 1726 4910 ca·

403 4991 510 5050 rancis
533 5009 585 5050 ors
607 5009 884 5053 rennuens-11.
1152 5015 1154 5020 ’
1524 4985 1560 5048 6ι
