4208 5886
682 531 876 626 enocts
908 549 1005 622 ons
1034 549 1340 622 renarrans.
1643 549 1719 620 ase

298 725 389 804 pum
405 694 664 786 Parisiensem,
678 693 784 770 lectis
798 709 835 769 et
850 690 1053 798 diligenter
1062 689 1316 795 expositissibi
1328 688 1508 766 omnibus
1517 687 1720 794 etsingulis

296 826 481 917 articulis,
499 804 694 930 respondit
712 824 817 930 quod
834 847 1029 928 nunquam
1053 820 1197 896 viderat
1220 819 1384 926 aliquem
1403 816 1522 894 alium
1546 817 1661 922 recipi
1682 817 1721 891 in

296 955 448 1047 ordine,
469 954 571 1032 unde
586 953 789 1042 nesciebat,
811 979 882 1029 nec
901 949 1098 1040 credebat,
1116 977 1193 1027 nec·
1205 949 1395 1026 audiverat
1416 945 1490 1024 dici
1508 946 1556 1022 de
1573 963 1722 1024 conten-

294 1086 343 1162 tis
359 1087 396 1163 in
414 1087 467 1164 eis
486 1085 557 1162 nisi
574 1085 678 1191 quod
693 1083 865 1189 sequitur
881 1114 890 1158 ε
909 1081 1086 1158 videlicet
1097 1082 1221 1186 quod,
1239 1079 1307 1156 ilio
1325 1105 1423 1156 auno
1440 1106 1516 1184 quo
1531 1076 1633 1154 Acon
1651 1075 1722 1154 luit

233 1297 239 1310 ,
295 1216 512 1322 perditum,
541 1215 620 1320 ipse
643 1213 748 1290 testis
775 1211 846 1289 suit
873 1227 1047 1317 receptus
1074 1211 1172 1286 ultra
1200 1237 1322 1298 mare,
1350 1209 1390 1284 in
1420 1207 1562 1312 capella
1585 1207 1722 1283 domus

296 1345 447 1451 Templi
478 1345 533 1420 de
553 1343 723 1450 sydone,
750 1369 817 1447 per
846 1341 1000 1418 fratrem
1028 1340 1258 1418 Ademarum
1291 1339 1340 1414 de
1371 1339 1527 1414 Perussa
1558 1335 1720 1412 militem

296 1471 763 1582 quondam,‘preseutibus
784 1471 932 1550 circiter
949 1497 995 1546 nu
1016 1469 1209 1558 fratribus,
1230 1470 1329 1544 iuter
1345 1493 1442 1574 quos
1462 1483 1568 1542 erant
1590 1465 1722 1542 fratres

294 1605 475 1682 Ricardus
484 1619 526 1678 et
537 1601 780 1708 llaymundus
794 1601 994 1707 Stephani,
1009 1598 1241 1677 Guillelmus
1252 1598 1301 1674 de
1311 1598 1462 1700 Ruppe,
1475 1595 1721 1708 Raymundus

295 1735 546 1840 d'Espinasses
561 1733 720 1818 milites,
734 1735 868 1810 Petrus
882 1733 1089 1808 Tamssone
1111 1731 1158 1807 de
1178 1729 1323 1836 Lingua
1337 1728 1515 1806 Occitana
1537 1725 1717 1812 serviens,

294 1894 391 1972 quos
411 1865 533 1942 credit
551 1891 631 1942 esse
650 1863 691 1938 in
710 1864 865 1968 Chipro.
886 1862 919 1938 A
937 1889 1021 1967 quo
1035 1877 1246 1966 receptore,
1263 1886 1349 1936 curn
1370 1857 1449 1963 ipse
1463 1855 1570 1934 testis
1589 1853 1721 1934 suisset

294 1995 514 2100 peregrinus
532 1993 630 2070 ultra
650 2020 753 2068 mare
778 2009 816 2068 et
837 1990 1056 2068 defficerent
1076 1989 1149 2066 sibi
1176 2015 1350 2093 expense,
1374 1985 1566 2094 requisivit
1590 2013 1659 2090 per
1681 2013 1720 2062 se

298 2140 336 2199 et
350 2123 566 2228 peramicos
578 2149 666 2198 suos
678 2149 718 2199 se
729 2121 777 2198 ad
793 2120 935 2198 dictum
952 2120 1127 2198 ordinem
1142 2118 1277 2223 reeipi;
1294 2134 1429 2194 etcum
1446 2117 1480 2192 ei
1498 2143 1720 2220 responsum

294 2251 429 2330 fuisset
445 2251 550 2357 quod
564 2250 664 2328 bene
680 2248 924 2337 deliberaret,
940 2249 1026 2354 quia
1042 2264 1234 2353 oporteret
1254 2273 1341 2322 eum
1354 2275 1375 2322 a
1390 2273 1429 2322 sc
1444 2245 1616 2322 abdicare
1632 2275 1719 2350 pro-

295 2383 412 2485 priam
429 2381 677 2468 voluntatem,
700 2396 738 2456 et
756 2377 876 2455 multa
891 2379 985 2456 dura
999 2394 1036 2454 et
1046 2405 1178 2482 aspera
1193 2375 1395 2466 sustinere,
1417 2392 1459 2452 et
1473 2375 1551 2480 ipse
1564 2402 1719 2482 respon-

296 2508 410 2586 disset
425 2511 529 2616 quod
543 2510 641 2587 bene
658 2509 786 2587 omnia
805 2507 1025 2598 sustineret,
1049 2506 1230 2584 concessit
1243 2504 1368 2583 dietus
1382 2521 1570 2610 receptor,
1592 2505 1640 2580 de
1656 2534 1718 2582 vo-

294 2638 437 2716 luntate
458 2639 636 2728 aliorum,
656 2637 760 2744 quod
774 2637 957 2744 reciperet
969 2637 1244 2742 eum,prestito
1262 2634 1365 2738 prius
1377 2661 1445 2740 per
1459 2635 1718 2741 jurmnentum

294 2765 341 2842 ab
358 2795 405 2844 eo
424 2766 528 2874 quod
548 2783 628 2844 erat
643 2766 767 2843 bonus
782 2765 1030 2855 Christianus,
1048 2782 1088 2842 et
1103 2765 1207 2870 quod
1225 2791 1302 2840 non
1323 2780 1403 2840 erat
1422 2764 1719 2840 excommunica·-

293 2913 370 2988 tus,
392 2925 462 2974 nec
475 2897 636 2974 babebat
647 2895 905 2973 infirmitatem
916 2896 1114 2987 latentem,
1136 2923 1206 2972 nec
1219 2912 1299 2972 erat
1314 2894 1420 2972 elteri
1436 2893 1629 3000 religioni,
1645 2921 1719 2970 ma·

295 3026 555 3104 trimonionec
565 3025 701 3104 debitis
714 3055 788 3132 que
797 3053 877 3104 non
888 3039 1017 3132 posset
1027 3027 1170 3104 solvere
1183 3025 1381 3132 obligatuea
1395 3041 1435 3104 ct
1445 3023 1536 3109 dixit
1551 3022 1585 3100 ei
1598 3024 1714 3130 quod,

293 3155 324 3230 si
342 3156 488 3259 aliquid
503 3183 546 3232 ex
565 3156 743 3260 predictis
762 3156 1045 3260 impedimentis
1064 3183 1106 3232 er
1126 3155 1324 3260 postfacto
1344 3155 1573 3259 reperiretur
1592 3155 1631 3231 in
1651 3181 1714 3243 eo,

291 3281 541 3386 expelleretur
554 3283 602 3358 de
614 3282 747 3358 ordine
758 3284 983 3388 supradicto.
996 3285 1085 3360 Post
1099 3312 1173 3390 que
1189 3283 1277 3360 lecit
1291 3312 1378 3362 cum
1394 3309 1526 3360 vovere
1541 3301 1579 3359 et
1587 3285 1715 3392 jurare

292 3411 513 3501 castitatem,
536 3411 810 3500 obedienciam,
832 3412 954 3490 vivere
972 3412 1054 3490 sine
1073 3414 1243 3518 proprio,
1264 3439 1413 3490 servare
1428 3412 1551 3490 bouos
1569 3441 1659 3490 usus
1678 3431 1716 3490 et

289 3540 408 3616 bonas
422 3539 713 3616 consuetudines
727 3567 801 3646 que
816 3557 906 3618 tunc
919 3559 1024 3618 erant
1038 3541 1077 3618 in
1096 3542 1229 3620 ordine
1246 3559 1283 3616 et
1298 3543 1426 3646 quein
1441 3559 1634 3647 posterum
1650 3543 1715 3618 im·

289 3686 520 3773 ponerentur
528 3697 596 3775 per
602 3671 822 3776 Magistrum
832 3701 920 3748 cum
933 3671 1094 3750 consilio
1105 3671 1400 3778 presbiterorum
1417 3672 1571 3761 ordinis,
1585 3689 1622 3750 et
1636 3701 1712 3750 non

290 3800 471 3879 revelaret
488 3817 628 3880 secreta
645 3801 926 3906 capituliorum,
949 3803 997 3880 de
1012 3803 1129 3880 modo
1144 3802 1373 3908 recepciouis
1385 3801 1535 3908 speciali
1554 3828 1632 3880 non
1647 3803 1714 3879 ba-

293 3929 370 4006 bita
387 3931 602 4020 mencioue3
620 3949 658 4008 et
673 3932 850 4037 imposito
868 3931 940 4010 sibi
957 3931 1155 4021 mantello,
1173 3949 1346 4039 receptor
1360 3950 1399 4010 et
1411 3949 1571 4010 astantes
1582 3930 1713 4008 fratres

290 4057 336 4134 de
357 4060 504 4166 Lingua
515 4061 693 4138 Occitana
713 4060 866 4138 luerunt
882 4060 921 4138 in
938 4089 1003 4138 cre
1019 4060 1173 4141 osculati
1188 4062 1378 4140 eumdem.
1397 4064 1571 4166 Postque
1592 4061 1713 4138 dictus

208 4268 212 4274 ,
293 4206 463 4292 receptor
472 4191 646 4268 instruxit
660 4219 746 4268 eum
758 4208 853 4296 quot
863 4192 975 4270 Pater
985 4189 1330 4296 nosterdiceretpro
1340 4192 1444 4270 horis
1453 4189 1715 4296 suis,etqueli·

289 4333 349 4394 ter
357 4337 502 4424 regeret
513 4347 553 4397 se
568 4322 609 4398 in
624 4321 770 4398 ordine.
788 4321 875 4413 Quo
889 4321 998 4412 lacto,
1014 4320 1127 4398 lrater
1139 4321 1343 4427 Raynerius
1356 4321 1494 4427 Lorgni
1509 4319 1619 4396 miles
1632 4319 1714 4396 Gal-

287 4445 430 4524 licanus
444 4465 483 4524 et
496 4466 573 4526 tres
587 4448 720 4526 iratres
734 4449 954 4540 servientes,
971 4477 1135 4555 quorum
1149 4449 1302 4526 nomina
1317 4467 1355 4527 et
1370 4449 1592 4555 cognomina
1606 4449 1713 4556 igno·

285 4593 352 4668 rat,
367 4578 542 4656 dixerunt
557 4580 682 4657 eidem
695 4580 781 4658 testi
792 4580 938 4660 sedenti
949 4607 1074 4656 coram
1086 4579 1186 4656 dicto
1195 4597 1401 4686 receptore,
1412 4579 1518 4685 quod
1530 4596 1710 4684 surgeret,

287 4707 373 4811 quia
390 4709 570 4786 ducerent
586 4737 675 4786 eum
693 4708 742 4785 ad
757 4709 996 4788 induendum
1015 4727 1135 4788 vestes
1147 4709 1351 4816 religionis3
1368 4727 1406 4786 et
1420 4737 1506 4788 cum
1523 4707 1713 4786 duxissent

285 4864 372 4916 eum
384 4839 432 4914 ad
441 4839 643 4916 sacristiam
653 4839 904 4946 propinquam
914 4841 1012 4918 dicte
1026 4838 1193 4928 ecclesie,
1212 4855 1250 4916 et
1257 4840 1440 4918 induisset
1451 4839 1567 4915 dictas
1578 4854 1709 4926 vestes,

1508 4957 1556 5015 33.
