4208 5886
376 522 451 596 rra
757 502 952 596 mouns
981 520 1080 594 ons
1110 469 1419 596 rennuens,

426 665 556 740 Frater
571 662 705 740 Petrus
728 660 775 738 de
795 660 988 742 Nobiliaco
1007 661 1186 751 serviens,
1209 661 1488 742 Lemovicensis
1504 660 1681 754 diocesis,
1697 667 1804 745 testis

369 820 483 900 supra
498 792 663 900 juratus,
690 791 914 871 mantellum
937 791 1082 870 ordinis
1101 807 1140 868 et
1161 789 1316 870 barbam
1337 791 1542 881 defferens,
1567 793 1802 902 quinquege-

370 924 498 1022 narius
519 922 577 1000 vel
597 923 712 1014 circa,
740 951 826 1000 cum
847 949 923 1030 quo
948 920 1172 1029 inquisitum
1193 920 1332 1014 fuerat,
1358 922 1554 1004 absolutus
1576 939 1614 1002 et
1634 925 1803 1003 reconci-

370 1053 482 1133 liatus
510 1082 577 1161 per
603 1053 802 1134 dominum
828 1054 1048 1160 episcopum
1078 1053 1381 1148 Xantonensem‚
1407 1053 1514 1134 lectis
1539 1071 1577 1132 et
1601 1053 1804 1164 diligenter

372 1185 546 1291 expositis
565 1184 636 1265 sibi
657 1185 834 1267 omnibus
847 1201 886 1262 et
897 1183 1057 1291 singulis
1076 1183 1259 1277 articulis,
1277 1184 1474 1292 respoudit
1491 1214 1531 1263 sa
1548 1185 1711 1280 nescire,
1732 1215 1804 1266 nec

371 1316 543 1404 credere,
572 1345 641 1394 nec
670 1317 852 1396 audivisse
867 1315 953 1392 dici
982 1316 1031 1390 dc
1052 1316 1241 1392 contentis
1264 1315 1303 1390 in
1328 1316 1382 1392 eis
1401 1315 1473 1393 nisi
1489 1316 1595 1422 quod
1608 1319 1800 1424 sequntur:

369 1445 472 1525 Dim
487 1473 623 1550 nempe
648 1473 686 1522 se
706 1443 821 1527 luisse
842 1459 1037 1552 receptum
1061 1443 1100 1522 in
1118 1443 1259 1549 capella
1275 1444 1415 1524 domus
1435 1445 1587 1553 Templi
1609 1447 1802 1556 Burdega-

370 1577 501 1664 lensis,
533 1605 601 1682 per
638 1576 792 1655 fratrem
827 1573 973 1654 Heliam
1010 1573 1216 1654 Audcmari
1243 1577 1498 1682 presbiterum
1521 1579 1733 1685 quondam,
1761 1581 1801 1656 in

370 1706 465 1786 sesto
476 1707 659 1786 Omnium
671 1708 896 1788 Sanctorum
906 1707 1081 1812 proximo
1097 1706 1278 1809 preterito
1293 1707 1451 1788 suerunt
1459 1710 1607 1790 circiter
1617 1707 1683 1788 nnti
1694 1711 1799 1802 anni,

371 1837 610 1944 presentibus
629 1836 808 1915 fratribus
828 1835 935 1914 Helia
959 1835 1046 1942 Apri
1061 1835 1256 1942 quondam
1276 1836 1420 1930 milite,
1447 1839 1715 1930 xantonensis,
1738 1841 1803 1916 Pe

369 1985 429 2048 tro
454 1967 588 2047 Daubo
617 1966 833 2054 Vienensis,
869 1983 906 2044 et
936 1967 1049 2044 Petro
1076 1965 1125 2043 de
1151 1965 1367 2046 Castelione
1397 1965 1688 2078 burdegalensis
1719 1969 1802 2048 dio·

371 2097 535 2186 cesiurn,
558 2096 805 2175 servientibus
831 2093 1050 2186 deffunctis,
1074 2124 1092 2172 a
1113 2123 1190 2202 quo
1208 2114 1403 2203 receptore
1424 2097 1537 2204 peciit
1557 2125 1595 2174 se
1621 2098 1736 2204 recipi
1756 2101 1802 2178 ad

371 2225 515 2304 dictum
534 2227 727 2317 ordinem,
747 2244 787 2304 et
806 2228 969 2332 prescito
994 2224 1042 2304 ab
1065 2253 1111 2302 eo
1131 2253 1200 2332 per
1213 2227 1475 2333 juramentum
1491 2227 1601 2336 quod
1622 2255 1699 2306 non
1721 2245 1800 2306 crat

369 2357 629 2446 matrimonio,
651 2355 707 2434 vel
722 2355 1015 2462 dtcrirelig'oui
1034 2354 1238 2463 obligatus,
1259 2383 1330 2434 nec
1350 2357 1711 2448 excommunicatus,
1731 2387 1801 2436 nec

369 2487 513 2566 servilis
537 2485 788 2577 condicionis,
814 2513 884 2564 nco
908 2485 1073 2566 babebat
1098 2486 1357 2566 infirmitatem
1377 2486 1577 2580 latentem,
1598 2488 1687 2568 lecit
1711 2517 1800 2566 eum

368 2643 502 2694 vovere
528 2634 565 2694 et
584 2617 713 2725 jurare
730 2619 955 2704 castitatem,
972 2615 1251 2707 obedienciam,
1278 2633 1315 2694 et
1334 2617 1455 2696 vivere
1471 2619 1552 2699 sine
1573 2621 1745 2726 proprio,
1763 2637 1801 2696 et

369 2775 515 2825 servare
530 2748 653 2826 bonos
669 2776 758 2826 usus
772 2748 839 2854 qui
853 2765 947 2826 tuno
963 2763 1070 2827 erant
1084 2747 1124 2824 in
1144 2747 1297 2837 ordine,
1314 2765 1355 2828 et
1367 2777 1441 2856 que
1460 2750 1710 2855 inposterum
1726 2748 1800 2826 im-

369 2895 621 2983 poncrentur3
648 2897 686 2956 et
705 2879 882 2984 imposito
907 2877 978 2956 sibi
1005 2877 1206 2970 mantello,
1227 2895 1400 2986 receptor
1421 2895 1462 2956 et
1486 2907 1619 2961 omnes
1638 2897 1800 2958 astantes

369 3007 524 3086 luerunt
541 3035 628 3086 eum
650 3009 803 3088 osculati
828 3009 866 3086 in
886 3034 966 3088 ore.
985 3009 1161 3118 Postque
1183 3010 1350 3115 precepit
1370 3011 1403 3086 ei
1422 3009 1544 3089 dictus
1561 3027 1744 3116 receptor,
1760 3011 1798 3086 in

368 3139 559 3242 presencia
588 3138 866 3243 predictorum,
896 3138 1001 3242 quod
1025 3139 1226 3242 abnegaret
1253 3140 1379 3219 Deum
1406 3167 1472 3216 ore
1500 3165 1577 3212 non
1600 3139 1734 3220 corde,
1760 3157 1803 3208 es

370 3269 450 3372 ipse
473 3268 577 3344 testis
597 3265 764 3344 obedivit
789 3264 843 3354 εἰς
865 3291 943 3342 non
968 3281 1096 3344 tamen
1116 3262 1187 3342 sibi
1211 3263 1390 3370 expressit
1414 3263 1520 3370 quod
1543 3263 1616 3340 hoc
1633 3279 1732 3344 assas
1750 3261 1798 3338 de

368 3397 518 3502 punctis
533 3396 694 3486 ordinis,
710 3423 780 3472 nec
796 3394 887 3474 lecit
901 3395 936 3472 ei
953 3394 1032 3500 ipse
1048 3393 1107 3470 vel
1120 3392 1215 3472 alius
1231 3392 1279 3470 de
1295 3391 1369 3474 alio
1391 3391 1523 3474 illicito
1542 3392 1796 3473 mencionem.

368 3527 584 3634 Requisitus
603 3525 634 3604 si
659 3527 743 3614 scit,
765 3525 901 3616 credit,
922 3523 980 3606 vet
998 3524 1141 3604 audivit
1161 3521 1235 3600 dici
1254 3522 1361 3628 qnod
1380 3521 1509 3606 fratres
1530 3522 1675 3602 ordinis
1695 3549 1798 3600 com-

369 3657 535 3735 muniter
548 3661 777 3764 abnegarent
788 3657 920 3734 Deum
929 3655 970 3732 in
983 3651 1268 3760 recepcionibus
1283 3653 1360 3732 suis
1372 3652 1431 3732 vel
1443 3669 1543 3759 post,
1560 3653 1619 3730 vel
1630 3651 1796 3732 facerent

368 3786 439 3864 alia
455 3786 592 3864 illicita
617 3803 792 3866 contenta
816 3785 859 3864 in
878 3783 1059 3875 articulis,
1085 3782 1284 3890 respondit
1302 3810 1342 3861 se
1362 3783 1492 3889 pocius
1510 3782 1664 3862 credere
1691 3782 1798 3888 quod

368 3945 445 3996 non
471 3945 585 4023 quam
606 3917 712 4023 quod
737 3919 804 4009 sic,
835 3916 922 4022 quia
944 3943 1023 3992 non
1044 3914 1138 3991 vidit
1159 3913 1258 3992 dicta
1283 3913 1414 3995 illicita
1438 3914 1538 4006 lieri,
1563 3939 1632 3990 neo
1655 3912 1797 3993 audivit

370 4047 442 4124 dici
463 4047 570 4154 quod
591 4047 742 4133 fierent,
761 4061 800 4122 et
820 4062 948 4122 temen
972 4043 1192 4124 interfuerat
1216 4043 1428 4150 recepcioni
1454 4043 1619 4123 duorum
1638 4041 1794 4122 fratrum

369 4177 416 4254 de
441 4178 583 4285 Lingua
611 4175 820 4284 Galligaua‚
850 4201 1016 4280 quorum
1043 4173 1222 4280 quislibet
1250 4172 1452 4255 vocabatur
1484 4173 1691 4266 lohannes,
1729 4171 1796 4248 sed

368 4335 500 4386 eornm
521 4307 743 4416 cognomina
767 4306 924 4413 ignorat.
953 4304 1029 4398 Qui
1046 4304 1202 4383 luerunt
1221 4306 1361 4411 recepti
1384 4331 1452 4410 por
1469 4304 1622 4382 fratrem
1641 4301 1797 4386 Gaufre·

368 4439 461 4516 dum
491 4438 539 4516 de
558 4433 749 4516 Bonavilla
777 4451 1034 4542 preceptorem
1060 4434 1236 4526 Pictavie,
1264 4434 1304 4510 in
1328 4433 1479 4512 instanti
1498 4431 1597 4512 festo
1616 4431 1796 4538 Assump-

367 4569 486 4650 cicnis
505 4569 614 4648 beate
640 4569 754 4647 Marie
774 4583 886 4645 erunt
900 4566 1046 4644 circiter
1068 4592 1117 4646 ru
1133 4565 1240 4657 anni,
1265 4566 1305 4644 in
1326 4564 1468 4672 capella
1489 4564 1625 4644 domus
1644 4561 1795 4668 Templi

365 4700 657 4809 Andegavensis,
697 4697 936 4805 presentibus
957 4694 1135 4784 fratribus
1155 4695 1381 4777 Tbcohaldo
1402 4695 1577 4774 servienti
1599 4694 1689 4774 dicti
1711 4722 1796 4800 pre-

365 4830 543 4936 ceptoris,
568 4845 605 4907 et
628 4828 759 4906 multis
784 4828 866 4905 aliis
891 4855 1055 4934 quorum
1083 4855 1160 4904 nou
1186 4825 1563 4938 babebatsnoticiam,
1589 4825 1677 4930 quia
1699 4822 1793 4902 inibi
