4210 5882
409 546 483 620 tro
800 527 995 620 rnocns
1020 546 1117 620 nns
1141 545 1442 620 rnurnrnns.

408 687 719 775 confessionibus,
734 705 772 766 et
781 687 863 766 eliis
875 705 987 793 prout
1001 689 1040 764 in
1053 688 1122 764 hac
1135 703 1173 764 et
1187 686 1477 793 precedentibus
1487 687 1602 791 peciis
1616 685 1731 764 simul
1739 689 1833 766 sutis

356 859 361 870 =
407 819 512 926 signo
532 846 619 896 meo
639 817 791 924 signatis
810 819 957 923 plenius
972 817 1223 908 continentur,
1246 845 1320 896 unu
1340 846 1427 894 cum
1441 814 1601 894 testibus
1620 834 1660 894 et
1679 819 1833 896 notariis

373 979 380 990 ·
406 948 566 1054 publicis
575 977 687 1053 supra
703 965 741 1026 et
753 947 995 1056 infrascriptis
1003 977 1156 1054 presens
1170 947 1341 1038 interfui,
1354 977 1411 1036 ac,
1426 948 1473 1024 de
1487 946 1663 1026 mundato
1673 948 1832 1054 predicti

408 1079 639 1185 inquisitoris
674 1096 711 1157 et
739 1079 1039 1185 supradictorum
1065 1079 1404 1156 commissariorum
1431 1105 1605 1165 suorum,
1636 1079 1676 1155 in
1697 1078 1771 1157 hoc
1794 1097 1833 1157 et

409 1207 490 1287 aliis
519 1208 677 1314 publicis
695 1209 952 1288 instrumentis
973 1208 1262 1315 precedentibus
1289 1237 1350 1288 me
1377 1207 1578 1314 subscripsi
1599 1208 1636 1286 in
1663 1209 1832 1324 testimo-

408 1340 512 1415 nium
534 1339 817 1446 premissomm
840 1367 958 1446 eaque
979 1340 1083 1446 signo
1101 1367 1188 1418 meo
1203 1357 1385 1420 consueto
1397 1339 1535 1447 signavi
1552 1355 1717 1446 rogatus.

460 1601 508 1677 Et
523 1627 592 1706 ego
611 1599 760 1678 Evcnus
775 1599 882 1708 Phily
901 1601 949 1680 de
964 1601 1099 1680 Sancto
1119 1601 1262 1679 Niossio
1278 1601 1434 1680 clericus
1448 1601 1736 1706 Corisopitensis
1753 1601 1831 1678 dio

406 1731 516 1820 cesis,
531 1729 735 1837 apostolico
752 1729 925 1837 publicus
939 1731 1157 1812 auctoritato
1178 1732 1363 1821 noterius,
1384 1733 1577 1838 premissis
1594 1732 1773 1812 omnibus
1794 1751 1832 1810 et

404 1861 559 1968 singuiis
579 1861 619 1938 in
639 1860 709 1938 hac
723 1862 885 1967 presenti
907 1879 946 1939 et
964 1861 1046 1940 aliis
1071 1861 1247 1940 omnibus
1264 1878 1446 1940 caunum
1466 1863 1584 1969 peciis
1600 1862 1715 1940 simul
1738 1845 1830 1941 sutis

405 1993 587 2098 signoque
605 2019 691 2071 meo
711 1991 863 2099 signatis
880 1993 1081 2082 contentis,
1103 2019 1178 2072 une
1196 2021 1284 2072 cum
1299 1994 1459 2072 testibus
1479 2012 1518 2072 et
1537 1993 1692 2072 notariis
1705 1993 1830 2098 publi-

404 2121 581 2236 cis'supru
595 2139 635 2200 et
647 2121 889 2229 infrascriptis
905 2151 1060 2229 presens
1075 2123 1245 2214 interfiri,
1264 2153 1324 2215 ac,
1341 2124 1390 2203 de
1405 2126 1583 2203 mandato
1598 2124 1829 2232 inquisitoris

405 2268 442 2327 et
453 2253 793 2332 commissariorum
804 2255 1160 2361 suprascriptorum,
1174 2253 1289 2332 hicet
1303 2255 1384 2334 aliis
1398 2255 1656 2334 instrumentis
1666 2283 1727 2331 mc
1740 2254 1829 2333 sub·

404 2383 551 2488 scripsi,
580 2401 616 2461 ct
639 2385 787 2491 signum
813 2411 943 2462 meum
971 2383 1122 2464 solitum
1150 2385 1305 2492 apposui
1329 2403 1479 2492 rogatus
1506 2387 1546 2466 in
1567 2386 1825 2468 testimonium

403 2511 681 2615 premissorum.
