4364 5886
765 523 962 618 proces
988 542 1084 615 ors
1110 539 1412 614 rrurmsns.
1732 545 1801 616 175

433 687 524 764 Acts
538 685 692 764 luerunt
710 684 780 761 hec
796 683 907 762 dictis
930 683 991 761 die
1016 699 1057 761 et
1072 681 1176 770 loco,
1198 681 1436 788 presentibus
1451 683 1629 792 magistro
1643 683 1800 767 Amisio,

377 845 439 896 me
458 815 714 896 Floriamonte
739 812 959 906 Dondedei,
979 831 1018 892 et
1036 813 1118 890 aliis
1137 813 1292 891 notariis
1302 831 1416 920 'supra
1429 813 1568 892 ultimo
1587 815 1800 891 nominatis.

377 949 507 1028 Dictus
530 965 658 1026 tamen
688 946 867 1024 dominus
899 944 1072 1024 Matbeus
1099 971 1177 1022 non
1203 942 1377 1023 interfuit
1403 944 1673 1024 exannnacioni
1700 947 1805 1022 testis

379 1109 488 1188 supra
507 1079 644 1156 ultimo
667 1076 877 1156 examinati.

434 1342 524 1420 Post
547 1341 634 1431 hec,
652 1339 714 1418 die
734 1339 865 1420 Martis
879 1339 1070 1446 sequenti,
1090 1366 1165 1446 que
1183 1339 1257 1415 fuit
1275 1364 1311 1416 vr
1336 1338 1419 1416 dies
1439 1337 1529 1414 dictl
1550 1337 1690 1414 mensis
1710 1339 1806 1442 apri-

380 1473 442 1561 lis,
470 1471 544 1550 luit
570 1469 759 1550 adductus
781 1469 830 1547 nd
860 1470 1092 1577 presenciam
1120 1467 1310 1548 dictorum
1329 1465 1572 1546 dominorum
1590 1467 1804 1546 commissa·

381 1605 523 1682 riorum
545 1621 584 1682 et
595 1600 922 1690 dominiMatbei,
940 1600 981 1677 in
1001 1599 1118 1678 domo
1138 1599 1308 1706 predicta
1324 1598 1471 1678 domini
1491 1598 1589 1676 Petri
1607 1596 1655 1676 de
1671 1597 1807 1676 Saban-

383 1735 461 1824 dia,
491 1733 606 1813 frater
639 1733 815 1812 Matbeus
850 1730 898 1812 de
932 1731 1064 1812 Monte
1108 1730 1269 1837 Lupello
1309 1729 1509 1838 presbiter,
1543 1729 1806 1838 Lugdunensis

381 1864 558 1956 diocesis,
579 1863 685 1944 testis
704 1891 816 1970 supra
834 1860 999 1970 juratus,
1019 1860 1366 1970 quinquagenarius
1389 1859 1447 1939 vel
1469 1859 1582 1950 circa,
1607 1860 1672 1966 qui
1702 1887 1807 1936 man-

381 1995 516 2074 tellum
550 1994 760 2074 voluntarie
791 1993 1001 2086 dimiserat,
1031 2007 1070 2070 et
1098 1990 1296 2071 absolutus
1331 2009 1371 2070 et
1400 1990 1662 2070 reconciliatus
1687 1989 1809 2066 fuerat

381 2155 448 2233 per
472 2125 674 2206 dominum
698 2123 1020 2230 archiepiscopum
1052 2125 1333 2212 Turonensem,
1354 2123 1421 2229 qui
1446 2121 1688 2228 inquisiverat
1720 2148 1806 2198 cum

382 2257 530 2336 eodem.
555 2256 678 2334 Lectis
704 2270 833 2333 autem
857 2272 898 2331 et
922 2253 1124 2363 diligenter
1155 2253 1332 2360 expositis
1362 2251 1432 2330 sibi
1468 2249 1647 2329 omnibus
1679 2267 1717 2326 et
1736 2251 1808 2325 sin·

381 2387 480 2495 gulis
508 2386 694 2479 articulis,
715 2384 913 2492 respondit
940 2384 1047 2491 quod
1075 2411 1153 2462 non
1178 2383 1322 2462 viderat
1347 2382 1513 2490 aliquem
1543 2382 1661 2459 alium
1693 2383 1806 2488 recipi

382 2518 422 2594 in
443 2517 578 2596 ordine
600 2517 673 2595 nisi
693 2515 846 2593 fratrem
856 2503 1076 2593 'iohannem
1102 2514 1151 2594 de
1170 2513 1281 2592 Buris
1305 2513 1524 2622 agricolam,
1548 2512 1596 2591 de
1612 2512 1718 2619 cujus
1738 2513 1809 2587 vita

383 2648 440 2725 vel
461 2664 585 2726 morte
605 2675 684 2726 non
713 2647 829 2725 habet
860 2645 1139 2724 certitudinem.
1169 2645 1246 2739 Qui
1273 2661 1446 2752 receptus
1469 2643 1592 2722 firerat
1622 2672 1696 2721 una
1722 2673 1809 2720 cum

384 2779 465 2886 ipso
498 2795 614 2867 teste,
640 2806 709 2885 per
736 2776 890 2855 fratrem
914 2776 1071 2854 Petrum
1101 2777 1150 2854 de
1183 2774 1293 2854 Buris
1315 2774 1525 2883 quondam,
1550 2789 1809 2882 preceptorem

381 2926 474 2988 tunc
488 2909 640 2988 ballivis
661 2909 709 2988 de
724 2908 837 2985 Buris
854 2907 1103 3014 Lingonensis
1125 2905 1302 2995 diocesis,
1325 2907 1364 2982 in
1380 2904 1521 3013 capella
1540 2905 1677 2983 domus
1696 2907 1811 2982 Tem-

384 3039 437 3146 pli
459 3038 598 3118 d’Onse
626 3037 788 3116 diocesis
808 3038 1012 3128 Eduensis,
1041 3037 1160 3144 prima
1190 3035 1252 3114 die
1278 3036 1392 3143 hujus
1400 3036 1711 3145 quadragessimo
1728 3036 1811 3114 lue-

383 3185 474 3248 runt
502 3168 649 3276 circiter
677 3194 766 3248 xvur
792 3167 898 3256 anni,
924 3167 1164 3274 presentibus
1188 3165 1366 3246 fratribus
1386 3167 1588 3246 Dominico
1614 3165 1811 3273 d'Espalhe

385 3300 633 3410 Lingonensis
645 3299 825 3391 diocesis,
842 3300 910 3406 qui
924 3298 995 3378 luit
1010 3316 1141 3406 ceptus
1155 3327 1242 3376 cum
1257 3298 1356 3389 aliis,
1372 3298 1582 3380 Guillelmo
1598 3299 1646 3376 de
1662 3301 1809 3390 Anone,

384 3431 593 3512 Guillelmo
614 3431 794 3510 celerario
820 3430 920 3508 dicte
942 3430 1096 3522 domus,
1124 3428 1172 3507 de
1196 3431 1305 3538 cujus
1326 3432 1550 3538 cognomine
1568 3458 1646 3508 non
1663 3431 1808 3518 recolit,

237 3611 246 3628 ·
385 3560 651 3654 servientibus,
680 3589 778 3670 quos
801 3559 922 3639 credit
953 3559 1122 3639 obiisse:
1150 3561 1253 3638 unde
1279 3561 1484 3674 nesciebat,
1516 3587 1586 3638 nec
1614 3561 1809 3652 credebat,

385 3722 455 3771 nec
488 3693 681 3771 audiverat
715 3691 789 3770 dici
821 3691 869 3768 de
894 3690 1082 3769 contentis
1104 3691 1145 3767 in
1179 3690 1234 3769 eis
1262 3691 1333 3768 nisi
1365 3691 1469 3798 quod
1501 3692 1683 3797 sequitur.
1712 3692 1812 3770 Dixit

387 3823 488 3900 enim
523 3824 734 3930 quodcum
765 3822 844 3929 ipse
871 3837 910 3898 et
939 3821 1063 3899 dictus
1092 3822 1281 3901 lohannes
1315 3821 1363 3900 de
1394 3821 1504 3901 Buris
1534 3822 1813 3929 requisivissent

387 3979 524 4058 panem
550 3969 589 4032 et
614 3980 747 4062 nquam
779 3968 818 4030 et
838 3952 1056 4030 societatem
1088 3953 1234 4031 ordinis
1263 3982 1349 4031 cum
1372 3952 1569 4046 instancia,
1592 3969 1630 4030 et
1648 3953 1702 4032 eis
1721 3981 1812 4030 con·

387 4111 487 4163 cesse
506 4082 688 4176 fuissent,
712 4081 802 4162 fecit
831 4109 897 4160 eos
922 4109 1054 4160 vovere
1081 4099 1119 4160 et
1142 4083 1270 4192 jurare
1288 4083 1512 4172 castitatem,
1528 4075 1808 4175 obedienciam,

388 4230 427 4292 et
446 4213 567 4318 vivere
584 4213 666 4292 sine
680 4213 855 4320 proprio,
875 4241 1021 4290 servare
1044 4214 1168 4292 bonos
1183 4242 1276 4292 usus
1303 4230 1341 4292 st
1356 4213 1476 4293 bonas
1500 4215 1809 4304 consuetudines,

273 4381 279 4388 ·
389 4340 614 4424 elemosinas
641 4359 681 4420 et
695 4343 796 4421 bona
827 4341 988 4430 ordinis,
1008 4362 1048 4422 et
1076 4371 1154 4420 non
1181 4343 1346 4424 revelare
1375 4361 1518 4422 secreta
1544 4344 1811 4451 capitulior'um

388 4499 459 4550 nsc
472 4473 633 4552 modum
652 4472 882 4580 recspcionis
906 4499 1059 4562 eorum,
1076 4489 1115 4551 et
1134 4473 1240 4579 quod
1260 4499 1338 4551 non
1366 4472 1510 4552 exirent
1535 4473 1711 4552 ordinem
1731 4476 1811 4552 sine

390 4599 544 4682 licencia
565 4603 808 4709 superiorum
828 4629 1001 4693 suorum3
1021 4618 1060 4680 et
1080 4585 1270 4709 impositis
1285 4603 1340 4680 eis
1357 4601 1562 4695 mantellis,
1585 4622 1757 4711 receptor
1776 4623 1814 4681 et

390 4749 552 4812 astantes
569 4730 726 4812 fuerunt
740 4757 806 4811 eos
824 4732 982 4812 osculati
1000 4732 1039 4809 in
1061 4760 1142 4825 ore,
1163 4749 1202 4810 et
1219 4731 1343 4811 dictus
1362 4750 1534 4840 receptor
1559 4735 1733 4813 instruxit
1749 4761 1813 4812 eos

389 4861 551 4970 qualiter
571 4880 746 4974 regerent
759 4889 799 4940 se
819 4862 859 4940 in
878 4863 1031 4952 ordine,
1051 4881 1089 4941 et
1107 4863 1212 4970 quod
1226 4862 1395 4969 jacerent
1416 4863 1527 4942 lineis
1548 4855 1679 4943 cinctis
1702 4890 1813 4969 super
