4242 5890
394 495 467 640 isa
780 545 977 640 rnocts
1002 565 1099 638 nus
1123 563 1427 650 raurnrsns.

446 707 494 783 Et
513 733 582 813 ego
605 703 810 786 Gaulridus
828 705 1020 814 Enguelor
1039 705 1162 782 dictus
1180 703 1339 810 deop,
1361 704 1519 783 clericus
1541 703 1713 783 Doleusis
1736 707 1816 786 dio·

391 836 498 925 cesis,
518 836 718 942 apostoliea
736 835 954 912 auctoritate
973 835 1141 912 notarius
1159 831 1349 940 publicus,
1372 833 1562 940 premissis
1582 834 1759 915 omnibus
1778 855 1815 916 et

390 967 545 1072 singulis
565 966 663 1043 dicta
682 991 776 1044 xxvu
802 964 863 1040 die
883 964 1046 1042 octobris
1069 964 1174 1053 actis,
1195 964 1235 1040 in
1255 965 1325 1042 bac
1350 991 1461 1070 supra
1481 980 1519 1042 et
1540 965 1580 1041 in
1600 966 1812 1071 precedenti

391 1096 505 1200 peciis
521 1095 634 1172 simul
650 1095 742 1172 sutis
756 1094 956 1182 contentis,
974 1121 1124 1200 presens
1137 1121 1211 1170 una
1230 1122 1317 1172 cum
1332 1093 1547 1172 immediate
1559 1096 1813 1201 suprascriptis

391 1225 550 1302 testibus
577 1223 745 1313 interfui,
768 1240 806 1300 et
828 1223 868 1300 in
888 1223 1147 1300 testimonium
1167 1223 1437 1329 premissorum
1455 1253 1517 1301 me
1537 1223 1755 1332 subscripsi,
1777 1243 1813 1304 et

390 1354 538 1461 signum
558 1383 684 1434 meum
705 1354 861 1460 apposui
882 1369 1105 1432 consuetum
1126 1370 1275 1432 vocatus
1294 1370 1333 1430 et
1350 1370 1513 1460 rogatus.

445 1613 552 1693 Anno
564 1613 716 1706 Domini
732 1613 934 1694 millesimo
945 1631 1025 1694 ccu⁰
1039 1613 1216 1723 septimo,
1233 1613 1421 1694 indicione
1432 1631 1546 1704 sexta,
1564 1613 1627 1693 die
1642 1613 1809 1704 Veneris,

389 1743 428 1820 in
447 1745 571 1852 vigilia
590 1763 804 1824 sanctorum
826 1748 996 1854 Symonis
1016 1764 1054 1824 et
1073 1747 1186 1836 lude,
1203 1746 1441 1853 pontificatus
1459 1746 1679 1824 sanctissimi
1698 1746 1812 1823 Patris

389 1903 431 1952 ac
452 1873 594 1954 domini
611 1878 727 1954 nostri
750 1875 893 1955 domini
919 1877 1124 1956 Clementis
1143 1878 1266 1956 divina
1291 1878 1529 1956 Providencia
1550 1904 1670 1984 pappe
1689 1877 1811 1983 quinti

389 2031 487 2084 anno
513 2007 694 2094 secundo,
721 2007 760 2082 in
783 2008 973 2112 presencia
996 2007 1162 2114 religiosi
1188 2024 1225 2086 et
1248 2007 1394 2084 honesti
1419 2007 1487 2084 riri
1507 2007 1628 2084 lratris
1644 2005 1811 2084 Durandi

391 2135 437 2212 de
461 2135 596 2212 Sancto
621 2137 801 2214 Porciano
828 2135 970 2212 ordinis
994 2136 1150 2214 fratrum
1175 2135 1470 2224 Predieatorum‚
1502 2135 1746 2214 commissarii
1773 2135 1811 2210 in

389 2293 496 2342 causa
517 2264 607 2342 fidei
629 2295 649 2340 a
669 2265 844 2371 religioso
870 2282 909 2343 et
931 2265 1092 2344 honesto
1116 2266 1196 2344 viro
1222 2265 1334 2344 fratre
1354 2264 1561 2346 Gnillelmo
1582 2266 1629 2342 de
1654 2265 1812 2342 Parisius

389 2394 531 2472 domini
552 2421 670 2501 pappa
690 2394 896 2500 capellano,
919 2394 1074 2472 illustris
1092 2395 1190 2500 regis
1209 2396 1362 2471 Francis
1381 2395 1610 2482 consessore,
1628 2422 1671 2470 ao
1689 2395 1812 2499 inqui·

388 2524 500 2600 sitore
523 2523 685 2602 heretice
704 2522 892 2628 pravitatis
912 2525 951 2600 in
970 2551 1087 2630 ragno
1110 2525 1262 2600 Franoie
1287 2524 1503 2600 auctoritate
1527 2521 1730 2627 apostolica
1749 2521 1813 2598 de-

388 2669 533 2756 putat0‚
555 2653 649 2728 acin
662 2653 737 2728 mei
753 2653 887 2730 notarii
903 2669 940 2728 et
954 2651 1105 2728 testium
1123 2651 1440 2756 infrascriptorum
1454 2649 1502 2726 ad
1515 2649 1589 2728 boc
1599 2666 1811 2728 vocatorum

389 2780 598 2887 specialiter
611 2799 649 2858 et
658 2796 874 2888 rogatorum
888 2777 1134 2885 personaliter
1148 2779 1387 2869 constitutus,
1398 2778 1512 2857 irater
1525 2777 1751 2858 Guillelmus
1764 2779 1811 2856 de

388 2913 571 2988 Hermont
591 2910 785 3018 presbyter
804 2910 946 2988 ordinis
965 2909 1105 2986 milicie
1123 2909 1289 3016 Templi,
1321 2910 1428 2986 etatis
1447 2907 1576 3016 viginti
1593 2925 1678 2988 octo
1699 2935 1813 2986 anno-

387 3069 472 3116 rnm
487 3040 544 3117 vel
557 3041 713 3130 circiter,
727 3057 769 3118 ut
784 3040 946 3129 dicebat,
962 3056 1133 3145 receptus
1148 3067 1215 3146 per
1229 3040 1381 3117 fratrem
1395 3039 1603 3116 Jobannem
1620 3037 1668 3116 de
1685 3041 1811 3116 Turno

387 3170 658 3248 thesaurarium
672 3171 863 3278 quondam
874 3171 963 3248 dicti
972 3171 1351 3276 Templi,requisitus
1361 3197 1430 3278 per
1439 3197 1549 3246 suum
1558 3168 1811 3276 J'uramentum

389 3302 435 3377 ad
454 3318 577 3378 sancta
593 3301 664 3379 Dei
683 3301 879 3408 Evangelia
900 3300 1141 3406 corporaliter
1155 3300 1202 3378 ab
1217 3329 1263 3378 eo
1283 3317 1378 3378 taeta
1392 3300 1608 3406 prestitum,
1626 3301 1730 3407 quod
1749 3301 1813 3377 de-

386 3449 544 3536 poneret
563 3459 704 3508 meram
724 3449 761 3508 et
780 3459 911 3539 puram
933 3431 1125 3508 veritatem
1139 3431 1220 3509 sine
1236 3431 1357 3536 aliqua
1373 3429 1529 3507 falsitate
1543 3429 1582 3505 in
1603 3457 1709 3507 eausa
1723 3429 1812 3506 fidei

387 3563 435 3638 de
455 3590 496 3640 se
517 3579 555 3641 et
570 3563 617 3640 de
638 3561 736 3652 aliis,
753 3589 828 3669 que
845 3562 967 3639 dictus
987 3560 1185 3668 inquisitor
1205 3561 1352 3638 druerit
1369 3560 1613 3668 requirenda,
1635 3577 1674 3638 et
1691 3561 1812 3666 primo

386 3690 592 3797 requisitus
610 3691 657 3767 de
677 3691 761 3769 loco
781 3692 819 3766 in
840 3718 915 3797 qno
934 3689 1006 3768 luit
1025 3707 1213 3798 receptus,
1235 3691 1325 3770 dixit
1345 3717 1413 3796 per
1426 3692 1684 3797 juramentum
1701 3717 1813 3767 suum

387 3821 491 3926 quod
507 3820 606 3926 apud
618 3821 871 3928 Latigniacnm
883 3821 1047 3909 Siccum,
1064 3837 1102 3898 et
1114 3838 1200 3898 sunt
1213 3849 1276 3898 ses
1295 3821 1380 3898 anni
1396 3820 1509 3927 elapsi
1529 3837 1725 3928 postquam
1742 3819 1814 3897 fuit

387 3967 574 4056 receptus,
592 3969 630 4028 et
644 3953 745 4028 stetit
756 3952 795 4028 in
806 3951 907 4028 dicto
920 3950 1065 4028 ordine.
1077 3951 1290 4058 Requisitus
1304 3950 1370 4058 qui
1381 3951 1535 4028 luerunt
1547 3953 1584 4028 in
1597 3950 1812 4055 recepcione

387 4082 486 4187 ejus,
507 4080 600 4157 dixit
618 4109 686 4186 per
699 4081 957 4188 juramentum
977 4107 1087 4158 suum
1108 4081 1212 4188 quod
1233 4081 1346 4159 irater
1363 4080 1586 4187 Radulpbus
1606 4082 1653 4159 de
1673 4078 1811 4159 Grandi

386 4209 515 4287 Villari
530 4211 640 4288 etalii
659 4210 810 4316 quidam
823 4209 955 4288 fratres
969 4211 1034 4317 qui
1051 4229 1136 4290 sunt
1143 4212 1221 4318 jam
1234 4213 1386 4291 mortui.
1403 4213 1617 4318 Requisitus
1634 4209 1680 4288 de
1698 4211 1813 4288 modo

386 4341 710 4445 recepcionissue‚
734 4340 825 4418 dicit
843 4369 910 4446 per
927 4342 1180 4450 juramentum
1202 4369 1311 4420 suum
1331 4341 1452 4447 quod,
1470 4350 1560 4447 'post
1573 4340 1707 4419 multas
1725 4367 1812 4446 pro-

386 4469 583 4550 missiones
603 4472 650 4548 de
671 4470 919 4549 observanciis
938 4472 1035 4549 dicte
1051 4471 1259 4580 religionis,
1282 4489 1318 4550 et
1338 4487 1488 4578 recepto
1508 4469 1702 4559 mantello,
1726 4498 1812 4575 pre-

387 4616 536 4705 ceptum
555 4600 625 4678 fuit
640 4601 674 4678 ei
691 4630 711 4677 a
731 4602 831 4678 dicto
848 4601 1078 4680 thesaurario
1094 4602 1201 4709 quod
1214 4601 1415 4694 abstineret
1429 4629 1469 4679 se
1484 4615 1505 4678 a
1521 4598 1759 4691 mulieribus,
1775 4619 1813 4678 et

386 4730 416 4806 si
437 4748 633 4836 urgeretur
652 4730 779 4836 aliquo
800 4730 921 4808 calore
942 4730 1095 4820 carnali,
1117 4748 1262 4838 poterat
1281 4731 1513 4811 commisceri
1538 4728 1812 4808 cumfratribus

387 4859 474 4936 dicti
496 4859 650 4938 ordinis.
671 4861 817 4939 Deinde
832 4860 955 4939 oblata
971 4860 1043 4939 fuit
1055 4859 1126 4940 sibi
1142 4861 1302 4967 quedam
1324 4889 1428 4956 crux,
1452 4877 1489 4940 et
1507 4863 1664 4969 petitum
1679 4861 1750 4939 fuit
1764 4859 1812 4938 ab
