4210 5882
697 542 893 640 raeces
919 561 1015 636 nns
1041 562 1339 666 reuertens.
1659 569 1730 642 ser

307 705 453 797 vendis,
474 725 511 786 et
528 707 709 786 mantello
729 707 800 784 sibi
813 707 861 784 ad
877 704 1015 784 collum
1030 706 1169 810 posito,
1188 706 1310 784 dictus
1325 706 1508 812 recipiens
1523 707 1633 782 traxit
1647 737 1732 784 eum

307 839 355 918 ad
370 856 513 945 partem
528 835 635 945 juxta
650 838 782 929 altare,
806 854 844 915 et
862 835 950 914 lecit
963 863 1002 912 se
1020 836 1176 913 oseulari
1193 865 1213 912 a
1234 837 1334 914 dicte
1347 835 1458 942 fratre
1473 837 1512 912 in
1534 835 1731 926 umbilico,

307 986 446 1077 etpost
465 968 631 1048 ostendit
649 969 718 1046 sibi
740 967 943 1075 quamdam
963 995 1112 1046 crucem
1132 996 1279 1072 parvam
1296 967 1476 1076 ligneam,
1498 997 1572 1073 que
1590 967 1734 1046 solebat
1754 977 1763 992 ’

305 1101 445 1205 portari
466 1099 514 1178 ad
532 1098 665 1179 lunera
684 1099 823 1178 familie
845 1099 997 1188 domus,
1021 1115 1058 1174 et
1072 1099 1239 1204 precepit
1253 1099 1323 1178 sibi
1340 1100 1445 1206 qnod
1460 1116 1609 1204 spueret
1622 1127 1734 1204 snpra

307 1257 474 1318 crucem
495 1248 533 1308 et
553 1231 632 1336 ipse
653 1229 798 1336 lingens
811 1257 945 1334 spuere
966 1255 1076 1334 supra
1096 1257 1262 1322 erucem,
1282 1230 1383 1334 spuit
1401 1229 1448 1306 ad
1469 1246 1617 1306 terram.
1634 1228 1735 1306 Dixit

308 1361 425 1438 ceiam
441 1389 511 1466 per
524 1361 783 1466 juramentum
797 1387 908 1439 suunt
923 1359 1027 1465 quod
1046 1359 1167 1436 dictus
1180 1359 1365 1464 recipiens
1385 1359 1478 1436 dixit
1495 1359 1584 1449 eibi,
1601 1376 1638 1435 et
1649 1387 1735 1462 pre-

307 1492 405 1596 cepit
424 1491 528 1596 quod
544 1491 699 1570 omnino
712 1491 915 1569 abstineret
929 1519 951 1565 a
964 1488 1207 1578 mulieribus,
1221 1507 1258 1566 et
1270 1490 1375 1595 qued
1387 1489 1518 1566 [ratres
1533 1489 1622 1565 dicti
1634 1489 1735 1566 ordi-

306 1622 365 1698 nis
385 1622 602 1698 admitteret
620 1621 669 1699 ad
682 1621 961 1708 loctumeuum,
982 1637 1018 1696 et
1033 1619 1206 1698 similiter
1224 1620 1296 1696 iret
1315 1620 1363 1696 ad
1377 1617 1493 1697 lectos
1515 1619 1686 1708 fratrum,
1702 1621 1731 1696 si

306 1749 508 1857 indigerem
531 1767 568 1828 et
586 1751 705 1828 credit
723 1751 965 1856 postmodum
979 1751 1084 1856 quod
1098 1768 1195 1828 esset
1215 1779 1257 1826 ea
1272 1750 1483 1826 intencione
1504 1749 1608 1854 quod
1628 1749 1734 1826 hahi-

305 1897 425 1958 tarent
439 1879 635 1956 carnaliter
654 1907 752 1956 unus
764 1907 851 1956 cum
866 1880 951 1958 alio.
972 1882 1221 1984 Interrogatus
1240 1897 1368 1958 unum
1388 1881 1438 1968 vi,
1461 1877 1518 1956 vel
1539 1898 1645 1958 metu
1658 1897 1733 1977 ter-

306 2028 522 2088 mentorum
542 2027 608 2088 eut
622 2009 795 2098 carceris,
815 2009 977 2115 aliquam
997 2008 1193 2086 salsitatem
1214 2008 1349 2085 dixerit
1362 2027 1426 2086 aut
1438 2009 1681 2087 immiscuerit
1693 2011 1732 2084 in

305 2169 373 2218 sua
386 2139 643 2246 deposicione,
664 2156 728 2216 aut
746 2138 938 2216 veritatem
957 2138 1129 2225 tacuerit,
1153 2137 1243 2214 dixit
1260 2167 1329 2242 per
1342 2139 1600 2244 juramentum
1620 2167 1730 2215 suum

306 2271 410 2376 quod
429 2297 525 2360 non;
546 2269 662 2346 immo
677 2297 808 2374 puram
830 2267 972 2346 dixerat
991 2295 1059 2373 pro
1074 2265 1193 2344 salute
1208 2269 1331 2344 anime
1351 2295 1426 2344 sue·
1438 2268 1644 2344 veritatem.

360 2530 454 2606 ltem
472 2525 586 2604 frater
599 2526 786 2604 lohannes
806 2527 854 2604 de
875 2527 1034 2604 Mortuis
1053 2527 1227 2604 Fontanis
1250 2526 1445 2635 presbyter
1458 2526 1547 2604 dicti
1571 2527 1729 2616 ordinis,

308 2658 414 2736 etatis
434 2683 539 2736 xxxvi
555 2685 740 2736 annorum
756 2656 814 2734 vel
835 2657 946 2745 circa,
972 2658 1107 2736 eodem
1123 2658 1239 2736 medo
1259 2657 1501 2748 constitutus,
1525 2659 1674 2765 juratus
1695 2677 1733 2736 et

307 2789 570 2895 interrogatus,
603 2787 695 2864 dixit
724 2815 791 2892 per
813 2787 1072 2892 juramentum
1091 2816 1202 2864 snum
1227 2787 1331 2894 quod
1350 2805 1522 2892 receptus
1541 2786 1612 2865 suit
1632 2790 1732 2894 apud

307 2918 477 3024 Puisiens
492 2945 560 3022 per
578 2913 731 2994 fratrem
750 2919 948 3026 Hugoeem
963 2917 1011 2994 de
1031 2917 1217 3006 Paraudo,
1240 2917 1334 2992 circa
1355 2915 1491 2996 festum
1513 2917 1612 2994 beati
1634 2918 1731 2994 Mar-

306 3049 375 3126 tini
397 3047 612 3154 hyemensis
635 3075 756 3150 nuper
775 3047 996 3152 preteritum
1025 3045 1178 3122 fuerunt
1201 3063 1344 3151 septem
1366 3047 1468 3135 anni,
1495 3047 1732 3152 presentibus

307 3178 417 3254 fratre
439 3177 634 3254 Thierrico
656 3177 704 3253 de
725 3179 879 3283 Lannoy
899 3193 936 3252 et
958 3175 1187 3281 quibusdam
1212 3174 1293 3252 aliis
1312 3175 1489 3254 fratribus
1506 3176 1552 3253 de
1567 3205 1730 3283 quorum

306 3307 523 3400 nominihus
546 3334 623 3384 non
647 3305 790 3382 recolit.
821 3309 869 3382 Et
889 3305 981 3382 dixit
1004 3333 1072 3410 per
1092 3305 1350 3411 juramentum
1372 3333 1483 3382 suum
1503 3307 1626 3411 quod,
1647 3324 1732 3412 post

306 3439 441 3516 multas
453 3437 720 3544 promissiones
739 3437 786 3514 ab
803 3464 848 3514 eo
868 3435 982 3514 lactas
997 3436 1046 3512 de
1060 3435 1206 3512 statutis
1224 3453 1260 3512 et
1277 3437 1429 3517 secretis
1444 3435 1587 3516 ordinis
1603 3435 1732 3514 obser-

306 3569 450 3656 vandis,
474 3566 594 3644 dictus
612 3568 797 3672 recipiens
815 3566 943 3672 posuit
962 3565 1033 3642 sihi
1052 3564 1274 3642 mantellum
1295 3565 1343 3642 ad
1358 3565 1518 3652 collum,
1545 3583 1582 3642 et
1600 3582 1730 3669 postea

306 3698 460 3804 quidam
478 3696 589 3776 miles
604 3697 652 3774 de
668 3697 767 3774 dicto
783 3696 916 3774 ordine
928 3695 1033 3772 duxit
1048 3723 1137 3772 eum
1152 3712 1253 3772 retro
1269 3695 1401 3784 altare,
1416 3712 1454 3771 et
1467 3695 1645 3799 aportavit
1660 3691 1730 3770 sihi

307 3857 426 3906 unum
445 3827 612 3915 missale,
636 3843 674 3906 et
693 3827 859 3904 ostendit
872 3825 943 3902 sibi
961 3824 1172 3934 ymaginem
1192 3825 1309 3902 lhesu
1331 3825 1470 3904 Christi
1489 3823 1670 3910 crucifixi,
1693 3841 1731 3900 et

307 3985 455 4037 erucem
473 3957 657 4063 depictam
677 3958 716 4034 in
738 3957 839 4034 dicto
854 3955 1010 4045 missali,
1028 3971 1066 4032 et
1080 3956 1244 4064 precepit
1259 3955 1330 4032 sibi
1345 3954 1449 4062 qued
1467 3983 1556 4030 eum
1569 3953 1730 4059 abnega-

305 4107 379 4178 ret,
403 4106 438 4166 et
454 4089 546 4166 dixit
560 4089 666 4194 quod
683 4088 756 4166 hoc
771 4087 967 4193 oportebat
982 4086 1053 4164 sibi
1068 4086 1205 4177 faeere3
1219 4104 1256 4163 et
1270 4103 1361 4164 tune
1375 4084 1454 4190 ipse
1470 4084 1533 4189 qui
1548 4083 1728 4190 loquitur,

307 4248 372 4297 ore
393 4238 431 4297 et
449 4247 526 4295 non
547 4211 676 4306 corde,
708 4216 904 4324 abnegavit
921 4232 980 4294 ter
1002 4216 1156 4294 lhcsum
1181 4217 1384 4296 Christum.
1405 4215 1655 4320 Interrogatus
1683 4212 1729 4286 de

328 4351 388 4427 liis
402 4348 584 4438 articulis,
608 4348 700 4424 dixit
717 4375 786 4453 per
798 4347 1054 4453 juramentum
1075 4377 1184 4423 snum
1202 4347 1305 4452 quod
1318 4343 1433 4421 nichil
1446 4344 1528 4432 scit,
1551 4319 1618 4420 sed
1632 4342 1728 4420 hene

307 4480 425 4557 credit
443 4479 548 4586 quod
563 4505 692 4556 omnes
710 4477 772 4554 alii
786 4475 899 4554 simili
913 4476 1029 4553 modo
1045 4476 1279 4582 recipiantur,
1297 4475 1385 4581 quia
1401 4501 1476 4550 non
1489 4471 1608 4548 credit
1622 4472 1726 4579 quod

307 4639 398 4688 nota
415 4610 475 4688 lex
494 4603 601 4686 lieret
612 4636 681 4714 pro
699 4636 755 4686 eo.

364 4743 456 4818 ltem
476 4739 568 4816 dixit
588 4767 656 4845 per
674 4739 931 4844 juramentum
950 4766 1061 4814 suum
1083 4736 1186 4844 quod
1208 4736 1246 4812 in
1265 4737 1502 4842 deposicione
1526 4765 1591 4812 sua
1612 4732 1727 4808 nichil

308 4871 409 4949 aliud
427 4871 519 4947 dixit
532 4898 642 4976 (mam
663 4869 856 4945 veritatem
879 4896 947 4972 pro
962 4867 1079 4944 salute
1100 4867 1221 4944 anime
1238 4895 1315 4944 sue.
