4202 5876
407 530 479 607 aar
768 509 989 604 'rnocns
1016 530 1111 602 ons
1138 527 1438 602 rnnrnrnns.

405 673 573 753 confiteri
604 701 670 752 sua
689 689 837 777 peccata
861 671 1044 778 religiosis
1075 669 1251 748 fratribus
1270 669 1486 775 presbiteris
1506 667 1658 746 alterius
1681 668 1830 776 religio-

404 806 461 882 nis
482 805 699 911 approbate‚
726 821 763 880 et
789 804 828 879 in
853 831 984 880 eorum
1014 802 1216 880 deffectum
1239 818 1397 907 possunt
1420 799 1577 878 licenter
1600 799 1671 876 sibi
1694 799 1828 906 eligere

402 937 652 1041 presbiterum
679 935 899 1024 secularem,
922 934 981 1010 cui
1012 963 1077 1010 sua
1110 933 1322 1011 secuudum
1352 932 1544 1010 veritatem
1581 929 1830 1010 confiteantur

403 1085 566 1172 peccata,
590 1085 628 1143 et
647 1066 693 1143 ab
714 1095 758 1142 eo
783 1065 961 1170 recipiant
976 1065 1224 1169 penitenciam
1238 1065 1449 1142 salutarem.
1465 1063 1513 1139 Et
1530 1063 1584 1140 sic
1600 1063 1647 1138 de
1666 1090 1770 1139 more
1792 1080 1830 1138 et

403 1198 673 1275 consuetudine
695 1196 788 1272 dixit
802 1223 881 1272 esse
903 1196 1045 1272 ordinis
1066 1195 1280 1300 supradicti.

458 1326 515 1405 Ad
536 1327 769 1404 lxxv—lxxxi
788 1325 961 1402 articulos
977 1324 1169 1414 inclusive,
1192 1326 1389 1430 diligenter
1408 1342 1445 1401 et
1464 1323 1650 1430 sigillatim
1669 1326 1829 1402 interro-

401 1477 523 1565 gatus,
545 1457 775 1563 respondens
792 1449 938 1564 negavit
956 1457 1128 1534 universa
1143 1474 1180 1534 et
1199 1455 1342 1562 singula
1363 1455 1402 1530 iu
1423 1454 1533 1532 dictis
1557 1455 1722 1534 articulis
1742 1483 1829 1532 cou-

402 1607 517 1678 tenta;
540 1588 703 1664 adiciens
719 1588 824 1693 quod
841 1587 960 1664 dictos
981 1615 1127 1664 errores
1147 1586 1194 1664 dc
1214 1587 1354 1693 quibus
1373 1587 1496 1691 agitur
1513 1587 1646 1692 corrigi
1668 1587 1706 1662 in
1727 1587 1827 1664 dicto

401 1720 531 1796 ordine
562 1736 599 1795 et
620 1720 658 1794 in
684 1718 793 1794 dictis
814 1718 989 1795 fratribus
1015 1746 1167 1794 necesse
1194 1746 1269 1795 non
1296 1715 1382 1804 fuit,
1409 1745 1478 1793 nec
1502 1717 1669 1794 nunciari
1697 1716 1828 1794 debuit

400 1850 562 1927 Ecclesie
583 1877 684 1927 sacre
707 1849 797 1935 Dei,
820 1877 865 1925 eo
883 1848 987 1954 quod
1006 1877 1190 1956 nusquam
1211 1849 1250 1924 in
1271 1847 1371 1926 dicto
1393 1847 1524 1924 ordine
1542 1848 1711 1950 fuerunt,
1734 1849 1827 1925 sicut

399 1981 479 2085 ipse
504 1980 573 2056 scit
593 1997 630 2056 et
647 1977 780 2072 credit,
811 2007 881 2056 uec
899 1978 1040 2055 discedi
1062 1979 1228 2084 oportuit
1248 1976 1383 2055 abillis
1400 2007 1475 2083 que
1499 2007 1569 2056 nec
1588 1979 1741 2059 fuerunt
1759 2007 1827 2056 nec

400 2111 516 2187 auditi
533 2128 634 2198 sunt,
652 2126 763 2216 prout
773 2108 910 2200 credit,
928 2107 1023 2186 etde
1039 2137 1078 2186 se
1094 2109 1167 2186 hoc
1183 2109 1267 2200 scit,
1284 2127 1321 2185 et
1333 2107 1452 2186 credit
1467 2110 1570 2186 idem
1585 2108 1632 2186 de
1643 2109 1724 2188 aliis
1737 2137 1826 2186 con-

399 2239 575 2318 fratribus
592 2239 760 2345 ejusdem
781 2240 933 2318 ordinis.

455 2370 513 2446 nd
525 2370 636 2447 lxxxn
648 2371 844 2447 articulum
855 2371 1054 2478 diligenter
1068 2376 1333 2479 interrogatus,
1349 2371 1580 2477 respondens
1596 2371 1688 2449 dixit
1701 2401 1825 2451 senon

399 2501 550 2578 credere
579 2503 784 2607 predictam
815 2503 1098 2581 multitudinem
1125 2504 1280 2582 fratrum
1306 2503 1354 2580 de
1379 2531 1453 2609 qua
1478 2503 1598 2609 agitur
1626 2504 1664 2580 iu
1690 2503 1825 2582 eodem

392 2633 512 2716 ,fuisse
540 2632 747 2710 confessam
775 2634 997 2739 decoquo
1020 2634 1250 2710 mentionem
1280 2633 1366 2711 facit
1389 2633 1580 2722 articulus,
1610 2652 1647 2712 et
1674 2636 1705 2712 si
1729 2634 1825 2712 forte

399 2763 625 2840 contrarium
650 2763 698 2839 sit
720 2762 886 2840 confessa
910 2762 1112 2840 multitudo
1137 2762 1291 2842 fratrum
1320 2764 1501 2869 predicta,
1526 2763 1644 2841 credit
1669 2763 1825 2842 firmiter

399 2895 594 2970 falsitatem
613 2923 744 2999 puram
767 2923 846 2971 eam
870 2923 948 2972 esse
973 2893 1189 2972 confessam.

454 3024 512 3102 Ad
531 3024 669 3112 lxxxnr,
692 3024 829 3102 lxxxnn
849 3042 887 3102 et
906 3026 1012 3104 lxxxv
1033 3025 1207 3104 articulos
1220 3025 1409 3114 inclusive,
1426 3024 1624 3132 diligenter
1640 3044 1679 3103 et
1693 3027 1823 3134 sigilla-

397 3156 465 3230 tim
490 3156 753 3262 interrogatus,
778 3156 970 3260 respondit
1003 3172 1041 3233 et
1070 3156 1162 3233 dixit
1186 3157 1305 3262 quod,
1333 3156 1421 3262 quia
1449 3157 1703 3234 sanctissimus
1721 3174 1824 3262 pater

398 3304 434 3362 et
450 3285 625 3362 dominus
646 3301 774 3364 noster
793 3287 971 3363 dominus
990 3315 1085 3392 papa
1105 3287 1233 3364 asserit
1253 3287 1291 3362 in
1311 3315 1378 3362 sua
1393 3285 1514 3364 littera
1530 3303 1567 3362 et
1583 3285 1720 3364 fatetur
1740 3316 1822 3392 pre·

398 3417 517 3492 dictos
531 3416 666 3494 fratres
681 3415 823 3494 ordinis
835 3417 982 3522 Templi
998 3446 1122 3494 coram
1137 3445 1176 3495 se
1197 3434 1234 3494 et
1252 3418 1467 3494 reverendis
1482 3417 1645 3495 dominis
1659 3418 1822 3494 cardina·

396 3547 494 3624 libus
523 3547 712 3624 confessos
734 3575 813 3624 esse
839 3575 984 3625 errores
1006 3546 1052 3626 de
1078 3547 1215 3654 quibus
1235 3549 1356 3655 agitur
1379 3549 1418 3624 in
1444 3549 1606 3624 articulis
1630 3531 1819 3652 predictis,

396 3678 514 3754 credit
532 3678 669 3755 dictam
689 3676 959 3755 confessionem
979 3707 1057 3755 esse
1077 3678 1211 3756 factam
1227 3679 1272 3756 ab
1293 3677 1365 3755 illis
1380 3695 1682 3786 quantecumque
1703 3678 1823 3754 multi·

395 3807 538 3884 tudinis
557 3807 614 3884 vel
632 3807 780 3884 numeri
796 3805 933 3884 fuerint
948 3807 1036 3884 dicti
1054 3806 1200 3895 fratres,
1218 3807 1311 3883 dixit
1328 3826 1454 3884 tamen
1471 3827 1507 3885 et
1519 3808 1665 3884 addidit
1684 3807 1744 3884 hic
1760 3807 1819 3911 qui

395 3939 563 4045 loquitur
580 3937 770 4043 predictos
789 3937 918 4015 fratres
933 3965 1065 4016 omnes
1081 3954 1118 4013 et
1136 3936 1302 4042 singulos
1316 3935 1521 4024 confessos,
1539 3953 1584 4012 ut
1602 3937 1746 4026 asserit,
1763 3935 1821 4012 fal-

395 4069 542 4144 sitatem
562 4095 694 4173 puram
713 4085 751 4144 et
768 4083 895 4144 contra
911 4067 1105 4143 veritatem
1123 4095 1196 4172 que
1220 4066 1322 4144 Deus
1340 4083 1396 4142 est
1414 4065 1565 4154 dixisse,
1589 4083 1626 4142 et
1649 4065 1820 4142 mentitos

397 4225 475 4273 esse
496 4199 535 4272 in
554 4196 676 4303 capud
694 4225 806 4273 snum
826 4211 863 4272 et
877 4224 945 4300 per
963 4195 1067 4301 gulas
1079 4223 1162 4272 suas
1176 4194 1300 4283 falsas,
1322 4195 1416 4272 salva
1436 4223 1585 4301 semper
1606 4195 1819 4272 excellentia

396 4345 434 4402 et
451 4327 641 4404 sanctitate
665 4326 808 4405 domini
830 4327 946 4404 nostri
966 4355 1060 4431 pape
1080 4343 1117 4403 et
1137 4354 1204 4404 sue
1225 4327 1333 4404 Sedis
1353 4326 1569 4432 apostolice,
1589 4352 1734 4404 necnon
1751 4325 1816 4402 do·

397 4457 584 4534 minorum
613 4456 856 4536 cardinalium
887 4474 924 4534 et
953 4457 1045 4534 sacri
1074 4457 1282 4534 consistorii
1310 4457 1409 4536 sedis
1434 4458 1515 4564 ejus
1549 4457 1760 4533 reverencia
1787 4473 1820 4532 et

396 4586 551 4666 honore.

453 4719 511 4795 ad
529 4718 650 4797 lxxxvi
677 4720 878 4797 articulum
899 4719 1099 4828 diligenter
1117 4722 1379 4826 interrogatus,
1403 4720 1496 4796 dixit
1515 4721 1620 4826 quod
1645 4722 1725 4824 ipse
1754 4717 1820 4795 fuit

395 4867 565 4954 receptus
581 4851 619 4927 in
636 4849 787 4928 fratrem
810 4850 897 4927 dicti
920 4850 1063 4928 ordinis
1078 4853 1117 4927 in
1139 4850 1291 4928 ecclesia
1312 4879 1379 4928 seu
1399 4850 1537 4958 capella
1555 4851 1691 4928 domus
1712 4852 1819 4928 Tem·
