4242 5890
379 570 452 640 282
770 546 967 638 esoces
996 563 1092 636 uns
1117 563 1416 637 rennuens.

379 707 580 815 inquisitor
604 707 718 811 peciit
745 704 791 782 ab
820 733 882 795 eo,
918 735 985 812 per
1011 705 1267 811 juramentum
1298 735 1407 784 suum
1438 707 1544 784 tactis
1570 711 1808 786 sacrosanctis

377 839 586 946 Evangeliis
612 838 749 915 iterum
774 836 929 929 lactum,
965 855 1092 915 utrum
1112 838 1150 914 in
1171 837 1412 944 deposicione
1440 865 1522 927 sua,
1551 855 1704 944 propter
1731 857 1809 916 tor-

378 987 521 1059 menta,
536 968 594 1046 vel
606 987 710 1046 metu
720 985 997 1046 tormentorum
1006 1028 1015 1057 ‚
1024 967 1081 1046 vel
1093 968 1214 1076 aliqua
1228 967 1298 1046 alia
1310 997 1435 1062 causa,
1446 969 1607 1076 aliquam
1617 970 1809 1047 veritatem

378 1103 571 1188 tacuisset,
595 1101 651 1178 vel
668 1099 865 1178 falsitatem
886 1101 1148 1178 immiscuisset
1167 1119 1230 1177 aut
1250 1101 1411 1178 dixisset.
1434 1099 1509 1194 Qui
1530 1099 1726 1208 respondit
1743 1129 1810 1208 per

372 1234 631 1340 juramentum
639 1261 750 1310 suum
759 1232 863 1338 quod
874 1259 966 1323 non3
976 1233 1095 1309 immo
1105 1259 1239 1337 puram
1247 1233 1438 1310 veritatem
1454 1230 1595 1308 dixerat
1605 1249 1641 1308 et
1652 1259 1807 1310 meram.

313 1347 318 1356 ’
434 1365 568 1441 Actum
593 1363 829 1470 presentibus
850 1363 959 1441 dictis
983 1363 1093 1440 fratrc
1114 1363 1320 1469 Reginaldo
1340 1364 1465 1469 priore
1483 1363 1531 1441 de
1551 1363 1728 1454 Pissiaco‚
1748 1393 1809 1442 or·

378 1495 476 1571 dinis
506 1495 804 1584 Predicatorum3
836 1496 1011 1602 magistro
1038 1493 1242 1601 Reginaldo
1268 1493 1316 1571 de
1339 1493 1554 1602 Albigniaco
1587 1494 1807 1572 Bituricensi

378 1627 572 1716 canonico;
590 1625 795 1703 Guillelmo
816 1625 864 1701 de
884 1629 1069 1734 Hangesto
1086 1626 1250 1714 seniore:
1270 1625 1476 1704 Guillelmo
1491 1626 1538 1702 de
1555 1626 1712 1733 Choque
1731 1628 1808 1704 cive

377 1755 589 1846 Parisiensi3
612 1773 648 1832 et
666 1755 871 1834 Guillelmo
886 1757 934 1833 de
947 1759 1151 1862 Hangesto,
1173 1773 1212 1833 et
1223 1755 1396 1862 pluribus
1410 1754 1490 1833 aliis
1506 1755 1664 1834 testibus
1677 1757 1723 1834 ad
1737 1757 1810 1865 hoc

377 1888 513 1965 vocatis
526 1905 562 1964 et
574 1886 848 1993 rogatisdnno,
858 1887 1057 1977 indicione,
1069 1885 1300 1994 pontificatu,
1314 1913 1410 1964 auno
1421 1887 1526 1964 etdie
1536 1887 1675 1994 quibus
1684 1916 1806 1994 supra.

435 2153 481 2227 Et
502 2179 570 2258 ego
587 2151 751 2229 Amisius
767 2151 814 2229 de
835 2151 1045 2230 Aurelianis
1066 2151 1188 2228 dietus
1208 2151 1243 2228 lc
1264 2149 1366 2228 Ratis
1370 2211 1378 2239 ,
1401 2149 1557 2228 clericus
1577 2167 1807 2228 sacrosancte

377 2284 541 2358 Romane
567 2281 748 2372 Ecclesia,
779 2283 944 2360 notarius
968 2281 1159 2388 publicus,
1185 2281 1375 2388 premissis
1400 2281 1704 2388 juramentorum
1724 2309 1809 2388 pre-

378 2413 614 2501 stationibus,
628 2411 923 2491 confessionibus
937 2441 1004 2490 seu
1019 2413 1324 2518 deposicionibus
1340 2429 1376 2490 et
1391 2412 1568 2488 omuibus
1581 2413 1679 2502 aliis,
1696 2429 1809 2519 prout

378 2546 552 2651 superius
577 2563 662 2621 sunt
691 2572 875 2651 expressa,
902 2573 977 2622 una
1002 2573 1088 2621 curn
1117 2544 1374 2650 suprascriptis
1393 2543 1551 2621 testibus
1567 2561 1610 2620 et
1629 2543 1806 2652 magistro

378 2675 558 2752 Gaulrido
578 2675 677 2752 dicto
689 2675 849 2779 Cbalop,
866 2677 1010 2752 notario
1026 2672 1194 2781 publico,
1214 2703 1367 2779 presens
1382 2673 1550 2762 interlui,
1565 2703 1623 2762 ac,
1640 2674 1686 2751 de
1704 2701 1810 2750 man-

378 2805 464 2882 dato
486 2805 716 2910 inquisitoris
735 2805 910 2912 predicti,
933 2805 1022 2880 huic
1037 2806 1283 2881 instrumento
1301 2803 1451 2910 publico
1472 2831 1533 2880 me
1553 2803 1754 2910 subscripsi
1769 2806 1808 2881 in

378 2936 634 3012 testimonium
651 2937 935 3042 premissorum,
951 2934 1119 3041 illudque
1134 2936 1239 3042 signo
1258 2963 1341 3012 meo
1363 2933 1473 3013 solito
1489 2935 1628 3042 signavi
1645 2952 1806 3040 rogatus.

434 3199 480 3274 Et
497 3227 565 3306 ego
587 3198 789 3276 Gaufridus
812 3196 1003 3304 Enguelor
1022 3196 1142 3273 dictus
1166 3197 1326 3301 Cltalop‚
1350 3197 1508 3274 clericus
1527 3196 1702 3275 Dolensis
1724 3196 1808 3271 dio-

378 3330 489 3420 cesis,
511 3328 710 3436 apostolica
732 3329 951 3406 auctoritate
971 3327 1140 3406 notarius
1159 3327 1348 3433 publicus,
1369 3326 1560 3432 premissis
1580 3325 1755 3403 omuibus
1769 3344 1808 3403 et

377 3461 549 3569 singulis,
572 3489 644 3538 una
666 3489 752 3536 cum
781 3459 889 3537 dictis
910 3459 1083 3564 magistro
1109 3456 1251 3535 Amisio
1273 3456 1319 3533 de
1342 3457 1566 3545 Aurelianis,
1589 3457 1722 3533 eadem
1742 3483 1808 3532 au-

377 3597 546 3671 ctoritate
560 3592 707 3671 notario
722 3591 892 3699 publico,
909 3611 946 3669 et
960 3590 1119 3668 testibus
1133 3589 1405 3695 suprascriptis,
1422 3615 1577 3694 presens
1586 3587 1755 3674 interfui,
1771 3606 1807 3664 et

377 3727 416 3800 in
436 3725 695 3802 testimonium
715 3723 987 3829 premissorum
1008 3751 1068 3799 me
1089 3720 1289 3826 subscripsi
1313 3719 1503 3825 premissis
1521 3718 1561 3794 in
1580 3717 1652 3794 hac
1669 3735 1705 3794 et
1724 3745 1808 3824 pre-

376 3855 523 3933 cedenti
546 3854 661 3960 peciis
681 3853 794 3931 simul
820 3853 912 3931 sutis
936 3851 1135 3941 contentis,
1164 3868 1200 3928 et
1219 3851 1367 3957 signum
1391 3877 1518 3927 meum
1545 3849 1700 3955 apposui
1721 3877 1807 3925 con-

377 4004 524 4062 suetum
544 4003 693 4067 vocatus
714 4002 751 4062 et
769 4001 929 4090 rogatus.
1491 3974 1493 3980 ’

434 4248 474 4322 ln
489 4247 628 4325 Christi
649 4249 802 4325 nomine
826 4275 947 4324 amen.
975 4248 1100 4325 Pateat
1119 4247 1316 4335 universis,
1338 4273 1406 4352 per
1421 4244 1494 4321 hoc
1512 4271 1666 4349 presens
1684 4240 1807 4348 publi-

377 4405 462 4452 cum
483 4378 790 4468 instrumentum,
813 4377 918 4486 quod
938 4405 1037 4455 anno
1056 4378 1210 4455 Domini
1230 4375 1430 4454 millesimo
1451 4389 1532 4452 ccc⁰
1551 4374 1727 4480 septimo,
1749 4373 1807 4447 in-

378 4507 527 4586 dicione
548 4525 664 4600 serta,
684 4539 812 4588 mense
831 4509 993 4600 octobri,
1017 4510 1188 4588 vicesima
1210 4508 1271 4584 dic
1290 4505 1459 4614 ejusdem
1481 4505 1634 4593 mensis,
1651 4500 1805 4610 pontili-

376 4657 477 4717 catus
509 4641 728 4718 sanctissimi
751 4641 865 4748 patris
892 4641 1034 4720 domini
1064 4639 1266 4719 Clementis
1300 4639 1423 4716 divina
1446 4635 1683 4743 providentia
1710 4659 1805 4738 pape

375 4771 496 4876 quinti
519 4798 616 4848 anno
640 4771 824 4860 secundo,
846 4771 885 4848 in
904 4771 1067 4879 religiosi
1086 4771 1155 4848 viri
1178 4788 1215 4848 et
1235 4769 1381 4847 honesti
1402 4767 1525 4845 lratris
1542 4762 1735 4843 Guillelrni
1755 4763 1805 4839 de

374 4902 534 4979 Parisius
562 4901 702 4982 ordinis
733 4901 1028 4992 Predicatorum,
1070 4901 1304 5008 inquisitoris
1341 4898 1508 4977 heretice
1546 4895 1733 5004 pravitatis
1766 4895 1806 4969 in
