4210 5882
671 561 866 654 ruocts
893 579 988 652 ons
1013 579 1314 654 rnurmnns
1628 581 1702 658 uus

279 720 382 800 culos
399 719 577 798 inclusive
603 719 850 826 interrogatus
875 719 1112 826 singulariter
1136 735 1172 796 et
1194 719 1403 826 sigillatim,
1436 721 1581 828 negavit
1605 723 1704 828 ipsos

279 851 453 930 articulos
471 867 511 928 et
523 849 650 927 omnia
670 867 707 927 et
724 849 866 956 singula
881 865 1054 928 contenta
1075 850 1114 924 in
1134 851 1200 927 eis.
1279 873 1291 886 ·
1488 849 1494 862 '

336 980 638 1062 Adxv1-xxv1u
660 979 836 1058 articulos
855 978 1032 1058 inclusive
1052 980 1283 1086 respondens
1302 979 1490 1087 sigillatim
1504 1011 1616 1089 super
1630 985 1705 1061 sin·

279 1112 390 1217 gulis,
413 1111 560 1218 negavit
579 1138 644 1189 eos
660 1127 697 1186 et
712 1109 839 1188 omnia
857 1127 896 1188 et
915 1110 1060 1218 singula
1077 1129 1251 1189 contenta
1266 1111 1305 1187 in
1325 1111 1394 1200 eis,
1416 1111 1581 1190 adiciens
1600 1114 1704 1219 quod

280 1243 359 1346 ipse
380 1243 446 1348 qui
466 1241 635 1347 loquitur
654 1240 718 1347 qui
738 1240 923 1346 presbiter
941 1257 1013 1330 est,
1039 1260 1076 1318 et
1095 1259 1174 1320 erat
1195 1257 1392 1348 antequam
1418 1259 1515 1320 esset
1533 1261 1704 1350 receptus

279 1372 317 1448 in
332 1371 482 1448 fratrem
502 1371 590 1450 dicti
610 1370 769 1460 ordinis,
793 1371 884 1448 dixit
903 1371 942 1448 in
959 1398 1099 1450 canone
1119 1372 1248 1460 misse,
1269 1372 1438 1479 quandiu
1457 1373 1587 1452 missas
1607 1373 1704 1451 cele·

279 1502 413 1591 bravit,
443 1502 555 1580 verba
573 1502 745 1580 ordinata
763 1531 832 1608 per
852 1531 927 1609 que
950 1502 1146 1581 conficitur
1165 1530 1299 1608 corpus
1318 1503 1473 1592 Christi,
1496 1505 1704 1610 exprimens

281 1652 316 1710 ct
335 1633 525 1712 declarans
549 1661 675 1712 coram
698 1633 809 1713 nobis
829 1633 1112 1740 inquisitoribus
1131 1635 1169 1712 in
1189 1635 1354 1741 presenti
1377 1663 1442 1712 sua
1464 1635 1703 1742 deposicione

281 1766 358 1872 ipsa
377 1764 489 1844 verba
511 1765 660 1842 canonis
680 1765 719 1842 in
738 1765 839 1842 hunc
856 1765 1012 1844 modum
1033 1797 1042 1842 ι
1060 1767 1167 1843 «Hoc
1190 1783 1247 1844 est
1264 1766 1367 1842 enim
1384 1793 1519 1874 corpus
1533 1793 1704 1844 meum.»

280 1895 464 1983 Credens,
485 1912 527 1972 ut
547 1895 654 1985 dixit,
683 1895 789 2003 quod
809 1896 922 1974 ceteri
944 1895 1140 2002 presbiteri
1165 1896 1256 1974 dicti
1277 1895 1419 1974 ordinis
1443 1891 1549 1973 idem'
1572 1895 1706 1972 saciant

281 2028 376 2102 sicut
390 2027 504 2104 ceteri
520 2053 652 2104 omnes
665 2027 864 2134 presbiteri
879 2025 1097 2116 Christiane
1124 2026 1287 2104 adiciens
1308 2026 1425 2103 eciam
1447 2025 1554 2132 quod
1573 2027 1706 2133 aliquis

279 2173 478 2266 preceptor
490 2157 550 2236 vel
564 2158 684 2264 quivis
699 2158 794 2236 alius
813 2159 928 2236 frater
940 2159 1029 2236 dicti
1043 2158 1187 2236 ordinis
1201 2185 1279 2235 non
1301 2155 1388 2235 lecit
1404 2155 1475 2234 sibi
1487 2175 1705 2266 preceptum

283 2289 329 2366 de
349 2287 595 2366 obmitteudis
611 2288 720 2366 dictis
739 2289 877 2378 verbis,
900 2317 969 2365 nec
984 2288 1128 2365 audivit
1145 2288 1194 2364 ab
1214 2289 1296 2366 aliis
1316 2286 1489 2365 interdici
1504 2289 1706 2395 quominus

282 2419 379 2496 dicta
400 2417 512 2496 verba
540 2437 615 2496 tam
642 2419 884 2497 sacratissima
909 2435 1058 2525 tamque
1083 2447 1232 2496 summe
1258 2419 1464 2496 necessaria
1488 2436 1525 2496 et
1544 2417 1706 2497 salubria

282 2550 507 2640 dicerentur,
522 2549 612 2629 licet
628 2550 731 2628 idem
748 2551 813 2663 qui
828 2549 995 2656 loquitur
1004 2550 1139 2628 viderit
1154 2549 1381 2656 presbiteros
1396 2548 1510 2656 recipi
1524 2549 1562 2625 in
1575 2550 1706 2656 fratres

281 2678 423 2756 ordinis
445 2680 659 2788 supradicti,
682 2681 821 2787 quibus
839 2707 1032 2788 nunquam
1052 2680 1193 2758 audivit
1215 2708 1237 2757 a
1259 2680 1467 2787 superiore,
1488 2679 1612 2756 veleb
1632 2679 1705 2756 alio

280 2811 496 2916 Templario
526 2829 590 2889 aut
616 2839 854 2919 quocumque
882 2811 956 2889 alio
981 2791 1165 2890 interdici.
1189 2809 1336 2918 Adjecit
1361 2811 1475 2889 eciam
1496 2837 1535 2889 se
1554 2809 1706 2888 credere

281 2959 551 3020 sacramentum
564 2943 700 3033 altaris,
715 2961 752 3020 et
763 2944 833 3020 alia
843 2960 1070 3021 sacramenta
1079 2942 1260 3032 Ecclesie,
1273 2945 1369 3020 siout
1380 2943 1501 3050 quivis
1514 2943 1608 3023 alius
1619 2941 1709 3020 lide·

281 3072 444 3150 lissimus
458 3073 688 3152 Christianus
712 3072 832 3151 credit
856 3092 892 3151 et
914 3073 1029 3152 debet
1046 3073 1200 3151 credere
1226 3090 1451 3152 sacramenta
1475 3072 1639 3151 Ecclesie
1661 3075 1707 3150 ad

281 3203 491 3282 animarum
507 3205 677 3283 fidelium
700 3205 896 3313 [solotemll
919 3234 998 3284 esse
1012 3206 1160 3312 prodite
1179 3223 1217 3286 et
1236 3235 1256 3284 a
1275 3209 1439 3285 Romana
1458 3206 1621 3284 Ecclesia
1637 3233 1707 3312 pm

239 3413 243 3420 ,
282 3332 459 3410 fidelibus
477 3334 699 3411 introducta.

339 3460 396 3538 sd
419 3488 503 3538 xxxx
523 3460 718 3538 articulum
743 3461 989 3567 respondens,
1013 3463 1108 3539 dixit
1130 3479 1302 3540 contenta
1323 3464 1362 3540 in
1385 3466 1467 3571 ipso
1490 3467 1706 3543 articulosa

282 3618 357 3668 non
379 3591 532 3669 credere
552 3619 637 3670 vera
657 3619 754 3680 seseq
773 3607 811 3668 et
823 3593 852 3670 si
867 3592 963 3671 forte
983 3591 1176 3670 confessus
1198 3593 1270 3670 fuit
1283 3595 1362 3703 ipse
1375 3596 1551 3702 Magister
1571 3595 1707 3702 dequo

283 3721 321 3796 in
338 3722 495 3798 articulo
515 3723 637 3827 agitur
656 3721 847 3799 confessus
866 3723 953 3812 fuit,
975 3741 1019 3799 ut
1035 3725 1114 3828 ipse
1134 3725 1199 3828 qui
1214 3724 1384 3832 loquitur
1403 3726 1536 3815 credit,
1554 3753 1631 3804 non
1653 3745 1709 3805 est

282 3849 472 3928 consessus
490 3852 692 3929 veritatem

338 3979 396 4058 Ad
417 4007 653 4062 xxx-xxxur
677 3982 852 4061 articulos
881 3983 1057 4062 inclusive
1077 3983 1328 4091 respondens,
1352 3985 1445 4064 dixit
1463 3986 1650 4095 sigillatim
1672 4007 1710 4068 et

283 4110 466 4202 districte,
498 4115 647 4220 negavit
674 4116 799 4193 omnia
829 4133 866 4192 et
894 4114 1040 4223 singula
1066 4133 1237 4194 contenta
1265 4117 1398 4208 ineis,
1428 4137 1580 4228 excepto
1605 4121 1709 4227 quod

283 4240 476 4320 consessus
495 4259 551 4320 est
567 4242 672 4349 quod
689 4261 860 4350 receptus
884 4245 1045 4351 quilibet
1063 4246 1104 4324 in
1124 4246 1206 4353 ipso
1226 4246 1359 4325 ordine
1380 4248 1567 4328 osculatur
1586 4251 1709 4358 ipsum

282 4370 527 4477 recipientem
537 4374 576 4449 in
591 4401 656 4452 ore
675 4391 832 4452 tantum.
853 4375 900 4451 Et
917 4375 990 4454 boc
1001 4377 1093 4455 dixit
1105 4377 1184 4484 ipse
1195 4378 1260 4483 qui
1275 4369 1447 4485 loquitur
1458 4407 1497 4458 se
1517 4382 1611 4460 scire
1622 4383 1709 4461 ideo

283 4503 370 4608 quia
389 4503 481 4580 vidit
500 4503 625 4609 plures
651 4503 783 4583 iratres
802 4505 916 4612 recipi
942 4508 982 4583 in
1002 4506 1134 4585 ordine
1154 4507 1383 4614 supradicto,
1403 4511 1469 4618 qui
1491 4511 1710 4590 osculaban-

283 4649 344 4709 tur
357 4649 502 4710 tantum
523 4635 562 4712 in
576 4663 642 4714 ore
661 4636 783 4742 ipsum
803 4636 1061 4741 recipientem,
1082 4655 1128 4716 ut
1142 4667 1253 4747 supra
1270 4637 1455 4747 deposuit.

340 4760 398 4839 Ad
414 4789 537 4842 xxxuu
556 4765 756 4844 articulum
776 4767 1021 4874 respondens,
1044 4769 1137 4847 dixit
1154 4785 1193 4848 et
1208 4769 1398 4849 confessus
1417 4787 1475 4850 est
1493 4771 1597 4880 quod
1616 4771 1710 4848 reci-

285 4893 392 4997 piens
411 4893 564 4972 fratrem
584 4895 747 5002 aliquem
768 4898 808 4974 in
828 4897 928 4976 dicto
944 4899 1077 4977 ordine
1093 4899 1179 4978 lacit
1197 4898 1304 4978 illum
1318 4902 1446 5011 jurare
1467 4901 1570 5008 quod
1586 4900 1709 5008 ipsum

1489 5047 1538 5112 56.
