4242 5890
359 565 433 636 sss
747 545 943 647 raocts
969 559 1392 636 nns'rnnrmnns.
1432 605 1436 612 -

356 723 443 782 tres.
474 704 522 782 Et
555 719 683 812 postea
711 704 894 812 recipiens
926 705 1031 782 duxit
1060 732 1147 782 cum
1186 705 1234 782 ad
1262 722 1427 810 partem,
1455 718 1492 779 et
1522 703 1688 785 ostendit
1713 703 1783 782 sibi

356 863 470 912 unam
490 863 639 912 crucem
666 865 751 914 cum
776 837 945 944 ymagine
965 836 1081 914 lbesu
1100 835 1254 924 Christi,
1283 854 1321 913 et
1345 833 1506 942 quesivit
1533 831 1580 910 ab
1607 861 1653 911 eo
1679 835 1785 941 cujus

357 969 454 1044 esset
472 995 606 1073 ymago
625 965 704 1056 illa,
727 983 764 1043 et
783 968 862 1072 ipse
888 965 1081 1072 respondit
1098 968 1203 1073 quod
1215 968 1347 1072 ¹Ibcsu
1367 964 1523 1054 Christi,
1548 979 1586 1040 et
1602 965 1784 1070 recipiens

356 1097 448 1174 dixit
463 1095 534 1174 sibi
548 1098 650 1204 quod
662 1097 857 1204 oportebat
872 1098 979 1203 quod
995 1097 1195 1206 abnegaret
1215 1126 1322 1186 eum,
1339 1114 1376 1174 et
1392 1112 1544 1201 spueret
1560 1123 1671 1203 supra
1686 1123 1779 1172 eam.

356 1229 402 1304 Et
419 1245 509 1305 tunc
528 1229 608 1334 ipse
628 1225 698 1304 fuit
719 1227 878 1304 multum
897 1228 1049 1304 territus
1069 1228 1161 1304 etin
1180 1244 1320 1318 tantam
1340 1225 1625 1302 admirationem
1642 1244 1781 1332 raptus,

355 1358 459 1466 quod
478 1359 535 1434 vix
554 1359 692 1436 sciebat
710 1359 805 1465 quid
825 1358 1001 1449 faciebat;
1023 1375 1062 1434 et
1085 1359 1269 1464 recipiens
1293 1357 1452 1464 injunxit
1475 1355 1564 1444 sibi,
1591 1356 1629 1432 in
1650 1356 1783 1436 virtute

356 1489 594 1579 obediencie,
618 1491 722 1596 quod
736 1489 809 1568 hoc
827 1491 982 1580 laceret,
1004 1491 1132 1568 dicens
1147 1490 1252 1596 quod
1275 1491 1346 1568 hoc
1367 1505 1444 1566 erat
1458 1489 1506 1564 de
1521 1488 1666 1566 statutis
1686 1489 1784 1566 ordi-

356 1620 432 1710 nis,
445 1638 483 1697 et
496 1637 587 1698 tunc
601 1621 681 1727 ipse
695 1622 761 1727 qui
774 1621 956 1728 loquitur,
968 1621 1056 1698 licet
1066 1621 1222 1710 invitus,
1240 1649 1322 1709 ore,
1338 1620 1405 1698 sed
1419 1637 1546 1697 tamen
1564 1646 1640 1697 non
1651 1619 1779 1710 corde,

355 1766 398 1825 ut
419 1749 524 1839 dicit,
542 1751 739 1858 abnegavit
755 1779 845 1829 eum
856 1768 926 1841 ter,
950 1770 988 1828 et
1008 1753 1109 1858 spuit
1126 1769 1188 1828 ter
1204 1777 1316 1857 supra
1339 1779 1491 1828 crucem
1513 1765 1549 1826 et
1569 1748 1781 1856 ymaginem

352 1880 556 1986 predictas,
572 1879 702 1958 dicens
722 1881 829 1988 quod
848 1881 1029 1958 libentius
1049 1880 1253 1959 dimisisset
1270 1881 1493 1958 mantellum
1507 1896 1545 1955 et
1557 1880 1779 1968 recessisset,

354 2010 385 2086 si
406 2037 519 2086 ausus
533 2009 677 2089 fuisset.

409 2142 503 2216 Item
520 2141 611 2218 dixit
626 2143 730 2249 quod
749 2125 935 2249 recipiens
949 2133 1043 2220 fecit¹
1058 2173 1097 2235 se
1114 2144 1275 2220 osculari
1289 2144 1336 2220 ab
1352 2144 1434 2249 ipso
1455 2143 1495 2218 in
1516 2141 1708 2218 umbilico.

408 2271 503 2348 Item
526 2271 618 2348 dixit
636 2300 705 2376 per
720 2273 980 2377 juramentum
994 2272 1099 2377 quod
1119 2291 1293 2376 receptor
1311 2273 1504 2376 predictus
1530 2271 1689 2379 injunxit
1712 2274 1779 2351 sibi

352 2401 458 2508 quod
466 2399 953 2490 abstineretamulieribus,
965 2417 1003 2478 et
1013 2401 1129 2508 quod,
1143 2401 1173 2478 si
1190 2401 1292 2478 calor
1302 2401 1482 2478 naturalis
1496 2420 1664 2479 moveret
1675 2432 1777 2493 cum,

352 2531 545 2608 accederet
561 2532 608 2607 ad
623 2530 756 2608 fratres
767 2559 870 2621 suos,
886 2549 923 2608 et
940 2559 1006 2608 eos
1020 2531 1420 2631 similiteradmitterct
1435 2533 1482 2608 ad
1500 2549 1677 2609 mutuum
1698 2562 1781 2610 con-

353 2661 537 2738 cubitum.
553 2660 656 2739 Dixit
673 2678 802 2737 tamen
817 2690 886 2766 per
900 2661 1159 2769 juramentum
1173 2662 1278 2768 quod
1293 2689 1490 2768 nunquam
1504 2660 1610 2751 lecit,
1628 2691 1698 2740 nec
1711 2663 1781 2740 luit

302 2779 303 2784 ¹
352 2820 466 2898 super
480 2793 553 2870 hoc
571 2792 617 2869 ab
633 2791 760 2899 aliquo
776 2793 998 2899 requisitus,
1017 2793 1084 2870 sed
1104 2793 1224 2870 credit
1240 2821 1309 2898 per
1319 2793 1578 2900 juramentum
1594 2793 1700 2898 quod
1717 2793 1777 2870 alii

352 2921 484 3000 fratres
495 2923 544 2999 ita
556 2924 804 3029 recipiantur:
820 2951 1015 3030 nunquam
1029 2920 1155 3001 tamen
1172 2923 1244 3000 luit
1261 2923 1300 2998 in
1316 2923 1538 3029 receptione
1555 2921 1721 3030 alicujus.
1770 3019 1772 3023 ι

408 3054 503 3130 Item
523 3054 615 3131 dixit
632 3081 699 3161 per
714 3055 973 3160 juramentum
986 3055 1090 3161 quod
1102 3083 1296 3162 nunquam
1312 3055 1408 3131 vidit
1427 3054 1547 3159 capud
1570 3053 1676 3158 quod
1690 3055 1781 3130 ado-

351 3213 432 3262 rare
455 3185 643 3262 dicuntur.

406 3316 500 3392 Item
522 3315 630 3403 dixit,
655 3345 724 3422 per
738 3319 998 3424 juramentum
1025 3343 1139 3422 super
1163 3315 1235 3393 hoc
1263 3316 1308 3392 ab
1342 3342 1387 3392 eo
1410 3313 1535 3390 adhuc
1558 3313 1775 3420 prestitum,

351 3445 455 3552 quod
471 3447 523 3534 vi,
544 3446 602 3523 vel
623 3463 728 3522 metu
743 3448 898 3524 carceris
918 3465 982 3524 aut
1002 3447 1197 3534 tormenti,
1220 3473 1298 3522 non
1319 3445 1411 3521 dixit
1431 3443 1536 3521 aliud
1556 3471 1668 3550 quam
1683 3445 1778 3520 veri-

349 3591 481 3666 tatem,
498 3605 568 3653 nec
586 3578 777 3683 promissis
798 3577 1004 3656 immiscuit
1027 3578 1192 3683 aliquam
1214 3577 1430 3665 falsitatem,
1463 3592 1500 3652 et
1521 3576 1627 3682 quod
1645 3603 1776 3680 puram

348 3707 542 3784 veritatem
564 3707 656 3785 dixit
677 3738 744 3814 pro
764 3708 885 3786 salute
900 3709 1024 3786 anime
1043 3735 1123 3786 sue.

403 3972 497 4047 Item
518 3969 631 4047 frater
649 3971 823 4048 Nicolaus
844 3974 892 4048 dc
911 3973 1079 4048 Puteolis
1098 4000 1217 4079 prope
1237 3973 1426 4076 Luparam
1450 3969 1668 4046 Parisiensis
1693 3967 1775 4045 dio-

348 4100 456 4186 cesis,
488 4117 612 4176 custos
639 4101 777 4177 domus
807 4101 854 4177 de
882 4099 1103 4188 Messelcnt,
1135 4101 1243 4177 etatis
1275 4101 1550 4208 quinquaginta
1587 4125 1773 4175 annorum

348 4228 407 4305 vel
427 4229 537 4318 circa,
568 4231 705 4306 codem
727 4231 842 4307 modo
858 4231 1009 4337 juratus
1037 4246 1075 4306 et
1095 4231 1360 4335 interrogatus,
1392 4229 1485 4304 dixit
1504 4229 1776 4332 perjuramen-

347 4376 430 4435 tum
459 4389 571 4436 suum
596 4360 702 4467 quod
724 4360 822 4436 bene
848 4376 935 4436 suut
958 4359 1089 4465 viginti
1115 4376 1193 4436 tres
1218 4357 1304 4433 anni
1331 4356 1390 4434 vel
1411 4356 1508 4434 circa
1528 4353 1643 4462 elapsi
1671 4352 1775 4461 quod

347 4488 419 4564 fuit
437 4505 610 4595 receptus
629 4490 669 4566 in
689 4489 804 4568 domo
826 4489 873 4567 de
894 4488 1045 4566 Yvriaco
1069 4489 1109 4565 in
1129 4488 1343 4594 Veuqesino
1370 4486 1584 4573 Parisiensi,
1615 4513 1682 4591 per
1702 4482 1776 4560 fra-

346 4639 445 4700 trem
466 4622 676 4700 Iohannem
699 4623 746 4698 de
767 4624 900 4699 Turno
923 4637 1015 4697 tunc
1033 4619 1217 4726 temporis
1236 4616 1515 4695 thesaurarium
1535 4612 1685 4719 Templi
1710 4613 1776 4688 Pa-

346 4753 529 4840 risiensis,
551 4751 790 4858 presentibus
810 4751 920 4828 fratre
941 4750 1106 4828 Roberto
1127 4749 1175 4826 de
1195 4749 1372 4856 Plesseyo
1385 4765 1423 4824 et
1437 4763 1601 4853 quatuor
1613 4744 1695 4821 aliis
1707 4742 1774 4850 qui

342 4884 421 4990 jam
442 4899 530 4959 sunt
551 4884 702 4959 mortui.
