4320 5898
371 501 419 572 so
763 479 960 574 caecas
987 500 1081 572 nus
1107 499 1408 574 rsuemuus

370 640 466 719 alius
480 639 619 720 faciens
633 642 890 736 mencionem,
907 671 977 721 nec
991 643 1112 722 credit
1128 642 1233 750 quod
1253 642 1351 722 dicta
1367 641 1499 720 illicita
1512 641 1718 723 confessata
1733 675 1801 754 per

371 801 471 864 eum,
493 773 553 850 vel
570 772 642 850 alia
660 773 860 853 inhonesta
873 793 1048 854 contenta
1065 775 1105 852 iu
1125 775 1305 864 articulis,
1328 775 1600 854 intervenirent
1617 775 1658 853 in
1671 805 1801 888 recep
1844 823 1848 830 v

371 905 725 1018 sionibusaliorum
745 906 803 986 vel
823 924 919 1013 post.
942 907 1054 1000 Item,
1073 905 1166 985 dixit
1190 907 1297 1015 quod
1316 907 1414 986 bene
1433 906 1611 985 credebat
1630 905 1802 990 ecclesia-

371 1037 472 1116 sticis
485 1038 741 1128 sacramentis,
757 1055 795 1115 et
809 1039 929 1117 credit
940 1041 1046 1148 quod
1060 1038 1124 1116 alii
1138 1039 1351 1132 crederent,
1366 1057 1406 1120 et
1417 1040 1523 1148 quod
1536 1067 1668 1120 eorum
1683 1065 1802 1118 sacer·

372 1172 481 1249 dotes
508 1171 636 1252 debite
667 1170 913 1251 celebrarent.
945 1172 1078 1252 Statim
1099 1201 1170 1280 pro
1191 1172 1368 1280 professis
1387 1171 1636 1252 habebantur.
1662 1172 1804 1252 duravit

373 1302 546 1380 ordinem
572 1330 650 1380 nou
671 1303 787 1394 exire,
815 1321 853 1381 et
875 1305 995 1385 credit
1015 1305 1123 1413 qued
1143 1304 1248 1382 idem
1261 1304 1436 1413 jurarent
1456 1304 1530 1384 alii.
1558 1303 1802 1384 Clandestine

372 1434 660 1542 recipiebantur.
678 1434 894 1543 Iujunctum
913 1433 986 1514 suit
1004 1437 1037 1514 ei
1055 1436 1212 1515 demum
1227 1437 1267 1514 iu
1281 1437 1503 1544 recepcione
1520 1464 1587 1517 sua
1603 1431 1710 1544 quod
1725 1463 1802 1514 non

371 1565 554 1645 revelaret
569 1583 711 1644 secreta
731 1567 984 1674 capitulorum
1005 1568 1076 1646 nisi
1095 1567 1275 1648 fratribus
1293 1569 1456 1662 ordinis,
1481 1587 1519 1647 et
1537 1567 1643 1677 quod
1663 1566 1803 1675 absque

372 1697 527 1774 licencia
546 1723 625 1774 non
649 1697 896 1776 eonfiteretur
914 1700 985 1779 nisi
1007 1698 1267 1778 sacerdotibus
1291 1699 1448 1779 ordinis.
1472 1698 1643 1778 Scientes
1658 1725 1804 1776 errores

373 1827 528 1906 bierunt
550 1826 785 1937 negligentes
816 1831 905 1938 quia
928 1857 1007 1911 non
1032 1847 1276 1910 correxerunt
1299 1857 1364 1910 eos
1388 1859 1459 1908 nec
1481 1829 1806 1908 denunciaverunt

250 2009 253 2014 Α
372 1958 550 2038 Ecclesia.
578 1959 813 2039 Elemosinas
837 1979 875 2040 et
902 1961 1196 2070 hospitalitatem
1227 1961 1322 2040 vidit
1354 1961 1621 2040 convenienter
1651 1960 1734 2038 lieri
1768 1979 1806 2037 et

373 2091 508 2170 servari
524 2091 564 2168 iu
579 2089 759 2170 domibus
773 2093 917 2172 ordinis
932 2095 972 2172 in
985 2094 1125 2202 quibus
1144 2093 1218 2172 fuit
1231 2111 1498 2172 commoratus.
1515 2093 1632 2187 Quod
1647 2121 1805 2201 magnus

373 2222 550 2330 Magister
568 2251 656 2300 cum
676 2240 864 2304 conventu
890 2224 1101 2306 ordinasset
1124 2226 1267 2304 audivit
1286 2225 1361 2303 dici
1381 2225 1488 2334 quod
1506 2242 1686 2304 servasset
1703 2241 1805 2304 totus

372 2353 485 2447 ordo,
506 2371 636 2434 contra
665 2382 781 2463 quern
801 2385 904 2434 nunc
919 2357 1074 2464 grandia
1094 2356 1284 2451 scaudala,
1298 2357 1463 2464 suspicio
1484 2376 1523 2435 et
1541 2355 1695 2436 infamia
1718 2375 1807 2435 sunt

372 2502 510 2563 exorta.
538 2485 694 2564 Audivit
720 2487 796 2564 dici
823 2515 1004 2596 magnum
1036 2489 1257 2598 Magistrum
1284 2505 1322 2566 et
1342 2487 1436 2567 alios
1460 2487 1585 2597 aliqua
1616 2487 1806 2567 confessos

373 2616 487 2694 luisse
503 2631 634 2694 contra
648 2615 835 2707 ordinem,
853 2617 901 2694 ad
916 2618 1025 2726 cujus
1040 2617 1315 2698 deffensionem
1332 2647 1372 2698 se
1389 2619 1590 2711 obtulerat,
1602 2647 1680 2698 uon
1701 2618 1807 2727 quod

372 2745 588 2825 intenderet
606 2746 824 2826 deffendere
845 2747 892 2826 ab
918 2748 1109 2829 erroribus
1129 2749 1345 2842 consessatis
1367 2777 1436 2858 per
1461 2779 1567 2841 eum,
1590 2769 1634 2830 ut
1652 2751 1757 2862 dixit.

430 2877 649 2986 Requisitus
673 2879 789 2978 sisic
817 2879 1046 2988 deposuerat
1075 2910 1205 2988 prece,
1239 2859 1444 2990 precepto,
1476 2882 1631 2976 timore,
1659 2909 1804 2972 amore,

375 3011 481 3103 odio,
512 3011 572 3088 vel
596 3009 796 3119 temporali
824 3014 985 3092 comodo
1013 3013 1144 3091 habito
1165 3013 1223 3092 vel
1249 3013 1452 3103 habendo,
1481 3012 1677 3123 respoudit
1702 3013 1806 3121 quod

375 3170 468 3234 nou,
493 3144 561 3221 sed
579 3171 650 3251 pro
669 3144 823 3222 veritate
849 3144 1026 3236 dicenda3
1052 3146 1114 3222 cui
1138 3144 1211 3223 luit
1236 3145 1448 3253 injunctum
1475 3146 1582 3253 quod
1607 3169 1685 3224 nou
1704 3173 1809 3224 reve-

375 3275 470 3360 laret
488 3274 586 3353 hanc
605 3303 713 3353 suam
742 3276 1025 3384 depositionem
1056 3304 1257 3385 quousque
1282 3276 1546 3356 attestacioues
1578 3277 1720 3356 luerint
1735 3307 1808 3384 pu-

376 3404 526 3484 blicate.

431 3673 562 3748 Frater
574 3669 767 3748 lohannes
783 3666 830 3747 de
846 3670 965 3749 Ponte
979 3669 1154 3777 Episcopi
1173 3669 1339 3749 servieus
1356 3670 1616 3749 Noviomensis
1636 3671 1806 3760 diocesis,

376 3803 481 3881 testis
510 3799 623 3908 supra
648 3800 814 3910 juratus,
843 3801 1069 3879 mantellum
1094 3800 1239 3878 ordinis
1264 3817 1303 3878 et
1321 3799 1479 3881 barbam
1500 3829 1577 3880 non
1600 3800 1806 3891 defferens,

376 3933 466 4041 quia
493 3933 639 4010 dictum
660 3930 884 4009 mantellum
906 3931 1100 4010 dimiserat
1121 3931 1161 4009 in
1180 3932 1341 4011 concilio
1361 3933 1593 4023 Senonensi,
1618 3951 1657 4011 et
1679 3953 1810 4042 postea

380 4063 458 4142 radi
479 4063 618 4142 lecerat
637 4061 708 4141 sibi
727 4061 902 4155 barbam,
926 4091 1024 4144 xxvu
1045 4091 1233 4142 annorum
1252 4063 1311 4142 vel
1333 4065 1444 4156 circa,
1468 4063 1668 4144 absolutus
1690 4083 1730 4143 et
1751 4095 1809 4143 re-

379 4196 598 4276 conciliatus
613 4223 685 4304 per
703 4195 903 4274 domiuum
926 4196 1149 4305 episcopum
1170 4197 1443 4277 Carnututsen
1472 4197 1538 4305 qui
1567 4197 1810 4306 inquisiverat

379 4357 466 4406 cum
483 4329 638 4421 eodem;
649 4326 756 4406 lectis
764 4345 803 4406 et
815 4327 1017 4438 diligenter
1031 4327 1209 4436 expositis
1223 4327 1298 4406 sibi
1311 4325 1491 4406 omnibus
1502 4343 1541 4406 et
1549 4327 1706 4438 singulis
1721 4330 1810 4406 arti·

379 4459 695 4568 culisrespondit
713 4488 753 4540 se
773 4459 933 4552 nescire,
956 4489 1027 4538 nec
1049 4461 1220 4553 credere,
1246 4488 1317 4537 nec
1340 4457 1527 4538 audivisse
1553 4460 1626 4538 dici
1650 4460 1698 4538 de
1719 4487 1809 4539 con·

379 4592 492 4670 tentis
512 4593 552 4668 in
572 4591 627 4671 eis
642 4593 714 4672 nisi
728 4593 834 4702 quod
848 4592 1040 4702 sequitur,
1060 4593 1247 4702 quianon
1261 4591 1357 4670 vidit
1376 4591 1544 4701 aliquem
1560 4592 1679 4671 alium
1692 4593 1808 4700 recipi

380 4726 420 4804 iu
436 4724 586 4818 ordine,
604 4752 675 4804 uec
693 4723 915 4805 interfuerat
936 4724 1109 4834 capitulis
1134 4751 1280 4804 eorum.
1307 4724 1391 4831 lpse
1412 4724 1516 4802 enim
1543 4741 1717 4832 receptus
1735 4721 1810 4802 luit

380 4859 418 4936 in
439 4858 602 4966 quadam
620 4887 766 4939 camera
787 4858 923 4939 domus
937 4857 1089 4968 Templi
1105 4859 1156 4938 de
1167 4858 1344 4938 Sauciaco
1359 4860 1557 4938 Trecensis
1578 4857 1750 4948 diocesis,
1768 4857 1808 4933 in
