4486 5890
604 549 672 621 iss
982 525 1176 619 Pnooss
1201 543 1297 616 oss
1322 540 1626 614 rourursns

599 685 889 794 cognominibus
904 713 981 762 non
997 685 1140 762 recolit.
1157 686 1199 762 ln
1213 683 1319 790 cujus
1333 683 1552 790 recepcione
1565 680 1722 758 luerunt
1739 699 1877 758 servata
1890 683 2013 759 onmia

599 817 725 894 illicita
752 845 826 923 que
858 817 1032 922 deposuit
1061 815 1301 892 intervenisse
1330 814 1369 890 in
1400 843 1483 900 sua,
1511 841 1552 890 ex
1575 841 1651 918 quo
1674 811 1776 890 idem
1802 814 1921 901 testis,
1949 814 2011 918 qui

599 947 703 1052 prius
717 975 793 1024 uon
816 947 1035 1035 adverterat,
1053 963 1205 1052 propter
1215 944 1298 1051 ejus
1305 944 1561 1050 juventutem,
1578 943 1675 1020 dicta
1692 943 1819 1020 illicita
1839 941 1931 1020 lacta
1953 971 2014 1047 per

601 1107 706 1166 eum,
725 1077 848 1184 etqui
867 1105 944 1155 non
965 1074 1140 1154 credebat
1163 1102 1283 1180 usque
1300 1092 1393 1152 tuuc
1407 1075 1513 1181 quod
1526 1073 1695 1179 predicta
1714 1071 1842 1149 illicita
1864 1074 2014 1150 interve·

601 1208 725 1285 nirent
753 1209 792 1284 in
824 1207 1107 1314 recepcionibus
1138 1206 1315 1294 aliorum,
1340 1207 1387 1284 ad
1415 1233 1480 1284 cor
1504 1204 1703 1293 reductus,
1731 1203 1804 1280 suit
1826 1202 2014 1282 coufessus

600 1339 648 1415 de
669 1336 845 1443 predictis
866 1337 1008 1413 illicitis
1026 1336 1174 1413 cuidam
1188 1335 1289 1412 fratri
1311 1334 1459 1412 ordinis
1476 1335 1592 1411 sancti
1611 1333 1828 1442 Augustini,
1845 1334 2014 1440 peniten-

600 1466 713 1544 ciario
734 1466 822 1544 dicti
840 1464 985 1544 domini
1004 1493 1099 1572 pape
1115 1464 1282 1554 Martini,
1306 1464 1413 1572 cujus
1429 1492 1568 1542 nomen
1582 1480 1621 1542 et
1633 1491 1843 1571 cognomen
1859 1463 2013 1570 ignorat.

600 1595 725 1702 Aquo
746 1595 884 1672 exstitit
902 1595 1113 1683 absolutus,
1138 1613 1176 1672 et
1197 1595 1376 1701 imposuit
1396 1593 1429 1670 ei
1447 1593 1553 1700 quod
1568 1593 1757 1702 jejunaret
1779 1594 1910 1699 quinta
1929 1591 2016 1668 leria

601 1727 639 1802 in
656 1753 752 1832 pane
767 1743 806 1803 et
819 1754 916 1832 aqua
927 1753 1163 1831 perannum,
1179 1741 1216 1801 et
1229 1725 1335 1831 quod
1347 1751 1423 1802 nou
1437 1743 1689 1830 perseveraret
1701 1724 1739 1800 in
1754 1723 1857 1801 dicto
1875 1751 2014 1810 errore,

602 1872 641 1932 et
659 1855 763 1962 quod
783 1854 1036 1932 transfretaret
1054 1883 1168 1961 quam
1189 1855 1294 1961 prius
1313 1871 1461 1960 posset,
1482 1883 1558 1961 que
1579 1854 1706 1932 omnia
1731 1853 1950 1960 complevit,
1978 1870 2016 1930 ut

604 1984 706 2060 dixit.
723 1985 824 2062 Ultra
843 2011 944 2060 mare
960 2013 1046 2061 vero
1062 1985 1242 2071 existens,
1263 1985 1356 2063 vidit
1374 1984 1490 2092 recipi
1509 1985 1718 2063 secundum
1741 1984 1920 2062 eumdem
1941 2012 2017 2062 mo.-

603 2115 695 2192 dum
724 2113 971 2193 consectatum
999 2141 1067 2220 per
1085 2143 1190 2204 eum,
1214 2115 1252 2191 in
1275 2114 1438 2222 quadem
1463 2143 1608 2194 camera
1631 2115 1767 2194 domus
1794 2113 1948 2221 Templi
1971 2115 2015 2190 de

602 2243 770 2350 Sydone,
788 2242 938 2321 fratrem
954 2243 1178 2322 Durandum
1198 2244 1319 2321 Lastio
1343 2245 1566 2323 servientem
1587 2245 1634 2322 de
1655 2245 1843 2332 Alvernia,
1864 2243 1933 2350 qui
1956 2243 2017 2319 de·

600 2375 741 2451 tinctor
761 2374 860 2479 apud
881 2375 1074 2464 Riomum,
1095 2391 1183 2452 sunt
1202 2375 1348 2452 circiter
1366 2401 1453 2451 xrru
1473 2375 1578 2466 anni,
1603 2403 1672 2482 per
1687 2374 1838 2452 fratrem
1862 2373 2017 2450 Adema·

601 2533 687 2580 rum
700 2503 919 2610 dePeyruna
932 2504 1090 2580 diocesis
1099 2503 1360 2591 llutbenensis,
1373 2503 1532 2585 militem
1541 2507 1748 2611 quondam,
1759 2523 2014 2612 preceptorem

601 2651 692 2710 tuuc
705 2633 807 2710 dicte
820 2632 972 2724 domus,
987 2634 1225 2740 presentibus
1239 2651 1402 2739 quatuor
1414 2633 1545 2740 viginti
1558 2634 1737 2715 fratribus
1749 2653 1787 2712 et
1796 2633 1911 2725 ultra,
1924 2637 2018 2710 inter

604 2790 700 2867 quos
724 2777 829 2840 orant
853 2762 983 2840 fratres
1008 2765 1140 2840 Petrus
1165 2763 1212 2840 de
1238 2763 1369 2840 ltubeo
1394 2763 1493 2840 Lacu
1508 2764 1827 2844 Claramontensis
1845 2763 2016 2849 diocesis,

604 2893 847 3000 Raymundas
873 2893 920 2969 de
936 2893 1112 2998 Spinesso
1132 2891 1382 2998 provincialis,
1398 2890 1618 2998 Aymericus
1635 2895 1806 2974 Satomes
1827 2893 2020 2972 deCatha·

605 3022 705 3100 lonia
727 3023 881 3112 milites,
902 3023 966 3129 qui
991 3051 1123 3100 omnes
1145 3038 1353 3129 potuerunt
1372 3021 1497 3099 videre
1519 3042 1557 3103 ot
1577 3025 1708 3104 audire
1729 3023 1924 3130 quomodo
1945 3051 2020 3130 pre·

604 3153 702 3228 dicta
718 3152 847 3228 illicita
862 3152 1077 3259 agebantur.
1095 3153 1199 3232 Vidit
1217 3153 1339 3230 eciam
1352 3178 1418 3256 per
1438 3153 1618 3232 eurndern
1635 3155 1794 3232 modum
1814 3155 1930 3260 recipi
1947 3153 2015 3230 lra-

605 3297 704 3360 trem,
719 3282 940 3360 Durandum
958 3281 1153 3359 Cbarnerii
1172 3281 1410 3370 servientem,
1430 3283 1747 3362 Claramonteusis
1766 3281 1938 3372 diocesis,
1958 3283 2018 3390 qui

607 3411 797 3490 detinetur
816 3411 917 3518 apud
930 3411 1126 3499 lliomum,
1145 3412 1183 3487 in
1195 3411 1357 3517 quadam
1372 3442 1517 3492 camera
1531 3414 1669 3492 domus
1684 3412 1836 3518 Templi
1849 3412 1897 3489 de
1913 3412 2020 3491 Sellis

605 3542 703 3618 dicte
719 3541 1033 3620 Claramontensis
1053 3540 1227 3630 diocesis,
1250 3569 1317 3647 per
1336 3540 1488 3621 tratrem
1508 3546 1662 3621 Petrum
1679 3542 1728 3620 de
1744 3521 1887 3621 Madito
1899 3543 2021 3649 predi·

605 3690 726 3760 ctum,
749 3673 814 3779 qui
840 3670 954 3750 flebat
978 3671 1129 3776 quando
1150 3671 1380 3777 precipiebat
1399 3673 1567 3778 predicte
1587 3672 1716 3750 illicita
1742 3670 1841 3760 lieri,
1875 3690 1913 3750 et
1936 3689 2022 3750 suut

605 3831 681 3881 ntur
697 3804 784 3880 anni
804 3803 862 3880 rel
879 3802 990 3893 circa,
1006 3818 1045 3880 et
1064 3799 1266 3879 adfuerunt
1285 3801 1415 3882 fratres
1434 3804 1621 3882 Robertus
1640 3803 1857 3889 Charuerii,
1874 3804 1939 3910 qui
1960 3803 2022 3880 ad·

606 3931 699 4038 sugit
724 3933 762 4007 in
790 3930 966 4037 capcione
989 3930 1167 4018 aliorum,
1190 3947 1228 4008 et
1248 3932 1452 4010 Durandus
1474 3933 1672 4012 Charnerii
1700 3949 1899 4039 preceptor
1926 3933 2020 4008 dicte

607 4062 758 4150 domus,
780 4061 958 4149 serviens,
977 4061 1211 4167 propinquus
1230 4063 1319 4143 dicti
1335 4063 1520 4152 Durandi,
1547 4082 1584 4140 et
1608 4063 1802 4143 Gubertus
1825 4062 2020 4170 presbiter,

545 4295 552 4306 .
607 4208 755 4269 curatus
777 4207 867 4268 tunc
885 4189 983 4267 dicte
1005 4191 1158 4281 domus,
1180 4190 1372 4272 delluncti.
1396 4193 1502 4273 Vidit
1518 4194 1634 4270 eciam
1656 4221 1723 4299 per
1746 4194 1926 4270 eumdem
1949 4221 2023 4269 mo-

607 4322 698 4398 dum
724 4321 855 4426 recipi,
882 4339 970 4399 sunt
995 4348 1064 4402 xxv
1089 4322 1175 4400 anni
1198 4323 1255 4400 vel
1282 4325 1393 4413 circa,
1422 4325 1467 4402 iu
1486 4324 1627 4432 capella
1649 4324 1785 4401 domus
1807 4323 1957 4430 Templi
1979 4324 2023 4400 de

607 4453 776 4560 Sydone,
796 4450 946 4528 fratrem
966 4451 1214 4530 Guillelmum
1231 4454 1475 4561 Flamengum
1497 4455 1674 4543 militem,
1697 4454 1803 4560 cujus
1817 4480 2023 4562 cognomen

607 4583 772 4688 ignorat,
789 4582 836 4660 de
853 4582 959 4689 cujus
973 4582 1045 4660 vite
1060 4581 1119 4660 vel
1134 4600 1253 4662 morte
1268 4612 1346 4661 nou
1361 4583 1475 4662 habet
1489 4583 1775 4672 certitudinem,
1799 4611 1866 4688 per
1881 4583 2020 4660 dictum

605 4711 757 4788 fratrem
788 4711 1016 4791 Ademarum
1047 4711 1093 4788 de
1122 4715 1302 4820 Peyruza,
1344 4713 1583 4819 presentibus
1611 4714 1717 4822 quasi
1752 4711 1932 4792 omnibus
1961 4713 2022 4821 qui

604 4841 799 4922 adsuerant
828 4843 867 4920 in
895 4841 1115 4947 recepcioue
1144 4843 1302 4950 predicti
1332 4842 1455 4922 fratris
1488 4843 1658 4922 Durundi
1687 4841 1819 4922 Lastic.
1854 4841 2023 4922 Plotium
