4486 5890
608 425 675 493 uo
988 399 1187 495 raeces
1214 419 1307 492 ors
1333 417 1632 496 ruurtmus.

599 560 822 638 mantellum
830 588 914 638 'non
930 557 1222 668 delerens',·quia
1237 560 1357 666 ipsum
1376 560 1569 638 dimiserat
1578 561 1616 638 in
1627 562 2017 659 eoncilioSenonensi,

600 693 735 796 inquo
765 690 968 766 absolutus·
984 707 1022 766 et
1050 688 1311 768 reconciliatus
1339 687 1460 766 luerat
1479 719 1548 796 per
1576 690 1772 770 dominum
1803 695 2019 802 episcopum

597 823 857 906 Parisiensem,
881 819 947 923 qui
972 819 1211 923 inquisiverst
1249 847 1335 896 oum
1357 820 1512 907 eodem,
1543 817 1648 898 lectis
1669 823 1934 932 et'diligent'er
1960 851 2020 902 ex-

597 951 729 1055 positis
747 949 819 1025 sibi
841 947 1032 1036 omnibus,
1056 965 1094 1024 et
1117 947 1277 1055 singulis
1291 947 1472 1036 articulis,
1497 950 1757 1055 respondit’se
1771 953 1931 1045 nescire,
1951 983 2021 1034 nec

598 1079 769 1170 credere,
791 1105 860 1154 nec
879 1077 1062 1154 audivisse
1092 1077 1167 1154 dici
1188 1078 1235 1154 de
1265 1077 1453 1155 contentis
1472 1078 1511 1154 in
1539 1075 1594 1156 eis
1612 1079 1685 1157 nisi
1711 1081 2017 1189 qnodseqnitun·

597 1211 699 1287 Dixit
712 1241 849 1320 nempe
870 1239 908 1289 se
923 1212 1037 1289 luisse
1060 1225 1271 1314 receptum,
1289 1209 1386 1286 eirea
1405 1206 1547 1286 instans
1565 1206 1704 1286 festum
1718 1210 1819 1288 beati
1839 1211 2016 1304 Dionisii,

597 1359 709 1416 eruut
728 1343 931 1433 octoanni,
956 1343 995 1417 in
1016 1339 1158 1445 capella
1180 1341 1315 1416 domus
1335 1337 1485 1443 Templi
1506 1338 1556 1415 de
1570 1338 1669 1417 Villa
1688 1342 1795 1418 Moso
1818 1339 2019 1420 Altisiodo-

596 1473 714 1546 rensis
738 1471 912 1562 diocesis,
933 1497 1001 1576 per
1026 1469 1177 1546 fratrem
1203 1467 1455 1546 Guillelmum
1477 1466 1526 1543 de
1560 1469 1656 1544 Lurs
1690 1468 1867 1558 militem,
1892 1497 2019 1576 prece·

597 1616 742 1704 ptorem
758 1599 854 1676 dicte
871 1601 1024 1685 domus,
1042 1597 1106 1704 qui
1123 1595 1252 1704 affugit
1262 1596 1414 1703 quando
1430 1595 1493 1673 alii
1509 1593 1764 1703 eripiebantur,
1780 1601 2017 1704 presentibus

595 1728 773 1805 fratribus
789 1731 948 1837 Hugone
961 1727 1008 1804 de
1029 1728 1172 1814 Roeha,
1187 1727 1278 1803 alias
1298 1725 1346 1804 de
1366 1727 1482 1816 Cava,
1500 1727 1621 1804 milite
1654 1727 1862 1806 Guillelmo
1882 1729 2016 1809 Villani

595 1876 633 1933 et
650 1859 842 1965 Stephano
863 1857 910 1935 de
928 1859 1065 1936 Sancto
1080 1859 1242 1950 Questo‚
1264 1874 1303 1933 et
1322 1856 1530 1935 Guillelmo
1545 1856 1731 1946 Guilheu,
1755 1875 1793 1936 et
1812 1857 1949 1936 burico
1972 1861 2016 1936 de

596 1990 728 2066 Biehes
755 1987 1018 2081 servientibus,
1040 2016 1136 2094 quos
1155 1987 1275 2064 credit
1293 2015 1373 2066 esse
1396 2006 1581 2078 mortuos,
1614 2005 1741 2094 preter
1767 1990 1909 2068 dictum
1938 1991 2017 2068 Ste-

596 2119 779 2222 phanum,
805 2120 845 2195 in
875 2120 977 2196 hunc
1006 2118 1165 2197 modum
1188 2149 1197 2195 ε
1220 2147 1306 2196 narn
1336 2119 1478 2224 petitis,
1506 2136 1622 2226 prout
1648 2119 1852 2198 instructus
1880 2119 2014 2206 fuerat,

593 2275 687 2354 pane
718 2264 756 2324 et
784 2277 893 2355 aqua
909 2247 1068 2338 ordinis,
1102 2248 1207 2326 etei
1239 2249 1441 2340 concessis,
1462 2249 1621 2354 prestito
1645 2277 1731 2326 cnm
1759 2276 1804 2326 eo
1820 2275 1899 2354 per
1914 2248 2016 2355 jnra-

593 2393 763 2453 mentum
776 2377 881 2484 quod
897 2405 974 2454 non
992 2394 1070 2453 erat
1090 2378 1452 2464 excommunicatus,
1484 2403 1553 2451 nec
1578 2375 1742 2452 habebat
1759 2377 2015 2455 infirmitatem

592 2507 788 2593 latentem,
810 2535 879 2582 nec
899 2505 1042 2610 aliquid
1071 2504 1227 2581 dederat
1246 2504 1305 2580 vel
1330 2505 1553 2609 promiserat
1577 2505 1684 2611 quod
1704 2504 1742 2582 in
1763 2504 1897 2582 ordine
1922 2509 2014 2584 reci-

592 2653 756 2741 peretur,
789 2653 827 2712 et
855 2636 959 2742 quod
987 2663 1064 2712 non
1089 2651 1169 2712 erat
1193 2632 1330 2712 debitis
1355 2663 1445 2742 que·
1458 2634 1599 2712 solvere
1627 2663 1705 2712 non
1735 2653 1875 2741 posset,
1911 2635 2014 2715 alteri

591 2766 762 2871 religioni
784 2767 841 2842 vel
862 2765 1103 2842 matrimonio
1124 2763 1328 2872 obligatus,
1349 2763 1437 2841 lecit
1460 2791 1548 2841 eum
1572 2789 1707 2842 vovere
1737 2782 1776 2842 et
1803 2765 1932 2873 jurare
1958 2795 2014 2844 ca-

592 2895 771 2984 stitatem,
804 2895 1080 2985 obedienciam,
1109 2911 1156 2972 et·
1179 2895 1301 2971 vivere
1327 2893 1407 2970 sine
1436 2892 1606 2999 proprio,
1643 2893 1747 2999 quod
1770 2910 1867 2972 esset
1889 2921 2014 2974 servus

593 3026 756 3102 esclavus
769 3027 887 3101 Terre
903 3023 1053 3110 Sancte,
1074 3040 1114 3101 et
1132 3023 1239 3129 quod
1249 3050 1399 3128 semper
1418 3037 1517 3098 esset
1535 3019 1719 3099 obediens
1733 3021 1910 3101 Ecclesie.
1929 3025 2014 3119 Quo

590 3154 705 3242 sacto,
725 3153 915 3232 associavit
934 3180 1022 3230 eum
1041 3152 1090 3227 ad
1106 3151 1395 3239 honorem=Dei,
1417 3149 1525 3228 beate
1541 3149 1656 3226 Maria
1682 3167 1721 3227 et
1748 3153 1921 3230 omnium
1941 3181 2014 3232 san.

590 3301 752 3372 ctorum,
775 3279 968 3358 beneficiis
984 3278 1145 3366 ordinis,
1161 3295 1199 3355 et
1206 3278 1386 3384 imposito
1401 3266 1685 3371 sibi'maotello,
1707 3281 1785 3386 ipse
1801 3297 1840 3358 et
1854 3299 2013 3360 astantes

591 3413 745 3489 osculati
759 3400 914 3489 luerunt
931 3439 1019 3487 eum
1034 3409 1072 3485 in
1093 3436 1171 3486 ore.
1189 3411 1380 3486 Instruens
1396 3437 1485 3486 eum
1505 3425 1601 3515 quot
1614 3411 1724 3486 Pater
1739 3425 1855 3489 noster
1873 3411 2012 3490 diceret

589 3541 776 3647 pro'lroris
792 3542 881 3630 suis,
896 3558 939 3617 et
953 3539 1115 3646 qualiter
1131 3556 1281 3647 regeret
1296 3567 1337 3616 se
1356 3539 1397 3616 in
1407 3539 1563 3616 ordine.
1581 3539 1759 3645 Postque
1777 3540 2012 3621 dietilratres

589 3675 697 3780 Hugo
717 3692 756 3751 et
769 3671 999 3751 Guillelmus
1021 3669 1191 3748 Guilhon
1211 3670 1402 3746 duxerunt
1421 3668 1546 3774 ipsum
1562 3684 1698 3746 testem
1719 3686 1823 3746 retro
1832 3669 1953 3748 altare
1966 3672 2011 3748 ad

588 3802 803 3878 exuendum
820 3818 939 3878 vestes
963 3799 1150 3876 seculares
1173 3815 1212 3875 et
1230 3797 1470 3876 induendum
1495 3798 1850 3906 vestes'religionis3
1870 3799 2010 3908 quibus

588 3931 748 4017 indutis,
770 3929 895 4006 dictus
923 3930 1033 4036 Hugo
1059 3927 1226 4033 precepit
1244 3926 1369 4005 eidem
1392 3929 1478 4005 testi
1503 3927 1619 4034 quod·
1633 3928 1840 4036 abnegaret·
1855 3931 2009 4010 lhesum

587 4059 782 4136 Christum
804 4091 813 4136 ε
836 4076 980 4134 etcum
1001 4058 1078 4163 ipse
1097 4056 1423 4134 testisdioeret-se
1450 4057 1558 4134 nullo
1578 4058 1694 4137 modo
1714 4058 1925 4148 facturumr
1958 4061 2010 4138 di-

587 4207 668 4264 ctus
689 4188 914 4267 Guillelmus
934 4187 1027 4263 dixit
1046 4187 1081 4264 ei
1100 4186 1479 4294 quodbene'poterat
1495 4187 1567 4264 hoo
1582 4186 1719 4277 secere,
1737 4187 1881 4296 quirin
1895 4189 2008 4296 petria

587 4349 653 4394 sua
673 4318 907 4429 abnegabant
933 4319 1172 4426 cenciespro
1200 4345 1276 4396 una
1302 4318 1443 4424 prdioe,
1473 4336 1525 4394 et,
1541 4335 1634 4396 tunc
1663 4319 1810 4426 negarit
1837 4347 1904 4399 ore
1927 4335 2009 4416 nott

560 4519 562 4523 ,
587 4450 709 4527 corde.
729 4452 860 4528 Postea
879 4450 1045 4556 precepit
1065 4448 1099 4527 ei
1116 4448 1238 4526 dictus
1255 4449 1364 4556 Hugo
1378 4449 1483 4555 quod
1500 4464 1654 4554 spueret
1673 4477 1787 4556 super
1806 4451 2007 4555 qnamdam

586 4605 736 4654 crucem
752 4579 929 4686 ligneam,
953 4577 1085 4654 laetam
1097 4575 1145 4653 de
1157 4576 1310 4654 duobus
1329 4576 1490 4667 baculis,
1512 4577 1551 4653 in
1570 4605 1648 4684 ¹qus
1658 4578 1764 4656 nulla
1784 4596 1863 4656 erat
1875 4602 2006 4689 ymago

586 4707 758 4786 Crucifixi
772 4742 783 4812 ‚²
806 4725 842 4785 et
860 4737 944 4783 cnm
966 4708 1044 4814 ipse
1061 4706 1485 4812 testisresponderetse
1506 4706 1747 4786 nullomodo
1766 4709 1952 4788 lecturum
1970 4725 2008 4786 et
