4210 5882
680 538 877 628 rnoous
903 555 998 626 nas
1025 552 1322 628 Taurunum
1643 559 1710 633 tor

346 697 393 773 Et
413 724 482 803 ego
502 697 650 774 Euenus
669 697 776 804 Phily
792 697 839 774 de
856 697 990 775 Sancto
1006 695 1148 773 Nicasio
1162 697 1319 774 clericus
1333 697 1619 802 Corisopitensis
1640 701 1719 778 dio

289 827 398 916 cesis,
421 826 621 932 apostolica
642 827 816 933 publicus
841 827 1058 904 auctoritate
1079 829 1262 917 notarius,
1286 827 1476 934 premissis
1493 827 1533 904 in
1552 830 1715 935 presenti

288 975 386 1033 carte
405 958 510 1062 pecia
527 974 565 1034 et
578 957 866 1063 precedentibus
886 959 995 1036 cartis
1015 959 1200 1037 contentis
1219 987 1303 1036 curn
1328 958 1486 1035 testibus
1506 975 1545 1034 et
1563 962 1718 1037 notariis

290 1115 401 1193 supra
415 1105 453 1165 et
466 1087 707 1193 infrascriptis
726 1088 895 1178 interlui,
918 1107 954 1165 et
968 1117 1042 1166 una
1057 1117 1143 1166 cum
1160 1089 1274 1196 signis
1293 1088 1464 1194 ipsorum
1483 1089 1715 1166 notariorum

290 1219 436 1323 signum
460 1246 588 1294 meum
605 1219 668 1296 hic
687 1235 839 1326 rogatus
858 1221 1014 1326 apposui
1032 1247 1092 1296 me
1109 1220 1359 1297 subscribens.

345 1481 392 1557 Et
410 1507 478 1587 ego
496 1480 656 1557 lacobus
675 1480 722 1556 de
735 1481 883 1559 Virtuto
904 1480 1059 1557 clericus
1078 1479 1385 1558 Cathalaunensis
1408 1479 1578 1566 diocesis,
1601 1480 1719 1585 puhli-

290 1639 356 1688 cus
386 1609 572 1717 imperiali
608 1611 825 1688 auctoritate
856 1610 1041 1699 notarius,
1066 1610 1255 1715 premissis
1281 1608 1458 1688 omnibus
1480 1625 1518 1686 et
1542 1609 1714 1716 singulis,

289 1757 401 1846 prout
419 1742 459 1815 in
479 1741 641 1846 presenti
664 1755 762 1816 carta
782 1767 849 1817 seu
866 1740 972 1845 pecie
993 1756 1032 1816 et
1049 1739 1336 1846 precedentibus
1355 1738 1505 1845 plenius
1523 1741 1718 1816 continen-

289 1889 359 1959 tur,
387 1899 462 1948 una
482 1897 568 1946 cum
587 1869 745 1948 testibus
766 1887 803 1946 et
828 1871 982 1947 notariis
1011 1870 1267 1976 suprascriptis
1290 1897 1445 1975 presens
1466 1869 1636 1957 interlui,
1662 1887 1714 1958 ot,

290 2000 337 2077 ad
350 1999 565 2077 mandatum
582 2017 619 2077 et
633 1999 923 2106 requisicionem
943 1999 1032 2078 dicti
1051 1998 1310 2088 commissarii,
1333 2000 1404 2076 hoc
1422 2001 1715 2077 instrumentum

289 2159 404 2208 manu
420 2131 570 2236 propria
594 2130 722 2235 scripsi
747 2130 785 2206 in
814 2129 1073 2208 testimonium
1098 2129 1382 2236 premissorum,
1415 2127 1583 2235 illudque
1610 2130 1716 2236 signo

290 2288 377 2337 meo
395 2261 504 2339 solito
522 2260 659 2368 signavi
679 2274 841 2366 rogatus.

347 2525 387 2598 ln
404 2523 541 2601 Christi
557 2524 708 2600 nomine
724 2551 844 2600 amen.
862 2523 987 2600 Pateat
1004 2523 1185 2600 universis
1199 2523 1303 2630 quod
1320 2550 1419 2598 anno
1430 2521 1580 2598 Domini
1599 2521 1720 2596 mille-

291 2653 386 2730 simo
402 2667 483 2730 cco⁰
493 2653 666 2758 septime,
681 2653 872 2731 iudicione
887 2671 998 2742 sexta,
1015 2651 1250 2759 pontificatus
1264 2653 1483 2730 sanctissimi
1497 2651 1641 2729 domini
1656 2651 1718 2746 do·

290 2782 384 2859 mini
403 2782 609 2861 Clementis
635 2811 730 2889 pape
753 2783 875 2890 quinti
896 2812 994 2861 anno
1022 2785 1207 2872 secundo,
1232 2784 1292 2860 die
1314 2810 1386 2863 xvn
1406 2784 1545 2860 mensis
1565 2809 1718 2858 novem-

290 2913 385 3002 bris,
400 2913 438 2988 in
453 2913 644 3019 presencia
662 2912 827 3019 religiosi
845 2931 883 2990 et
897 2913 1044 2990 honesti
1057 2914 1125 2988 viri
1145 2912 1265 2991 fratris
1279 2912 1472 2991 Guillelmi
1492 2912 1539 2989 de
1556 2911 1718 2987 Parisios

292 3041 435 3119 ordinis
449 3039 605 3119 fratrum
616 3042 913 3130 Predicatorum,
930 3043 1163 3148 inquisitoris
1177 3043 1343 3119 heretice
1354 3041 1540 3148 pravitatis
1551 3042 1589 3116 in
1601 3069 1717 3148 regno

291 3173 320 3248 F
321 3172 443 3248 rancie
456 3172 673 3249 auctoritate
684 3172 886 3278 apostolica
897 3171 1081 3276 deputati,
1094 3189 1264 3249 nostrum
1275 3171 1510 3249 notariorum
1522 3188 1558 3248 et
1566 3172 1716 3248 testium

290 3300 628 3408 infrascriptorum,
657 3301 904 3408 personaliter
933 3301 1154 3378 constitutus
1184 3299 1297 3377 irater
1324 3302 1506 3378 Henricus
1532 3301 1578 3376 de
1608 3302 1714 3405 Supi,

291 3434 548 3539 sexagenarius
569 3431 640 3509 rel
676 3434 786 3520 circa,
808 3431 921 3509 frater
954 3431 1097 3509 ordinis
1127 3431 1267 3508 milicie
1296 3431 1463 3537 Templi,
1490 3432 1637 3538 juratus
1670 3433 1717 3507 ad

290 3579 414 3641 saneta
434 3564 505 3640 Dei
525 3563 721 3672 Evangelia
746 3579 841 3640 tacta
862 3561 1103 3669 corporaliter
1122 3562 1169 3638 ab
1195 3561 1347 3650 eodem,
1366 3577 1404 3638 et
1423 3562 1625 3668 requisitus
1652 3590 1719 3666 per

284 3695 542 3801 juramentum
564 3693 686 3769 dicere
702 3694 749 3770 de
780 3721 819 3770 se
848 3710 887 3769 et
901 3683 982 3770 aliis
1003 3693 1092 3770 dieti
1113 3692 1256 3769 ordinis
1277 3693 1415 3768 milicie
1438 3690 1584 3798 Templi
1605 3719 1718 3798 super

292 3825 392 3902 dicto
419 3824 575 3901 erimine
592 3824 734 3901 heresis
758 3822 908 3916 delatis,
931 3852 972 3899 ac
992 3825 1039 3900 de
1061 3824 1177 3900 modo
1191 3823 1422 3928 recepcionis
1442 3851 1525 3910 sue,
1548 3823 1585 3896 in
1607 3849 1715 3898 causa

290 3953 379 4031 fidei
393 3952 517 4031 dicere
529 3955 733 4044 veritatem,
757 3954 849 4030 dixit
862 3983 931 4060 per
941 3954 1198 4060 juramentum
1219 3981 1329 4030 suum
1348 3952 1452 4060 quod
1472 3953 1552 4057 ipse
1572 3951 1642 4029 suit
1656 3979 1717 4028 re-

291 4103 429 4192 ceptus,
449 4085 577 4191 viginti
591 4087 675 4161 anni
696 4103 783 4162 sunt
803 4085 932 4191 elapsi,
948 4086 987 4160 in
1008 4085 1123 4162 domo
1136 4084 1284 4190 Templi
1307 4083 1539 4175 Parisiensis,
1560 4110 1629 4186 per
1644 4082 1718 4158 fra-

290 4233 386 4291 trem
396 4215 621 4292 Amalricum
639 4215 857 4321 magistrum
869 4232 960 4291 tune
974 4217 1145 4302 Franoie,
1161 4213 1330 4303 militem,
1352 4211 1586 4321 presentibus
1605 4211 1716 4288 fratre

291 4345 461 4423 Huberto
481 4345 715 4423 thesaurario
734 4363 834 4435 tunc,
854 4362 890 4422 et
908 4343 1020 4422 fratre
1041 4348 1073 4422 J.
1097 4345 1143 4422 de
1158 4345 1301 4434 Turno,
1319 4345 1383 4450 qui
1402 4361 1531 4450 postea
1546 4341 1618 4419 luit
1634 4342 1719 4418 the-

291 4475 488 4553 saurarius.
508 4475 610 4552 Dixit
625 4477 741 4552 eciam
755 4503 822 4581 per
834 4475 1092 4580 juramentum
1110 4503 1219 4551 suum
1237 4475 1353 4581 quod,
1376 4492 1461 4580 post
1478 4471 1614 4550 multas
1629 4501 1717 4578 pro-

291 4605 487 4682 missiones
505 4605 553 4681 de
570 4605 715 4682 statutis
736 4621 773 4682 et
793 4605 945 4682 secretis
970 4605 1115 4682 ordinis
1139 4603 1381 4682 observandis
1410 4604 1521 4680 lactas
1546 4602 1592 4679 ab
1615 4603 1713 4706 ipso,

283 4752 329 4811 ,et
340 4733 517 4813 mantello
528 4734 598 4812 sibi
609 4735 657 4811 ad
672 4735 812 4813 collum
823 4735 962 4840 posito,
974 4734 1095 4813 dictus
1106 4735 1306 4840 recipiens,
1321 4733 1510 4812 sublevata
1518 4750 1618 4810 veste
1630 4759 1711 4820 sua,

290 4867 455 4970 precepit
465 4865 536 4944 sibi
553 4867 656 4972 quod
677 4865 908 4944 oscularetur
927 4895 1016 4944 eum
1037 4867 1075 4942 in
1096 4865 1291 4957 umbilico,
1310 4883 1347 4941 et
1366 4865 1444 4970 ipse
1462 4863 1529 4970 qui
1545 4863 1713 4969 loquitur

376 5023 483 5082 esoces
498 5039 550 5082 nas
565 5039 739 5084 rennuens.
755 5055 797 5068 -
813 5041 845 5082 u.
1526 5015 1560 5076 51
