4486 5890
441 537 509 608 irs
825 512 1020 606 esoces
1047 532 1143 605 nus
1170 531 1472 606 rcurmnns.

436 703 499 752 eos
526 673 694 752 cordulis
723 671 826 752 unde
854 675 1033 755 volebant
1063 675 1275 781 assumptis.
1311 676 1445 754 Postea
1470 672 1640 781 precepit
1675 673 1730 752 eis
1754 674 1862 779 quod

433 807 664 914 abnegarent
699 805 823 884 Deum
854 806 913 886 vel
943 806 1103 884 ihesum
1135 805 1351 896 Christum,
1382 804 1449 883 sed
1485 831 1563 882 non
1587 802 1703 911 plene
1730 801 1864 882 recolit

433 937 539 1043 quod
559 963 692 1013 eorum
713 937 910 1043 expressit3
933 953 1079 1015 etcum
1099 937 1179 1042 ipse
1198 937 1324 1025 testis,
1346 935 1412 1043 qui
1433 951 1512 1014 erat
1530 933 1730 1042 presbiter,
1750 962 1865 1043 super

434 1066 508 1144 hoc
533 1083 758 1156 causaretur,
788 1065 882 1144 dixit
906 1067 942 1146 ei
969 1065 1074 1174 quod
1100 1069 1174 1146 boc
1201 1067 1402 1175 oportebat
1428 1095 1517 1146 eum
1548 1065 1689 1159 lacere,
1712 1093 1757 1142 ex
1785 1093 1863 1174 quo

434 1196 658 1304 promiserat
691 1197 869 1288 obedire,
904 1215 942 1276 et
971 1214 1051 1276 erat
1080 1197 1272 1306 professus
1301 1215 1339 1276 et
1364 1199 1554 1307 juraverat
1582 1196 1757 1276 ordinem
1785 1225 1864 1275 non

435 1331 546 1406 exire.
567 1329 616 1406 Et
637 1345 729 1406 tunc
754 1329 833 1435 ipse
858 1329 983 1418 testis,
1007 1330 1060 1407 ita
1091 1328 1244 1418 dolens,
1269 1347 1314 1408 ut
1338 1329 1450 1423 dixit,
1471 1357 1587 1438 quam
1605 1346 1698 1407 tunc
1726 1327 1865 1406 voluis-

435 1475 491 1538 set
515 1475 623 1537 natus
653 1487 730 1537 non
770 1457 903 1549 fuisse,
934 1457 1132 1568 abnegavit
1163 1461 1288 1539 Deum
1316 1459 1376 1538 vel
1401 1461 1558 1540 Jhesum
1578 1457 1771 1538 Christum
1797 1487 1863 1538 ore

435 1616 513 1668 non
532 1587 663 1676 corde,
682 1605 720 1666 et
739 1587 864 1668 dictus
887 1589 1078 1668 lohannes
1097 1607 1185 1697 post
1209 1617 1311 1668 eum.
1336 1589 1487 1670 Deinde
1501 1591 1670 1700 precepit
1686 1591 1741 1668 eis
1758 1589 1864 1698 quod

435 1735 616 1828 spuerent
635 1747 749 1827 super
774 1721 980 1828 quamdam
1004 1749 1154 1799 crucem
1174 1720 1357 1829 ligneam,
1379 1721 1420 1798 in
1440 1749 1517 1830 qua
1536 1749 1615 1802 uon
1636 1738 1716 1800 erat
1728 1747 1863 1830 ymago

436 1849 635 1943 Crucifixi,
652 1849 692 1927 in
704 1867 804 1928 terra
822 1852 1001 1957 positam,
1020 1868 1059 1929 et
1072 1853 1179 1959 quod
1195 1879 1279 1930 eam
1299 1850 1600 1943 conculcaretur;
1618 1869 1657 1930 et
1668 1851 1864 1959 ipsetestis

436 1984 577 2091 primo,
605 2011 692 2062 cum
724 2009 860 2092 magno
894 1980 1027 2060 dolore
1056 1982 1200 2070 cordis,
1227 2000 1266 2061 et
1292 1983 1417 2062 dictus
1434 1984 1627 2063 lohannes
1646 1999 1732 2091 post
1755 2009 1861 2075 eum,

436 2131 619 2221 spuerunt
643 2142 721 2193 non
752 2141 864 2219 supra
884 2114 952 2190 sed
967 2113 1074 2221 juxta
1103 2113 1242 2192 dictam
1264 2141 1434 2203 crucem,
1463 2113 1532 2193 sed
1558 2143 1637 2194 uon
1666 2113 1863 2194 conculca-

296 2271 300 2274 ·
436 2261 571 2322 verunt
594 2272 690 2322 eam.
713 2242 795 2322 Alia
815 2241 944 2320 illicita
962 2255 1046 2322 'non
1068 2241 1351 2322 intervenerunt
1376 2245 1417 2321 in
1449 2243 1560 2323 dictis
1578 2241 1863 2352 recapeionibus

436 2385 570 2452 eorum
591 2403 661 2454 nec
679 2389 784 2481 post,
803 2390 842 2451 et
863 2372 984 2451 credit
1000 2374 1106 2480 quod
1121 2374 1257 2452 eadem
1271 2374 1403 2452 illicita
1417 2391 1456 2452 et
1474 2373 1576 2453 licita
1591 2375 1859 2453 intervenirent

436 2504 690 2584 communiter
721 2521 760 2582 et
789 2503 934 2610 ubique
969 2503 1009 2580 in
1044 2504 1331 2613 receptionibus
1359 2503 1520 2584 aliorum
1545 2505 1606 2583 vel
1632 2523 1729 2613 post.
1760 2504 1863 2583 Dixit

435 2636 590 2742 insuper
610 2635 733 2743 quod,
760 2650 847 2741 post
868 2633 1161 2741 abnegacionem
1185 2652 1224 2713 et
1247 2635 1483 2741 spuicionem
1508 2635 1715 2743 predictas,
1739 2635 1862 2714 dictus

436 2782 609 2874 receptor
635 2765 743 2842 duxit
760 2765 974 2873 predictum
997 2765 1210 2844 lohannem
1236 2765 1283 2846 de
1307 2765 1416 2844 Buris
1435 2765 1484 2844 ad
1506 2765 1710 2874 quamdam
1739 2795 1862 2844 came·

437 2925 535 2985 ram,
564 2912 608 2974 ut
632 2895 810 2976 indueret
824 2915 944 2974 vestes
970 2895 1183 3004 religionis,
1210 2895 1279 2974 sed
1305 2921 1385 2974 non
1406 2895 1527 2974 credit
1556 2895 1662 3004 quod
1681 2895 1754 2974 alia
1786 2894 1862 2974 illi-

437 3027 508 3103 cita
530 3027 812 3106 intervenirent.
837 3027 950 3120 Item,
977 3026 1070 3106 dixit
1096 3027 1204 3134 quod
1232 3026 1272 3104 in
1294 3026 1429 3106 ordine
1459 3026 1622 3106 existens
1650 3023 1863 3106 celebrabat

440 3158 652 3235 secundum
681 3155 841 3234 formam
875 3155 1061 3248 Ecclesia,
1096 3185 1167 3235 nec
1197 3157 1429 3236 contrarium
1457 3155 1530 3236 fuit
1560 3157 1596 3235 ei
1623 3174 1860 3266 preceptum,

437 3317 508 3366 nec
526 3289 668 3368 audivit
689 3289 794 3396 quod
818 3287 1076 3395 preciperetur
1095 3286 1192 3378 aliis,
1209 3316 1280 3368 nec
1296 3287 1403 3396 quod
1418 3285 1550 3366 iratres
1574 3287 1720 3364 ordinis
1739 3303 1861 3366 essent

439 3419 628 3497 increduli
640 3418 895 3499 ecclesiasticis
910 3419 1161 3498 sacramentis.
1181 3416 1421 3498 Clandestine
1436 3416 1727 3525 recipiebantur,
1746 3418 1861 3496 nullis

438 3549 679 3657 presentibus
707 3550 779 3628 nisi
803 3548 984 3630 fratribus
1009 3548 1171 3639 ordinis,
1190 3577 1236 3627 ex
1260 3576 1339 3656 quo
1360 3547 1481 3626 credit
1507 3547 1613 3656 quod
1632 3565 1730 3627 esset
1751 3548 1863 3656 suspi-

438 3682 497 3759 cio
517 3697 647 3760 contra
669 3709 747 3761 eos.
770 3678 903 3760 Credit
924 3678 1030 3788 quod
1056 3680 1194 3759 carceri
1215 3679 1415 3787 mancipati
1434 3677 1595 3758 fuissent
1612 3679 1678 3787 qui
1700 3677 1863 3786 predicta

439 3811 569 3890 illicita
584 3812 704 3890 facere
725 3811 952 3900 noluissent,
969 3809 1029 3888 vel
1048 3838 1091 3890 ea
1108 3827 1173 3890 aut
1184 3825 1324 3889 secreta
1342 3808 1609 3916 capituliorum
1626 3807 1861 3888 revelassent.

438 3941 642 4022 Dicebatur
665 3941 719 4021 eis
739 3941 844 4049 quod
868 3940 1081 4020 sacerdotes
1103 3940 1246 4019 ordinis
1266 3938 1475 4032 habebant,
1497 3968 1542 4018 ex
1559 3939 1764 4049 privilegiis
1782 3967 1873 4048 apem

440 4072 596 4165 stolicis,
626 4071 742 4150 telem
769 4086 995 4179 potestatem
1030 4099 1144 4178 super
1175 4070 1307 4150 fratres
1332 4071 1477 4150 ordinis
1505 4071 1656 4179 qualem
1683 4070 1800 4150 abbas
1827 4072 1862 4148 in

440 4203 644 4308 monachos
664 4230 769 4295 suos,
798 4218 837 4280 et
859 4202 968 4294 ideo,
997 4201 1181 4309 quamdiu
1210 4203 1331 4281 didos
1354 4201 1567 4282 sacerdotes
1594 4199 1734 4280 habere
1759 4219 1863 4309 pote·

439 4351 537 4426 rant,
565 4361 643 4412 non
674 4331 865 4412 debebant
888 4333 1030 4440 absque
1062 4361 1197 4412 eorum
1219 4331 1376 4411 licencia
1401 4331 1484 4410 eliis
1508 4329 1691 4411 confiteri.
1718 4333 1864 4412 Fratres

441 4465 601 4544 scientes
627 4462 737 4543 (lictax
758 4462 889 4542 ilhcita
918 4461 1124 4542 confessata
1146 4491 1215 4572 per
1236 4491 1348 4552 eum,
1375 4489 1450 4571 que
1476 4479 1581 4542 erant
1607 4462 1662 4541 eis
1685 4480 1794 4556 nota,
1825 4479 1864 4540 ut

442 4594 578 4687 credit,
596 4591 753 4672 luerunt
773 4594 1023 4702 negligentes,
1044 4593 1134 4702 quia
1156 4620 1234 4672 non
1258 4611 1503 4673 correxerunt
1520 4622 1563 4672 ea
1579 4621 1650 4671 nec
1669 4593 1863 4671 denuncias

443 4742 578 4804 verunt
597 4722 773 4802 Ecclesie.
798 4725 842 4802 ln
858 4723 1036 4802 domibus
1058 4723 1202 4802 ordinis
1217 4725 1256 4802 in
1276 4723 1416 4831 quibus
1432 4724 1572 4802 exstitit
1590 4739 1860 4810 commoratus,

444 4853 538 4934 vidit
558 4854 784 4934 elemosinas
812 4870 849 4932 et
871 4853 1164 4961 hospitalitatem
1189 4853 1454 4934 convenienter
1481 4854 1564 4933 lieri
1589 4870 1628 4932 et
1652 4853 1805 4940 servari,
1828 4867 1862 4929 et
