4210 5882
432 561 505 636 trs
818 539 1016 633 esoces
1042 559 1138 631 ons
1164 559 1465 632 rsurmms.
1573 555 1577 564 ⁴

429 705 476 782 Et
491 706 570 812 ipsc
592 701 705 780 dixit:
718 739 731 771 ι
745 702 906 809 Oportet
918 701 1024 810 quod
1040 719 1082 779 tu
1100 717 1263 806 sponset
1281 701 1443 808 abneges
1463 729 1568 791 etun,
1588 701 1776 809 quietalis
1802 720 1857 780 est

429 835 565 913 modus
580 831 725 912 ordinis
739 831 874 922 nostri,
891 833 993 910 etita
1007 830 1241 938 recipiuntur
1255 831 1329 910 alii.
1347 831 1478 910 »Tunc
1493 831 1608 911 dixit:
1622 832 1855 926 «Quomodo

427 966 590 1043 facerem
609 963 684 1042 boc
705 964 794 1073 egoi
805 963 889 1040 veni
908 962 984 1040 buc
1002 979 1045 1040 ut
1064 961 1242 1040 salvarem
1262 963 1426 1040 enimam
1443 989 1588 1052 meam,
1611 979 1649 1040 et
1666 989 1732 1040 vos
1746 961 1856 1040 vultis

428 1097 533 1206 quod
544 1096 729 1204 abnegem
743 1124 831 1173 eum
845 1094 913 1204 qui
927 1123 989 1172 me
1002 1094 1149 1173 creavit.
1163 1093 1269 1174 Datis
1277 1094 1372 1172 mibi
1387 1093 1722 1182 deliberacionem,
1738 1111 1775 1172 et
1785 1123 1855 1202 ego

429 1226 601 1335 cogitabo
614 1223 708 1334 quid
722 1224 866 1304 faciam.
882 1225 1051 1303 =Ettunc
1066 1223 1240 1302 dixerunt
1250 1251 1384 1304 omnes
1399 1241 1559 1302 astantes
1572 1223 1625 1302 ibi
1637 1225 1742 1331 qtrod
1751 1251 1856 1330 opor

429 1357 531 1435 tebat
549 1356 653 1466 quod
668 1356 821 1449 faceret,
843 1356 931 1463 quia
951 1382 1084 1434 omnes
1102 1355 1165 1433 elii
1184 1356 1235 1432 ita
1252 1355 1495 1464 recipiuntur,
1518 1372 1557 1432 et
1574 1354 1681 1462 quod
1698 1354 1782 1432 talis
1803 1373 1856 1430 est

430 1488 541 1576 ordo;
569 1503 606 1563 et
629 1504 719 1564 tunc
744 1488 824 1593 ipse
853 1487 992 1564 invitus
1013 1486 1116 1592 spuit
1137 1514 1250 1594 snpra
1277 1513 1426 1564 crucem
1450 1485 1619 1564 montelli
1641 1485 1730 1564 dicti
1755 1513 1856 1564 roce-

427 1620 561 1724 ptoris,
581 1635 619 1696 et
642 1618 838 1728 abnegavit
863 1645 928 1697 ore
951 1635 989 1696 et
1012 1644 1090 1695 non
1110 1617 1236 1696 corde.
1261 1618 1363 1697 Dixit
1385 1619 1501 1696 eciam
1521 1645 1589 1725 per
1602 1619 1855 1727 juramentum

427 1750 531 1856 quod
554 1750 602 1827 de
622 1748 696 1827 hoc
717 1747 790 1827 fuit
808 1748 999 1827 confessus
1017 1747 1167 1826 cuidam
1186 1749 1456 1856 penitencinrio
1478 1749 1640 1856 episcopi
1658 1751 1856 1827 Treccnsis

428 1881 494 1985 qui
513 1899 605 1957 tunc
625 1895 715 1958 erat.
741 1880 843 1958 Dixit
862 1880 1068 1986 eciam'per
1087 1880 1346 1988 juramentum
1368 1909 1478 1959 suum
1497 1880 1601 1988 quod
1622 1879 1745 1958 dictus
1762 1880 1855 1958 reci-

428 2012 534 2116 piens
559 2011 727 2117 precepit
747 2009 818 2088 sibi
838 2010 943 2117 quod
967 2009 1202 2088 oscularetur
1221 2037 1308 2088 eum
1330 2009 1370 2086 in
1391 2010 1589 2118 posteriori
1611 2028 1715 2117 perte
1737 2011 1851 2096 dorsi,

428 2143 465 2218 in
487 2140 665 2221 umbilico
686 2157 723 2219 ct
744 2142 784 2218 in
804 2169 886 2232 ore,
904 2141 971 2220 sed
993 2143 1041 2219 ad
1055 2169 1186 2248 preces
1203 2141 1397 2248 cujusdam
1412 2141 1593 2248 capellani
1608 2141 1697 2219 dicti
1714 2141 1854 2219 ordinis

426 2273 593 2379 pepercit
617 2270 689 2350 sibi
707 2289 890 2378 quantum
911 2272 959 2348 ad
986 2269 1204 2349 inferiorem
1229 2270 1370 2362 locum,
1393 2271 1461 2350 sed
1476 2272 1663 2350 osculatus
1680 2271 1753 2349 luit
1769 2297 1854 2348 eum

426 2403 466 2478 in
486 2401 669 2480 umbilico
689 2403 785 2478 etin
806 2429 884 2479 ore.

351 2531 354 2538 ’
485 2535 576 2609 ltem
595 2531 687 2608 dixit
705 2559 773 2638 per
788 2532 1045 2640 juramentum
1071 2559 1182 2608 suum
1206 2532 1311 2639 quod
1340 2532 1463 2620 dictus
1491 2503 1677 2641 iecipiens
1704 2532 1794 2610 dixit
1818 2551 1853 2608 et

426 2664 595 2770 precepit
612 2661 683 2740 sibi
702 2661 857 2770 quodsi
877 2689 955 2740 non
979 2679 1106 2768 posset
1127 2661 1321 2740 continere
1337 2691 1358 2739 a
1375 2662 1551 2751 libidine,
1575 2663 1680 2770 quod
1699 2663 1852 2740 commi-

427 2811 548 2871 sceret
567 2823 606 2871 se
622 2791 896 2871 cumfratribus
911 2791 1000 2869 dicti
1020 2791 1182 2882 ordinis,
1198 2810 1236 2870 et
1252 2792 1346 2872 alios
1360 2791 1490 2870 fratres
1502 2792 1550 2869 ud
1565 2793 1639 2870 boc
1653 2794 1850 2899 reciperet,

427 2925 456 3000 si
479 2953 566 3001 eum
592 2924 838 3031 requirerent.
861 2921 962 3000 Dixit
979 2939 1104 3000 tamen
1120 2949 1189 3029 per
1209 2924 1466 3030 juramentum
1486 2948 1597 3000 suum
1622 2923 1726 3030 quod
1745 2951 1852 2999 num-

424 3083 540 3161 quam
553 3039 668 3143 iecit,
678 3081 748 3130 nec
763 3051 836 3130 luit
852 3052 1064 3160 requisitus.
1079 3053 1214 3132 Omnia
1234 3054 1302 3130 ista
1319 3051 1510 3130 confessus
1525 3051 1599 3130 fuit
1612 3081 1700 3130 cum
1712 3053 1853 3160 magnis

428 3183 598 3291 suspiriis
619 3200 657 3260 et
675 3183 847 3261 lacrimis.

484 3317 735 3421 interrogatus
749 3331 877 3392 utrmn
889 3314 942 3402 vi,
954 3314 1012 3392 vel
1026 3330 1130 3390 metu
1144 3313 1302 3392 carceris
1319 3341 1387 3391 seu
1403 3330 1696 3404 tormentorum,
1709 3333 1773 3393 aut
1784 3316 1853 3393 alia

428 3446 475 3522 de
500 3473 626 3536 causa,
651 3443 814 3551 aliquem
836 3443 971 3522 dixerit
993 3442 1192 3522 salsitatem
1215 3442 1273 3522 vel
1292 3442 1537 3522 immiscuerit
1554 3446 1594 3522 in
1616 3446 1852 3551 deposicione
1935 3523 1938 3530 Δ

427 3606 511 3669 sua,
534 3575 628 3654 dixit
645 3603 714 3682 per
722 3575 978 3682 juramentum
1001 3603 1111 3654 suum
1130 3575 1234 3683 quod
1253 3603 1347 3666 non3
1368 3575 1485 3654 immo
1504 3604 1638 3683 puram
1658 3592 1695 3654 et
1714 3604 1852 3655 meram

429 3709 570 3786 dixerat
588 3706 795 3784 veritatem.

485 3971 578 4044 item
589 3969 737 4046 irntcrl.
750 3967 1003 4047 deDomoDei
1011 3967 1294 4056 monachornm,
1308 3967 1469 4046 diocesis
1480 3967 1696 4060 meldensis,
1708 3969 1854 4074 dispen-

430 4115 529 4175 sator
538 4097 674 4176 domus
692 4098 739 4174 de
751 4097 987 4178 Sablonieres
997 4099 1103 4206 juxta
1115 4096 1287 4177 Cestmm
1300 4097 1546 4190 Theudorici,
1563 4099 1670 4178 etatis
1687 4125 1780 4177 xxxv
1792 4127 1854 4176 an-

430 4255 568 4305 norum
588 4227 648 4305 vel
671 4229 783 4318 circa,
804 4245 848 4304 ut
875 4226 1080 4338 dicebatur,
1103 4229 1250 4336 juratus
1275 4227 1412 4306 eodem
1431 4229 1546 4307 modo
1571 4229 1621 4308 de
1645 4257 1684 4307 se
1709 4247 1747 4306 et
1775 4229 1854 4306 aliis

430 4359 471 4435 in
490 4385 598 4435 causa
617 4355 708 4436 fidei
727 4357 852 4438 dicere
865 4357 1079 4450 ¹veritatem,
1100 4377 1139 4436 et
1153 4362 1405 4466 interrogatus
1424 4359 1472 4436 de
1492 4375 1660 4466 tempore
1683 4377 1720 4437 et
1739 4357 1853 4436 modo

352 4475 356 4482 ’
431 4517 498 4567 sue
525 4489 771 4596 reccpcionis,
799 4488 891 4567 dixit
909 4517 979 4597 per
990 4492 1248 4601 juramentum
1271 4517 1381 4568 sumn
1401 4490 1505 4599 quod
1525 4488 1597 4568 luit
1619 4507 1791 4597 receptus
1815 4490 1853 4565 in

430 4619 547 4698 domo
577 4619 624 4698 de
657 4621 913 4712 Hubercourt,
944 4621 985 4697 in
1017 4622 1167 4700 instanti
1197 4619 1292 4700 festo
1322 4620 1526 4700 Natiuitatis
1556 4621 1707 4700 Domini
1745 4639 1855 4698 erunt

430 4778 467 4831 ιι
487 4751 571 4828 ιιιιιί
593 4751 651 4830 vel
672 4767 817 4860 septam
835 4754 939 4841 anni,
964 4781 1033 4860 per
1049 4752 1201 4831 fratrem
1217 4753 1259 4830 lt.
1281 4751 1332 4830 de
1350 4751 1430 4833 Gisi
1452 4769 1684 4860 receptorem
1698 4751 1854 4858 Campa·

432 4881 518 4974 nie,
543 4882 781 4990 presentibus
808 4881 983 4961 fratribus
1005 4884 1118 4962 Petro
1143 4900 1360 4990 preceptore
1385 4883 1485 4962 dicte
1510 4884 1662 4972 domus,
1685 4900 1724 4960 et
1742 4882 1852 4959 Petro
