4210 5882
695 533 1339 628 rnocnsnssrnnrmuns.
1502 637 1507 647 ,
1656 559 1725 634 tu

301 708 431 798 ceptor
459 692 629 799 predicte
658 693 795 774 domus
825 695 873 772 de
897 693 1035 784 Vilort,
1060 723 1138 774 nec
1166 696 1294 801 plnres
1320 697 1425 803 qnod
1451 701 1602 778 recolat.
1632 701 1733 778 Dixit

300 821 418 900 eciam
432 849 502 928 per
514 823 773 930 juramentum
794 853 905 902 suum
926 825 1029 931 quod
1046 852 1092 904 eo
1113 845 1282 934 recepto,
1305 843 1444 935 etpost
1463 831 1733 935 promissiones

299 951 412 1031 lactas
432 953 479 1031 ab
501 981 546 1034 eo
567 955 615 1034 de
635 955 782 1034 statutis
802 973 840 1033 et
859 955 1012 1034 secretis
1041 957 1186 1036 ordinis
1211 957 1466 1056 observandis,
1490 977 1529 1038 et
1551 963 1732 1042 mantello

298 1084 370 1162 sibi
395 1085 442 1162 ad
465 1084 607 1164 collum
632 1087 773 1193 posito,
803 1101 840 1164 et
867 1103 1033 1195 aportata
1058 1089 1221 1194 quadam
1246 1117 1356 1166 cruce
1376 1088 1498 1198 lignea
1520 1119 1588 1197 per
1613 1121 1733 1170 unum

299 1213 348 1292 de
369 1215 478 1295 dictis
491 1215 684 1308 fratribus,
706 1217 892 1325 recipiens
901 1217 1070 1325 precepit
1089 1217 1161 1296 sibi
1181 1219 1287 1326 quod
1302 1237 1456 1327 spueret
1472 1219 1732 1330 supradictam

299 1375 466 1436 crucem,
491 1347 619 1426 dicens
634 1348 705 1426 sibi
724 1348 830 1456 quod
845 1347 1043 1456 oportebat
1055 1349 1160 1456 quod
1175 1349 1248 1428 hoc
1264 1347 1419 1442 laceret,
1442 1368 1480 1428 ot
1495 1351 1574 1458 ipse
1589 1353 1655 1460 qui
1675 1354 1732 1431 lo-

298 1478 430 1583 quitur
444 1477 550 1556 finxit
569 1508 609 1558 se
629 1508 765 1586 spuere
785 1508 900 1587 super
919 1508 1013 1558 eam.
1034 1479 1137 1558 Dixit
1159 1484 1275 1558 eciam
1295 1481 1399 1589 quod
1419 1481 1604 1589 recipiens
1626 1485 1732 1562 duxit

298 1633 386 1685 eum
396 1608 444 1685 ad
454 1625 618 1716 partem,
634 1610 682 1687 ad
695 1637 812 1688 cornu
828 1609 952 1689 altaris
967 1609 1164 1718 cujusdam
1177 1610 1318 1718 capelle
1329 1610 1369 1686 in
1383 1639 1456 1718 qua
1466 1611 1728 1719 recipiebatur,

298 1755 336 1816 ct
355 1739 496 1818 elevata
512 1757 613 1819 veste
634 1768 718 1831 sua,
733 1733 906 1848 precepit
930 1742 1056 1820 eidem
1080 1758 1231 1848 recepto
1253 1741 1360 1849 quod
1388 1741 1622 1820 oscularetur
1642 1772 1729 1820 eum

296 1887 398 1948 retro
423 1870 464 1947 in
484 1870 561 1950 line
584 1873 691 1979 spine
720 1871 842 1962 dorsi,
864 1881 905 1950 'et
923 1873 1003 1980 ipse
1028 1873 1093 1980 qui
1120 1872 1293 1979 loquitur
1309 1871 1414 1950 linxit
1433 1901 1472 1951 se
1494 1875 1568 1950 hoc
1592 1872 1728 1964 facere,

296 2000 457 2080 sednon
478 2002 576 2081 lecit.
597 2003 699 2083 Dixit
720 2003 836 2082 eciam
858 2003 964 2111 quod
983 2003 1076 2081 vidit
1092 2003 1208 2111 recipi
1228 2001 1379 2080 lratrem
1402 2001 1655 2082 Guillermum
1682 2006 1729 2083 de

297 2131 433 2211 Sancto
448 2133 645 2212 Leonardo
674 2133 721 2212 de
743 2131 1010 2243 Corbigniaco,
1038 2135 1077 2212 in
1108 2135 1223 2214 domo
1244 2135 1292 2212 de
1312 2134 1455 2223 Veleia,
1483 2161 1552 2242 per
1576 2133 1728 2212 fratrem

297 2265 546 2342 Laurcncium
567 2265 615 2344 de
634 2265 749 2344 Belua
769 2283 1028 2373 preceptorem
1048 2267 1095 2344 de
1116 2265 1320 2355 Couloms,
1343 2266 1382 2342 in
1400 2265 1563 2372 quadam
1584 2293 1728 2344 camera

297 2393 395 2472 dicte
412 2395 564 2486 domus,
588 2396 714 2474 dicens
734 2393 839 2504 quod
860 2397 985 2475 statim
1004 2397 1109 2504 quod
1133 2393 1357 2474 mantellum
1378 2395 1451 2473 luit
1470 2395 1542 2473 sibi
1562 2397 1727 2504 positum
1820 2487 1826 2498 ,

296 2525 343 2601 ad
372 2526 514 2604 collum
549 2527 640 2605 dicti
663 2527 842 2618 Gerardi,
869 2528 947 2634 ipsc
974 2528 1041 2636 qui
1068 2526 1236 2635 loquitur
1260 2527 1413 2608 recessit
1441 2527 1488 2604 ad
1517 2528 1726 2632 parandum

297 2683 448 2765 mappas
467 2685 537 2764 pro
557 2660 845 2750 commestione,
868 2675 906 2737 et
922 2676 1075 2766 propter
1089 2658 1163 2737 hoc
1176 2659 1296 2736 nescit
1309 2658 1404 2764 quid
1416 2657 1488 2736 fuit
1506 2657 1577 2734 sibi
1597 2676 1727 2763 postea

295 2786 502 2868 laetumvel
515 2791 679 2882 dictum,
699 2807 827 2869 tamen
847 2791 968 2870 credit
984 2790 1090 2898 quod
1108 2789 1180 2868 fuit
1195 2790 1331 2867 eodem
1346 2787 1462 2867 modo
1481 2806 1670 2896 receptus,
1690 2809 1727 2868 et

295 2921 401 3028 quod
421 2920 484 3000 alii
504 2919 636 3001 fratres
653 2921 744 3000 dicti
758 2921 902 3000 ordinis
923 2921 1059 3000 eodem
1078 2922 1194 3000 modo
1214 2919 1451 3028 recipiantur.

351 3051 446 3130 ltem
459 3052 664 3159 requisitus
683 3041 809 3129 utrum
829 3052 885 3143 vi,
906 3052 965 3129 vel
984 3067 1089 3128 metu
1107 3051 1262 3129 carceris
1286 3067 1351 3128 aut
1368 3068 1662 3140 tormentorum,
1685 3054 1724 3127 in

294 3183 486 3289 premissis
506 3179 752 3261 immiscuerit
767 3181 826 3261 vel
842 3183 978 3260 dixerit
993 3183 1157 3290 aliquam
1173 3180 1387 3275 falsitatem,
1408 3181 1468 3260 vel
1487 3183 1646 3260 tacuerit
1665 3211 1726 3261 ve-

294 3314 459 3403 ritatem,
481 3313 574 3392 dixit
592 3343 661 3421 per
672 3315 930 3422 juramentum
952 3342 1064 3391 suum
1085 3312 1191 3419 quod
1209 3339 1308 3401 non,
1332 3331 1370 3390 et
1387 3314 1491 3420 quod
1510 3341 1644 3419 puram
1664 3343 1724 3389 ve-

292 3445 442 3522 ritatem
462 3445 555 3522 dixit
570 3471 640 3552 pro
658 3445 777 3522 salute
797 3444 922 3523 anime
945 3473 1022 3522 sue.

349 3577 460 3653 Facta
473 3593 601 3653 nutem
615 3591 704 3653 sunt
716 3575 787 3654 bec
799 3591 877 3653 tres
888 3574 1105 3652 immediate
1120 3567 1636 3681 precedentes'confessiones
1655 3601 1723 3651 seu

296 3706 555 3813 deposiciones
581 3708 685 3814 prius
702 3736 723 3784 a
742 3706 915 3815 quolibet
934 3707 1100 3814 ipsorum
1121 3705 1386 3785 confitencium
1401 3706 1557 3812 prestito
1575 3723 1619 3782 ut
1636 3734 1722 3811 pre-

295 3838 457 3916 mittitur
473 3838 708 3946 juramento,
730 3837 891 3916 Parisius
918 3839 958 3915 in
984 3837 1160 3917 domibus
1179 3835 1348 3943 Templi,
1372 3863 1488 3926 anno,
1514 3835 1720 3924 indicione,

293 3969 528 4074 pontificatu,
540 3998 639 4049 anno
656 3987 694 4048 ct
706 3969 767 4047 die
782 3970 975 4077 prodictio,
993 3968 1229 4077 presentibus
1243 3967 1356 4046 fratre
1367 3965 1540 4076 Synardo
1551 3967 1599 4045 de
1609 3969 1723 4046 Dacia

295 4117 332 4177 et
352 4099 465 4180 fratre
480 4100 614 4208 Egidio
635 4101 682 4179 dc
702 4101 871 4184 Bononia
891 4101 1034 4180 ordinis
1057 4101 1338 4180 Predicatorum
1354 4099 1401 4176 de
1416 4115 1602 4178 conventu
1622 4098 1723 4176 Pari-

294 4232 426 4322 siensi,
442 4231 601 4310 testibus
621 4233 669 4308 ad
685 4231 754 4310 hec
766 4232 903 4310 vocatis
918 4249 956 4310 et
971 4232 1120 4338 rogatis.

349 4494 390 4568 ln
404 4492 557 4569 nomine
569 4491 722 4570 Domini
739 4520 861 4568 amen.
878 4493 989 4570 Anno
1003 4491 1206 4569 Nativitatis
1221 4491 1392 4598 ejusdcm
1407 4505 1534 4570 u⁰coc⁰
1545 4491 1719 4597 septimo,

292 4621 622 4711 indicione-sexta,
651 4648 780 4699 mense
800 4620 1026 4711 novembris,
1049 4619 1110 4697 dic
1129 4621 1289 4712 veneris,
1311 4621 1352 4698 in
1374 4620 1471 4700 sesto
1495 4619 1611 4700 sancti
1638 4621 1721 4700 Cri:

292 4753 441 4860 sogoni,
458 4751 600 4831 scilicet
613 4752 791 4862 vigesima
806 4769 937 4861 quarta
949 4753 1030 4856 die,
1052 4751 1293 4859 pontificatus
1312 4752 1530 4833 sanctissimi
1547 4752 1662 4860 patris
1682 4767 1720 4827 et

293 4885 437 4962 domini
454 4884 597 4963 domini
613 4883 817 4966 Clementis
830 4883 953 4962 divina
972 4884 1214 4996 providencia
1228 4911 1323 4992 pape
1336 4883 1455 4998 quinti
1471 4911 1570 4960 anuo
1585 4881 1716 4971 tercio,

1522 5031 1571 5092 52.
