4242 5890
701 549 897 643 esoces
924 569 1021 642 nes
1047 567 1348 642 rsurmsns.
1666 569 1738 642 sss

314 687 468 822 phetam
487 713 552 821 qui
573 739 702 820 pessus
719 711 791 789 luit
809 712 847 788 in
864 739 923 801 ea,
940 726 976 789 et
989 728 1047 788 ter
1066 727 1219 818 spueret
1238 739 1349 817 supra
1370 737 1465 788 eam.
1487 710 1561 804 Qui
1583 710 1743 788 existens

314 863 406 926 tunc
433 844 612 924 undecim
636 871 817 921 annorum
841 841 1096 934 solummodo,
1116 859 1158 920 ut
1178 841 1340 930 dicebat,
1368 839 1561 948 abnegavit
1580 841 1744 948 prophe-

315 995 392 1056 tam
411 978 621 1084 predictum
634 992 702 1067 ter,
720 992 758 1053 et
770 974 1025 1082 qualibetvice
1041 974 1143 1082 spuit
1157 972 1417 1080 supradictam
1438 961 1598 1050 crucem.
1613 967 1745 1052 Postea

317 1108 417 1186 idem
438 1108 621 1216 recipiens
645 1105 812 1214 precepit
838 1105 909 1184 sibi
929 1105 1035 1215 quod
1059 1104 1261 1184 abstineret
1281 1134 1302 1181 a
1321 1102 1563 1194 mulieribus,
1586 1120 1624 1181 et
1643 1132 1746 1183 com·

317 1239 490 1316 misceret
508 1267 547 1316 se
565 1266 651 1316 cum
668 1237 750 1315 eliis
770 1235 963 1326 fratribus,
990 1236 1021 1314 si
1046 1234 1172 1324 vellet,
1200 1254 1237 1313 et
1257 1263 1322 1315 eos
1342 1233 1515 1312 similiter
1534 1233 1748 1313 admitteret

318 1399 446 1448 secum
464 1369 609 1448 adhoc.
629 1369 772 1446 Tamen
789 1367 869 1474 ipse
889 1367 955 1475 qui
967 1366 1135 1475 loquitur
1150 1365 1244 1444 dixit
1257 1368 1362 1474 quod
1374 1365 1447 1444 boc
1461 1394 1539 1444 non
1558 1365 1665 1456 fecit,
1678 1394 1748 1442 nec
1802 1353 1805 1360 ¹

318 1501 503 1606 permisit·;
523 1500 652 1579 dicens
671 1499 778 1609 quod
801 1499 960 1606 ipsemet
980 1497 1124 1604 aliquos
1143 1497 1284 1604 recepit
1302 1496 1452 1584 fratres,
1483 1497 1550 1575 sed
1570 1497 1650 1604 ipse
1672 1526 1748 1576 non

318 1630 406 1710 lecit
418 1660 487 1739 per
506 1623 619 1710 istum
640 1630 813 1720 modum,
830 1657 900 1707 nee
915 1628 1001 1707 fieri
1020 1629 1217 1710 mandavit.

317 1787 320 1792 ·
374 1765 624 1870 Interrogatus
645 1762 693 1840 de
713 1760 860 1850 osculo,
881 1759 974 1838 dixit
991 1789 1060 1866 per
1076 1761 1333 1868 juramentum
1354 1789 1467 1839 suum
1487 1759 1591 1867 quod
1611 1759 1749 1838 oscula·

318 1912 380 1972 tus
400 1892 472 1970 luit
490 1909 725 1999 receptorem
744 1919 854 1970 suum
875 1892 914 1969 in
933 1919 998 1970 ore
1012 1891 1271 1982 solummodo,
1294 1910 1332 1970 et
1351 1892 1460 1982 dixit,
1479 1905 1548 1998 per
1561 1891 1750 2000 juramen·

320 2042 402 2103 tum
422 2051 533 2102 suum
552 2024 691 2102 iterum
711 2022 927 2129 prestitum,
955 2021 1059 2130 quod
1075 2049 1122 2108 ,ea
1145 2051 1227 2129 quae
1249 2022 1339 2100 dixit
1358 2038 1445 2100 sunt
1465 2051 1565 2111 vera,
1590 2039 1627 2098 et
1645 2021 1751 2129 quod

319 2157 374 2246 vi,
395 2154 454 2232 vel
473 2169 577 2233 metu
595 2153 770 2262 prisionis
785 2170 851 2231 aut
868 2153 1064 2241 tormenti,
1087 2178 1164 2230 non
1180 2151 1273 2230 dixit
1294 2151 1397 2231 aliud
1409 2179 1521 2260 quam
1541 2153 1749 2242 veritatem,

320 2315 389 2364 nec
409 2287 448 2362 in
469 2285 634 2392 predicta
649 2283 884 2366 confessione
905 2311 972 2362 sua
991 2283 1195 2360 immiscuit
1213 2281 1422 2362 salsitatem.

377 2416 510 2494 Actum
530 2414 768 2524 presentibus
788 2415 897 2493 dictis
922 2413 1033 2492 fratre
1058 2415 1263 2522 Reginaldo
1288 2415 1414 2522 priore
1440 2415 1486 2492 de
1512 2415 1690 2504 Pieriam,
1716 2433 1753 2492 et

321 2545 527 2624 Guillelmo
548 2546 595 2624 de
618 2547 819 2653 Hangesto,
843 2565 880 2624 et
899 2545 981 2624 aliis
994 2545 1154 2626 testibus
1173 2546 1221 2624 ad
1238 2545 1311 2624 hoc
1331 2546 1476 2623 vocatis.

379 2813 471 2890 Item
487 2839 601 2902 anno,
623 2811 830 2901 indicione,
851 2809 1086 2918 pontificatu,
1110 2841 1206 2890 enno
1228 2830 1267 2891 et
1285 2811 1348 2890 die
1369 2811 1562 2917 predictis,
1585 2811 1625 2888 in
1646 2811 1753 2887 dictis

324 2942 500 3021 domibus
518 2941 667 3049 Templi
688 2941 865 3032 Parisius,
882 2941 1026 3020 indicti
1042 2941 1187 3020 domini
1203 2941 1449 3049 inquisitoris,
1466 2957 1636 3020 nostrum
1650 2958 1754 3019 nota-

238 3157 244 3166 ,
324 3076 466 3151 riorum
484 3072 726 3180 publicorum
752 3089 790 3149 et
817 3072 972 3151 testium
994 3071 1314 3179 infrascriptorum
1340 3071 1528 3178 presencia
1548 3070 1755 3178 personali-

324 3221 381 3282 ter
400 3203 625 3282 constitutus
639 3201 754 3280 frater
767 3203 955 3280 Jobannes
970 3203 1018 3280 de
1033 3200 1188 3293 Nivells,
1206 3203 1353 3311 juratus
1367 3204 1503 3282 eodem
1519 3203 1635 3282 modo
1652 3203 1699 3281 de
1714 3233 1753 3281 se

302 3373 306 3382 ·
326 3334 417 3411 etde
427 3332 524 3422 aliis,
536 3334 575 3409 in
591 3333 690 3410 dicta
705 3360 814 3410 causa
827 3331 934 3422 fidei,
951 3332 1099 3440 plenam
1110 3395 1119 3422 ,
1129 3361 1262 3440 puram
1274 3353 1312 3413 et
1325 3334 1505 3442 integram
1521 3335 1646 3413 dicere
1661 3339 1756 3412 veri·
1814 3383 1818 3392 .
1847 3367 1851 3375 ·

323 3481 458 3552 tatem,
482 3481 519 3540 et
533 3464 781 3570 interrogatus
796 3462 844 3562 de
861 3482 1029 3570 tempore
1049 3483 1086 3542 et
1100 3465 1215 3544 modo
1230 3465 1459 3570 recepcionis
1479 3495 1561 3556 sue,
1580 3465 1672 3544 dixit
1688 3495 1756 3572 per

320 3595 576 3700 jurameutum
595 3621 706 3670 suum
722 3594 827 3699 quod
843 3594 998 3672 biennio
1008 3593 1066 3672 vel
1079 3595 1174 3672 circe
1195 3594 1319 3702 elapso
1339 3613 1511 3701 receptus
1527 3594 1600 3673 fuit
1614 3595 1768 3702 Capue,

324 3753 393 3832 per
406 3722 558 3802 fratrem
575 3724 776 3832 Symonem
791 3744 1053 3833 preceptorem
1067 3726 1204 3805 domus
1225 3725 1325 3803 illius
1341 3725 1430 3816 loci,
1453 3745 1623 3834 presente
1644 3725 1755 3805 fratre

325 3855 494 3933 Johanne
522 3853 711 3960 capellano
738 3855 828 3933 dicti
850 3856 1004 3936 ordinis.
1026 3857 1073 3934 Et
1097 3855 1189 3932 dixit
1212 3883 1281 3963 per
1300 3857 1556 3964 juramentum
1585 3887 1697 3935 suum
1719 3875 1757 3934 et

326 3985 542 4092 recognovit
568 3981 672 4092 quod
692 4014 737 4064 eo
764 4004 933 4094 recept0,
961 3986 1209 4094 promissione
1230 3987 1277 4064 ab
1298 4015 1344 4064 eo
1363 3986 1456 4066 lacta
1480 3987 1527 4066 de
1552 3989 1698 4067 statutis
1720 4006 1757 4066 et

328 4117 479 4195 secretis
498 4117 640 4194 ordinis
659 4116 920 4211 observandis,
943 4137 981 4196 et
1000 4118 1177 4196 mantello
1198 4118 1269 4198 sibi
1288 4121 1338 4198 ad
1358 4119 1499 4198 collum
1518 4122 1658 4227 posito,
1676 4121 1755 4228 ipse

330 4246 515 4326 osculatus
538 4247 610 4326 fuit
635 4249 896 4357 recipientem,
918 4251 1041 4358 primo
1062 4251 1101 4326 in
1115 4279 1182 4328 ore
1204 4267 1242 4328 et
1260 4252 1425 4330 secundo
1444 4253 1482 4328 in
1505 4252 1701 4342 umbilico,
1720 4271 1757 4330 et

328 4380 444 4456 tercio
463 4395 564 4456 retro
585 4380 624 4456 in
640 4378 715 4457 fine
735 4381 839 4486 spine
860 4381 979 4470 dorsi,
1001 4381 1131 4459 dicens
1147 4410 1216 4488 per
1228 4383 1486 4489 juramentum
1506 4413 1615 4462 suum
1638 4385 1755 4462 eciam

330 4508 434 4615 quod
454 4509 654 4615 recipiens,
684 4510 871 4618 preposita
898 4509 970 4588 sibi
999 4539 1124 4600 cruce,
1152 4513 1319 4620 precepit
1343 4513 1412 4590 sibi
1435 4515 1540 4620 quod
1557 4513 1758 4620 abnegaret

332 4667 412 4716 earn
424 4656 497 4728 ter,
513 4657 550 4718 et
568 4657 627 4719 ter
640 4659 793 4747 spueret
811 4670 920 4749 supra
938 4669 1032 4720 earn.
1050 4643 1134 4737 Que
1151 4643 1317 4749 predicta
1332 4643 1438 4736 lecit;
1458 4645 1524 4723 sed
1541 4673 1619 4722 non
1635 4673 1758 4722 recor-

332 4770 442 4848 datur
460 4787 590 4848 utrum
611 4771 794 4877 recipiens
809 4771 901 4850 dixit
915 4772 985 4850 sibi
1005 4773 1106 4880 quod
1129 4771 1267 4852 laceret
1281 4775 1354 4852 hoc
1370 4776 1523 4853 nomine
1541 4776 1599 4852 vel
1609 4776 1757 4853 racione

332 4901 448 5007 ipsius
460 4901 526 5007 qui
540 4929 669 5008 passus
687 4900 758 4980 suit
777 4904 815 4980 in
836 4931 895 4993 ea,
913 4921 980 4983 aut
994 4905 1033 4982 in
1050 4904 1227 5010 despectu
1243 4905 1426 5014 ejusdem.
1441 4907 1526 5001 Quo
1542 4905 1638 4984 lecto
1655 4905 1759 4984 idern

440 5059 546 5119 rnocls
564 5079 616 5120 oss
631 5080 806 5122 rrumrens.
821 5095 863 5108 -
879 5082 912 5122 u.
1550 5061 1589 5124 36
