4486 5890
619 469 686 539 rra
1000 443 1194 536 esoces
1221 461 1316 534 uas
1342 461 1645 534 raurmnas.

612 605 795 682 modum:
818 631 905 678 nam
926 602 1052 708 petitis
1071 631 1167 708 pane
1189 621 1228 680 et
1244 631 1342 708 aqua
1369 601 1515 678 ordinis
1538 618 1577 677 et
1595 600 1666 678 sibi
1687 603 1889 690 concessis,
1911 603 2032 683 dictus

609 749 782 841 receptor
800 730 888 808 lecit
909 758 997 808 eum
1020 760 1154 810 vovere
1175 749 1212 810 et
1227 732 1355 838 jurare
1368 730 1593 820 castitatem,
1613 705 1893 823 obedienciam,
1913 736 2031 813 vivere

610 867 689 941 sine
710 862 884 968 proprio,
907 878 944 937 et
961 862 1136 966 imposito
1157 861 1228 938 sibi
1244 859 1441 950 mantello,
1463 859 1544 966 ipse
1569 875 1742 964 receptor
1762 877 1800 937 et
1820 860 1882 938 alii
1901 861 2030 942 fratres

610 1010 770 1071 astantes
803 990 959 1068 luerunt
990 1019 1079 1068 eum
1116 991 1272 1069 osculati
1303 991 1343 1066 in
1377 1017 1453 1066 ore.
1495 991 1642 1068 Deinde
1674 989 1784 1068 allata
1815 993 1935 1071 nescit
1968 1024 2031 1102 per

611 1153 725 1230 quem
758 1122 920 1228 quadam
941 1151 1050 1200 cruce
1073 1121 1267 1199 metallina
1293 1121 1331 1196 in
1361 1149 1437 1226 qua
1468 1138 1547 1198 erat
1575 1147 1708 1228 ymago
1742 1121 1937 1212 Crucifixi,
1959 1155 2030 1233 que

612 1271 690 1330 erat
710 1251 888 1330 collocata
911 1279 1028 1358 prope
1055 1251 1189 1342 altare,
1216 1250 1382 1358 precepit
1407 1250 1440 1326 ei
1471 1249 1509 1325 in
1527 1251 1719 1356 presencia
1746 1250 1906 1330 aliorum
1927 1257 2029 1360 quod

609 1386 809 1491 abnegaret
826 1379 1073 1471 Crucifixum,
1096 1398 1134 1457 et
1153 1382 1259 1488 quod
1283 1395 1438 1486 spueret
1455 1407 1569 1487 super
1592 1381 1733 1486 ipsum,
1753 1381 1933 1487 quiahoc
1953 1403 2029 1463 erat

610 1516 647 1588 in
677 1511 808 1589 ordine
841 1509 923 1586 fieri
956 1527 1201 1596 consuetum,
1237 1526 1275 1586 et
1298 1526 1390 1585 tunc
1421 1508 1500 1612 ipse
1529 1510 1635 1586 testis
1665 1509 1859 1616 abnegavit
1886 1512 2027 1591 dictum

609 1641 861 1727 Crucifixum,
896 1655 934 1716 et
952 1639 1053 1744 spuit
1078 1667 1154 1716 non
1179 1667 1290 1745 supra
1323 1639 1390 1725 sed
1413 1638 1516 1744 juxta
1538 1638 1673 1745 ipsam,
1695 1639 1862 1746 predicta
1893 1641 2027 1722 faciens

609 1803 674 1851 ore
694 1801 772 1848 nou
806 1769 938 1859 corde,
958 1785 1002 1845 ut
1022 1768 1124 1845 dixit.
1146 1769 1248 1846 Dixit
1268 1769 1423 1872 insuper
1445 1767 1479 1844 ei
1500 1767 1539 1844 in
1558 1770 1751 1874 presencia
1770 1769 2025 1876 predictorum

608 1905 734 2009 quod,
763 1898 971 1978 secundum
993 1897 1131 1974 dictam
1152 1897 1466 1976 consuetudinem
1493 1899 1655 1990 ordinis,
1677 1915 1824 2004 poterat
1853 1901 1935 1979 aliis
1960 1904 2027 1980 lra-

607 2032 731 2108 tribus
755 2027 899 2106 ordinis
928 2026 1045 2133 ipsius
1072 2025 1268 2104 carnaliter
1305 2027 1539 2104 commisceri
1569 2044 1606 2104 et
1635 2028 1705 2133 ipsi
1738 2057 1825 2106 cum
1859 2059 1928 2121 eo,
1958 2033 2025 2109 hoc

606 2178 732 2236 tamen
757 2187 833 2236 non
857 2156 946 2234 fecit
964 2185 1033 2234 nec
1065 2157 1186 2233 credit
1210 2155 1315 2262 quod
1345 2155 1384 2231 in
1409 2155 1544 2233 ordine
1573 2156 1698 2246 lieret3
1722 2158 1931 2264 dequibus
1957 2161 2024 2238 fuit

606 2291 701 2367 infra
719 2308 795 2366 tres
819 2287 1046 2394 septimanas
1072 2286 1268 2364 consessus
1286 2287 1387 2392 apud
1411 2287 1591 2363 Sanctum
1606 2285 1782 2377 Florum,
1805 2289 1844 2365 in
1865 2291 2022 2396 quadam

607 2421 721 2498 domo
742 2422 781 2496 in
800 2447 874 2525 qua
900 2416 1171 2522 hospitabatur,
1200 2416 1350 2492 cuidam
1382 2415 1485 2490 fratri
1515 2415 1652 2493 Minori
1679 2418 1787 2524 cujus
1820 2445 1961 2496 nornen
1991 2439 2024 2497 et

606 2578 815 2658 cognomen
851 2548 1017 2656 ignorat,
1054 2575 1075 2622 a
1108 2573 1184 2651 quo
1216 2544 1413 2622 absolutus
1443 2543 1600 2632 exstitit,
1632 2563 1670 2622 et
1696 2546 1881 2653 jejunavit
1908 2569 2023 2628 sextas

607 2681 715 2758 ferias
739 2677 807 2785 per
833 2705 991 2763 annum,
1014 2675 1111 2752 sicut
1139 2675 1320 2780 imposuit
1344 2673 1401 2764 εἰς
1424 2689 1463 2750 et
1492 2674 1613 2750 credit
1643 2675 1748 2781 quod
1779 2677 1878 2753 dicta
1897 2678 2022 2756 illicita

604 2809 808 2888 confessata
841 2836 909 2914 per
941 2835 1030 2884 eum
1062 2805 1332 2882 intervenirent
1373 2804 1627 2881 communiter
1662 2804 1702 2880 in
1738 2807 2022 2914 recepcionibus

605 2942 767 3016 aliorum
793 2937 851 3014 vel
879 2954 973 3043 post.
1007 2936 1088 3014 Alia
1115 2933 1245 3011 illicita
1275 2961 1352 3010 non
1376 2933 1663 3010 intervenerunt
1688 2934 1725 3010 in
1756 2935 1855 3013 dicta
1884 2964 1950 3038 sua
1970 2965 2023 3014 re-

605 3071 782 3175 cepcione
802 3096 872 3146 nec
897 3083 993 3171 post.
1017 3067 1129 3152 item,
1151 3063 1246 3140 dixit
1265 3089 1305 3140 se
1325 3065 1480 3140 credere
1498 3063 1604 3168 quod
1622 3063 1753 3142 fratres
1773 3066 1920 3142 ordinis
1947 3096 2021 3144 cre-

605 3199 739 3275 derent
772 3195 1027 3274 ecelesiasticis
1055 3193 1312 3280 sacramentis,
1344 3192 1483 3298 quibus
1512 3192 1591 3298 ipse
1629 3190 1728 3269 bene
1760 3195 1958 3286 credebat,
1988 3215 2022 3273 et

604 3327 711 3433 quod
732 3353 866 3405 eorum
887 3324 1101 3403 sacerdotes
1121 3321 1250 3400 debite
1270 3321 1515 3398 celebrarent.
1539 3323 1652 3408 ltem,
1670 3321 1764 3399 dixit
1782 3351 1821 3402 se
1839 3325 2022 3404 audivisse

604 3457 678 3534 dici
697 3487 718 3534 a
737 3454 913 3533 iratribus
933 3454 1094 3544 ordinis,
1117 3469 1204 3530 ante
1223 3452 1441 3558 capcionem
1461 3477 1612 3538 eorum,
1627 3452 1732 3557 quod
1748 3452 1831 3530 laici
1851 3469 2021 3532 tenentes

601 3587 777 3695 capitulis
807 3588 846 3664 in
874 3613 1008 3664 eorum
1036 3583 1308 3662 terminacione
1329 3581 1507 3660 dicebant
1536 3582 1577 3658 in
1606 3582 1742 3660 ellectu
1774 3583 1862 3660 talia
1884 3587 2018 3662 verba:

602 3720 684 3797 «De
706 3719 872 3824 hiisque
893 3717 1100 3794 obmisistis
1118 3715 1243 3792 dicere
1265 3729 1420 3820 propter
1440 3714 1618 3791 timorem
1644 3713 1843 3819 discipline
1864 3715 2016 3800 ordinis,

600 3877 670 3925 nos
689 3847 917 3925 absolvimus
937 3875 1002 3925 vos
1021 3875 1066 3922 ex
1083 3844 1148 3920 tali
1168 3859 1354 3950 potestate
1374 3842 1525 3950 qualem
1548 3843 1773 3920 habemus·
1794 3843 1876 3920 Non
1896 3860 2018 3920 tamen

600 3953 733 4054 recolit
756 4007 777 4053 a
801 3976 941 4084 quibus
977 3975 1136 4060 audivit,
1165 4000 1234 4050 nec
1260 3973 1381 4050 credit
1408 3973 1514 4080 quod
1542 3989 1696 4078 propter
1722 3973 1794 4050 boc
1826 3971 2019 4050 crederent

600 4109 731 4184 fratres
748 4107 893 4184 ordinis
908 4104 1072 4184 absoluti
1095 4133 1174 4182 esse
1196 4102 1402 4210 apeccatis.
1423 4103 1605 4179 durabant
1621 4103 1793 4179 ordinem
1814 4131 1891 4180 non
1907 4103 2014 4180 exire.

599 4238 733 4314 Statim
754 4265 822 4344 pro
846 4235 1020 4344 professis
1047 4234 1295 4311 habebantur.
1318 4232 1560 4310 Clandestine
1587 4232 1875 4338 recipiebantur,
1905 4232 2017 4310 nullis

598 4367 836 4474 presentibus
855 4367 924 4445 uisi
936 4365 1113 4442 fratribus
1134 4361 1292 4452 ordinis,
1322 4393 1365 4440 ex
1386 4391 1463 4468 quo
1485 4363 1604 4440 credit
1617 4363 1723 4470 quod
1743 4379 1840 4440 esset
1857 4363 2016 4470 suspicio

599 4515 724 4576 contra
757 4526 831 4574 eos.
858 4495 1037 4576 Cordulis
1061 4494 1163 4571 unde
1193 4493 1373 4571 volebant
1395 4494 1596 4598 assumptis
1630 4493 1879 4600 cingebantur
1907 4519 2016 4599 super

597 4627 765 4706 camisias
779 4655 867 4704 eum
887 4625 1026 4732 quibus
1045 4624 1231 4732 jacebant.
1254 4623 1406 4701 audivit
1430 4623 1505 4699 dici
1533 4652 1553 4699 a
1580 4622 1761 4701 fratribus
1779 4622 1941 4710 ordinis,
1971 4621 2014 4698 de

596 4758 734 4865 quibus
757 4785 832 4833 non
855 4755 968 4834 habet
992 4755 1228 4846 memoriam,
1257 4754 1363 4860 quod
1393 4769 1608 4830 recusantes
1639 4753 1760 4830 facere
1788 4751 1917 4829 illicita
1934 4780 2015 4830 con·
