4208 5886
689 523 885 617 eneces
916 543 1013 616 uus
1046 541 1350 617 rnuemnss.
1656 545 1730 618 255

305 685 591 768 intervenerunt
605 685 644 762 in
661 683 758 763 dicta
776 713 843 763 sun
857 686 1077 792 recepcione
1093 713 1163 763 nec
1177 704 1273 793 post.
1289 684 1506 793 Requisitus
1522 683 1552 761 si
1564 685 1731 791 predicta

305 815 436 894 illicita
456 815 755 895 interveniebant
775 816 1030 894 communiter
1049 833 1086 894 et
1106 815 1249 924 ubique
1273 817 1312 892 in
1332 814 1617 922 recepcionibus
1641 814 1733 893 alio-

305 975 389 1023 rum
405 946 464 1023 vel
482 963 582 1053 post,
599 945 797 1052 respondit
814 947 916 1052 quod
937 946 1005 1036 sic,
1024 962 1062 1022 et
1076 946 1182 1052 quod
1195 946 1275 1052 ipsc
1294 945 1500 1024 secundum
1517 943 1730 1051 predictum

310 1075 468 1154 modum
488 1089 680 1181 receperat
699 1073 851 1152 fratrem
873 1076 1027 1152 Petrum
1051 1074 1097 1152 de
1119 1077 1221 1153 Nuce
1241 1075 1482 1163 servientem,
1499 1074 1733 1152 Turonensis

307 1206 482 1296 diocesis,
502 1231 615 1312 quem
633 1204 755 1282 credit
766 1204 905 1298 vivere,
920 1205 960 1281 in
975 1204 1116 1310 capella
1130 1205 1269 1282 domus
1284 1203 1435 1310 Templi
1452 1203 1499 1281 de
1514 1205 1617 1280 Nuce
1633 1203 1732 1283 dicte

308 1337 484 1426 diocesis,
499 1352 589 1414 sunt
602 1336 749 1414 circiter
767 1363 831 1414 xm
849 1336 954 1428 anni,
969 1335 1207 1442 presentibus
1221 1333 1399 1412 fratribus
1413 1333 1565 1413 Galtero
1583 1337 1630 1412 dc
1645 1336 1733 1412 Iliso

307 1467 548 1546 bituricensis
566 1484 605 1544 et
618 1465 769 1546 Andrea
785 1443 911 1545 Bernii
932 1465 1190 1547 Macloviensis
1210 1466 1435 1555 diocesium,
1458 1464 1673 1553 deffunctis,
1692 1483 1748 1542 ut*

307 1597 438 1674 credit.
469 1595 686 1704 Requisitus
704 1625 821 1704 quare
846 1597 984 1676 lecerat
1011 1597 1179 1705 predicta
1205 1596 1304 1686 lieri,
1327 1595 1522 1702 respondit
1541 1595 1645 1702 quod
1664 1623 1733 1702 pro

308 1755 353 1806 eo
378 1727 467 1836 quia
487 1725 610 1804 dictus
634 1743 806 1833 receptor
831 1727 974 1807 dixerat
1002 1728 1036 1806 ei
1066 1727 1170 1840 quod
1194 1726 1363 1835 predicta
1388 1725 1518 1802 illicita
1546 1725 1734 1804 debebant

307 1855 391 1934 fieri
417 1885 460 1935 ex
478 1873 658 1963 precepto
679 1850 835 1934 ordinis.
855 1858 966 1949 Item,
990 1858 1082 1936 dixit
1102 1857 1207 1964 quod
1228 1885 1297 1964 per
1317 1855 1483 1934 eundem
1504 1855 1663 1932 modum
1684 1857 1736 1931 vi-

309 1985 417 2065 derat
442 1985 557 2092 recipi
581 1985 733 2064 fratrem
754 1986 966 2065 Gerardum
985 1989 1033 2066 de
1050 1987 1191 2066 Folbos
1215 1986 1467 2064 xantonensis
1482 1984 1643 2062 diocesis
1657 2014 1735 2064 sor-

307 2117 492 2208 rientem,
511 2118 558 2194 de
579 2117 687 2224 cujus
701 2117 774 2194 vita
794 2117 850 2194 vel
870 2135 990 2196 morte
1005 2147 1083 2196 non
1099 2117 1213 2195 habet
1233 2115 1517 2201 certitudinem,
1535 2114 1574 2190 in
1594 2114 1735 2220 capella

308 2245 409 2325 dicte
422 2247 560 2326 domus
570 2247 621 2325 de
633 2247 790 2338 Folhos,
804 2277 873 2354 per
890 2248 1042 2326 fratrem
1056 2249 1209 2324 Petrum
1225 2246 1272 2324 de
1292 2245 1455 2324 Turonis
1473 2261 1733 2350 preceptorem

309 2376 358 2454 de
376 2377 509 2484 Fretay
526 2378 760 2456 Turonensis
781 2377 956 2470 diocesis,
979 2395 1068 2456 sunt
1082 2377 1265 2454 circiterx
1282 2363 1647 2481 anni,'presentibus
1663 2373 1737 2452 sra-

308 2505 431 2584 tribus
451 2510 563 2586 Petro
584 2508 631 2586 de
647 2507 835 2598 Asiniaco,
862 2526 899 2585 et
913 2509 1107 2614 Stephano
1127 2508 1175 2585 de
1197 2509 1328 2586 Monte
1350 2507 1467 2584 Acuto
1488 2505 1676 2610 predicto,
1698 2525 1736 2583 et

308 2636 515 2717 Guillelmo
542 2638 590 2715 de
613 2638 737 2716 Bissac
771 2637 1035 2730 servientibus,
1066 2639 1112 2716 de
1140 2665 1305 2745 quorum
1330 2635 1402 2713 vita
1427 2634 1485 2712 vel
1506 2652 1627 2713 morte
1658 2664 1734 2713 non

309 2767 425 2845 babet
442 2768 723 2859 certitudinem.
745 2769 849 2846 Vidit
864 2770 980 2848 eciam
1002 2796 1070 2874 per
1087 2769 1252 2846 eundem
1274 2766 1433 2844 modum
1451 2765 1566 2872 recipi
1582 2767 1735 2844 fratrem

309 2897 465 2973 Petrum
481 2915 519 2974 et
540 2913 718 3004 nepotem
742 2897 864 2975 fratris
880 2897 1076 2977 Guillelmi
1096 2900 1207 3006 Juyto
1233 2895 1381 2986 militis,
1400 2895 1506 3003 cujus
1523 2923 1735 3002 cognomen

311 3027 476 3134 ignorat;
501 3043 580 3104 erat
602 3044 731 3104 tamen
758 3027 883 3117 miles,
910 3044 948 3105 et
970 3027 1042 3106 luit
1062 3043 1235 3134 receptus
1252 3027 1290 3102 in
1310 3025 1474 3132 capitulo
1494 3024 1676 3134 generali,
1696 3027 1736 3102 in

310 3155 452 3262 capella
469 3155 607 3234 domus
625 3156 776 3264 Templi
790 3159 837 3235 de
851 3157 952 3236 Auso
968 3159 1193 3236 Pictavensis
1209 3157 1383 3245 diocesis,
1399 3184 1476 3234 non
1492 3155 1625 3232 recolit
1637 3154 1735 3233 bene

309 3313 526 3393 perquem,
548 3303 638 3364 sunt
653 3287 800 3365 circiter
818 3315 863 3366 xv
879 3290 987 3380 anni,
1010 3307 1048 3366 et
1060 3289 1214 3366 bierunt
1231 3303 1424 3393 presentes
1442 3285 1556 3363 frater
1575 3285 1737 3364 Guillel·

312 3443 396 3491 mus
409 3415 462 3492 du
477 3417 591 3524 Leige
611 3433 810 3523 preceptor
837 3417 883 3494 de
906 3416 1082 3524 Rupella,
1110 3436 1148 3496 et
1171 3417 1285 3494 frater
1307 3418 1499 3494 lohannes
1525 3417 1574 3492 de
1598 3417 1735 3495 Sancto

310 3544 534 3633 Benedicto,
564 3561 679 3624 testes
711 3575 823 3652 supra
854 3547 1072 3640 examinati,
1107 3565 1144 3625 et
1174 3547 1297 3624 dictus
1326 3545 1555 3625 Guillelmus
1585 3547 1734 3654 luytos,

311 3673 519 3754 avunculus
533 3677 651 3784 ipsius
665 3677 779 3755 Petri.
793 3677 897 3757 Vidit
910 3678 1026 3755 eciam
1043 3707 1111 3785 per
1122 3679 1288 3755 eundem
1306 3677 1465 3754 modum
1478 3675 1592 3782 recipi
1609 3702 1738 3784 quem-

311 3809 397 3886 dam
415 3807 593 3897 militem,
613 3807 720 3916 cujus
740 3834 881 3885 nomen
897 3827 935 3886 et
952 3837 1159 3916 cognomen
1176 3811 1339 3917 ignorat,
1361 3810 1426 3915 qui
1440 3807 1510 3885 luit
1525 3809 1564 3883 in
1581 3807 1736 3886 servicio

312 3937 401 4016 dicti
422 3939 651 4045 preceptoris
670 3938 718 4015 de
741 3938 921 4044 Rupella,
953 3957 990 4017 et
1014 3939 1086 4017 fuit
1110 3957 1283 4045 receptus
1310 3939 1348 4015 in
1372 3938 1473 4016 dicto
1500 3936 1665 4044 capitulo
1688 3938 1736 4015 de

311 4069 416 4146 Auso
433 4096 520 4146 cum
536 4068 638 4146 dicto
657 4070 788 4158 Petro,
810 4098 878 4176 per
899 4070 1064 4148 eundem
1082 4087 1120 4148 et
1136 4070 1278 4149 eisdem
1294 4068 1551 4176 presentibus;
1566 4067 1736 4175 plurium

312 4196 597 4304 recepcionibus
614 4225 691 4274 non
705 4198 840 4276 recolit
851 4227 891 4276 sc
906 4199 1082 4278 adfuisse,
1099 4202 1210 4291 Item,
1225 4198 1318 4276 dixit
1331 4197 1435 4305 quod
1449 4197 1488 4274 in
1505 4197 1566 4275 die
1579 4198 1736 4277 Veneris

313 4345 438 4404 sancu
459 4345 673 4405 reverenter
695 4345 735 4405 et
754 4328 888 4407 devote
913 4329 1119 4429 adorabant
1144 4357 1311 4421 crucem,
1338 4345 1376 4406 et
1400 4329 1506 4435 quod
1530 4329 1609 4433 ipse
1634 4329 1734 4406 bene

313 4455 490 4536 credebat
507 4457 763 4538 ecclesiasticis
777 4462 1033 4550 sacramentis,
1051 4479 1089 4538 et
1103 4461 1224 4538 credit
1238 4459 1343 4568 quod
1361 4459 1424 4536 alii
1445 4458 1577 4536 fratres
1592 4459 1737 4537 ordinis

313 4587 449 4664 eodem
462 4589 579 4666 modo
593 4589 807 4679 crederent,
824 4592 975 4697 etquod
988 4619 1119 4670 eorum
1131 4588 1477 4669 sacerdotesdebite
1489 4587 1734 4667 celebrarent.

312 4717 554 4797 Clandestine
575 4718 866 4825 recipiebantur,
889 4720 1006 4798 nullis
1025 4721 1263 4828 presentibus
1284 4719 1356 4797 nisi
1375 4719 1554 4798 fratribus
1573 4717 1736 4807 ordinis,

284 4941 288 4948 Ι
315 4877 356 4925 ex
369 4877 447 4956 quo
461 4849 699 4958 creditquod
715 4851 989 4957 esset'suspicio
1006 4870 1135 4931 contra
1149 4879 1224 4930 eos.
1247 4849 1424 4928 Cordulis
1438 4851 1542 4928 unde
1562 4847 1739 4926 volebant

381 5007 384 5014 '
1539 4987 1590 5046 do.
