4320 5898
699 513 892 608 raocns
920 535 1013 606 ons
1039 533 1341 607 reveniens.
1682 537 1725 608 ar

304 677 407 753 bunc
419 675 580 752 modum
593 707 601 752 ε
616 703 703 752 nam
714 675 920 754 instructus
930 673 977 753 ab
993 674 1075 754 aliis
1087 674 1264 754 fratribus
1274 673 1380 783 quod
1392 674 1491 753 bene
1505 672 1732 756 deliberaret

305 823 390 884 ante
407 807 627 912 ingressum,
644 807 732 912 quia
748 823 940 912 oporteret
954 833 1042 883 eum
1057 805 1241 884 voluntati
1257 804 1391 912 subjici
1408 805 1542 898 aliene,
1561 823 1598 884 et
1614 807 1732 883 multa

306 937 401 1014 dura
422 952 460 1014 et
477 963 605 1042 aspera
627 937 829 1029 sustinere,
856 965 942 1014 cunr
963 937 1218 1044 respondisset
1240 936 1346 1044 quod
1366 936 1492 1014 omnia
1513 937 1731 1028 sustineret,

305 1066 419 1173 peciit
435 1094 572 1174 panem
587 1083 625 1142 et
639 1095 774 1173 aquam
795 1084 833 1144 et
845 1067 1062 1145 societatem
1074 1067 1237 1166 ordinis;
1255 1083 1293 1143 et
1307 1064 1471 1142 finaliter
1482 1067 1514 1143 ei
1532 1068 1730 1160 concessis,

304 1197 393 1276 fecit
411 1226 499 1276 eum
517 1225 650 1276 vovere
667 1212 706 1274 ct
719 1188 1092 1309 jurare‚oastitatem,
1110 1197 1385 1286 obedienciam,
1404 1197 1525 1276 vivere
1545 1199 1626 1276 sine
1644 1229 1732 1306 pro-

303 1326 1728 1436 prio,etservareususetconsuetudinesordinis3etimpositosibimantello,
1766 1374 1771 1386 .

304 1477 476 1565 receptor
490 1476 528 1536 et
546 1467 706 1538 astantes
723 1459 879 1538 osculati
896 1458 1051 1536 fuerunt
1067 1459 1204 1536 eumin
1221 1487 1299 1536 ore.
1317 1460 1496 1570 Postque
1513 1461 1680 1567 precepit
1697 1463 1731 1536 ei

306 1589 428 1667 dictus
444 1607 627 1697 receptor,
646 1592 685 1666 in
703 1591 896 1698 presencia
909 1589 1078 1678 illorum,
1101 1591 1206 1696 quod
1222 1590 1425 1698 abnegaret
1444 1591 1582 1680 Deum,
1597 1607 1635 1668 et
1651 1591 1729 1698 ipse

304 1721 409 1796 testis
428 1721 625 1828 abnegavit
644 1721 769 1799 Deum
790 1749 855 1800 ore
880 1749 957 1799 non
980 1721 1111 1813 corde,
1138 1737 1182 1798 ut
1201 1721 1304 1797 dixit.
1331 1720 1479 1798 Deinde
1503 1723 1671 1828 precepit
1695 1723 1730 1796 ei

304 1851 409 1956 quod
429 1868 581 1958 spueret
601 1880 716 1959 super
734 1853 937 1960 quamdam
958 1880 1122 1946 crucem,
1143 1851 1264 1928 nescit
1283 1852 1312 1928 si
1334 1851 1495 1959 ligneam
1512 1849 1575 1938 ¹vel
1595 1851 1730 1928 metal-

303 1977 432 2070 linam,
454 2009 525 2060 nec
537 1983 567 2060 si
584 1999 664 2060 erat
676 1984 716 2059 in
737 2011 780 2060 ea
799 2011 933 2092 ymago
954 1982 1144 2073 Crucifixi,
1167 1982 1206 2057 in
1222 1998 1320 2058 terra
1335 1983 1507 2088 positam,
1525 1981 1644 2057 nescit
1664 2009 1732 2088 por

303 2139 432 2218 quem,
455 2131 493 2190 et
519 2113 597 2219 ipsc
617 2113 724 2191 testis
744 2113 869 2198 noluit
888 2139 1024 2220 spuere
1044 2139 1115 2190 nec
1132 2139 1246 2217 super
1264 2139 1334 2188 nec
1353 2111 1472 2218 juxta.
1494 2110 1576 2188 Alia
1600 2111 1730 2188 illicita

303 2268 381 2318 non
407 2243 691 2326 intervenerunt
715 2243 755 2319 in
779 2242 876 2320 dicta
899 2249 970 2319 'sua
996 2242 1216 2348 recepcione
1241 2268 1311 2318 nec
1334 2257 1430 2348 post.
1460 2241 1675 2347 Requisitus
1700 2242 1730 2317 si

304 2369 397 2447 dixit
417 2370 488 2450 sibi
508 2372 612 2478 quod
633 2372 800 2478 predicta
820 2370 951 2448 illicita
967 2388 1091 2450 essent
1112 2371 1160 2448 de
1180 2373 1329 2478 punctis
1349 2372 1513 2462 ordinis,
1535 2373 1730 2478 respondit

227 2535 231 2541 ¹
302 2500 409 2606 quod
427 2516 516 2579 non.
534 2501 752 2608 Requisitus
766 2500 797 2578 si
817 2501 897 2588 scit,
916 2500 1047 2611 credit,
1066 2500 1126 2577 vel
1146 2501 1288 2578 audivit
1308 2499 1381 2576 dici
1401 2502 1506 2608 quod
1526 2501 1729 2611 abnegacio

304 2648 340 2708 et
360 2631 518 2736 spuicio,
540 2630 595 2707 vel
611 2630 737 2736 aliqua
752 2629 825 2707 alia
844 2628 974 2706 illicita
991 2630 1262 2707 intervenirent
1282 2631 1321 2706 in
1341 2631 1627 2738 receptionibus
1638 2633 1731 2710 alio-

303 2788 398 2840 runr
414 2761 571 2840 fratrum
594 2761 653 2839 vel
678 2777 779 2868 post,
803 2759 999 2866 respondit
1023 2788 1061 2838 se
1087 2761 1248 2849 nescire3
1271 2759 1448 2838 credebat
1471 2779 1598 2840 tamen
1624 2765 1730 2870 quod

304 2893 556 2974 communiter
569 2893 631 2970 alii
646 2893 904 2998 reciperentur
914 2890 1010 2968 sicut
1025 2891 1199 2997 deposuit
1214 2920 1253 2970 se
1267 2891 1382 2971 luisse
1395 2910 1601 3000 receptum.
1619 2895 1727 2982 Item,

305 3025 398 3103 divit
420 3026 526 3134 quod
550 3025 589 3100 in
616 3023 751 3100 ordine
776 3021 1036 3100 celebrabatur
1060 3022 1272 3099 secundum
1296 3022 1455 3101 formam
1482 3011 1664 3113 Ecclesia,
1692 3042 1730 3102 et

306 3157 412 3262 quod
432 3153 660 3234 contrarium
685 3181 762 3231 non
785 3151 908 3230 fuerat
926 3151 998 3228 sibi
1024 3151 1190 3243 dictum,
1214 3170 1251 3229 et
1271 3152 1448 3231 credebat
1468 3154 1572 3260 quod
1598 3153 1730 3232 fratres

305 3287 449 3366 ordinis
464 3286 662 3371 crederent
676 3281 934 3362 ecclesiasticis
946 3281 1198 3360 sacramentis.
1215 3283 1258 3360 ln
1276 3282 1357 3390 ejus
1372 3283 1593 3390 recepcione
1608 3269 1730 3363 fuerat

305 3417 377 3495 sibi
398 3419 542 3496 dictum
562 3415 667 3525 quod
687 3414 813 3492 statim
832 3440 901 3520 pro
922 3413 1091 3520 professo
1114 3413 1334 3501 habebatur,
1353 3430 1391 3492 et
1409 3412 1483 3491 fuit
1498 3413 1729 3494 clandestine

305 3564 492 3656 receptus,
520 3546 636 3625 nullis
668 3544 906 3653 presentibus
934 3545 1006 3622 nisi
1032 3541 1209 3621 fratribus
1236 3543 1391 3623 ordinis.
1422 3543 1601 3624 Cordulis
1625 3546 1728 3624 unde

304 3678 479 3756 volebant
495 3676 694 3785 assumptis
707 3673 954 3784 cingebantur
965 3703 1079 3783 super
1096 3675 1264 3752 camisias
1282 3702 1369 3752 cum
1386 3675 1526 3782 quibus
1539 3676 1726 3782 jacebant.

304 3809 573 3918 lnjungebatur
589 3808 643 3886 eis
662 3835 710 3884 ne
727 3805 936 3885 revelarent
955 3822 1095 3884 secreta
1110 3804 1379 3913 capitulorum,
1399 3804 1446 3882 dc
1462 3807 1579 3884 modo
1598 3835 1729 3914 recep-

304 3941 423 4017 cionis
438 3939 587 4047 speciali
606 3964 685 4015 non
699 3936 826 4015 habita
841 3937 1058 4027 mencione;
1070 3937 1135 4045 qui
1148 3935 1391 4025 revelassent,
1410 3936 1532 4042 puniti
1551 3937 1727 4029 fuissent,

304 4071 421 4148 nescit
442 4068 613 4177 qualiter.
635 4066 786 4176 Absque
811 4067 986 4155 licencia,
1007 4084 1051 4144 ut
1074 4067 1216 4144 audivit
1244 4066 1335 4159 dici,
1360 4095 1438 4145 non
1456 4085 1630 4174 poterant
1647 4068 1729 4147 aliis

303 4228 418 4307 quam
434 4198 688 4277 sacerdotibus
702 4197 865 4286 ordinis,
882 4197 913 4274 si
929 4224 994 4274 eos
1011 4196 1150 4276 babere
1168 4213 1357 4303 poterant,
1373 4197 1557 4276 confiteri.
1577 4201 1727 4277 Fratres

302 4330 462 4408 scientes
485 4356 631 4406 errores
651 4327 806 4406 fuerunt
825 4327 1057 4436 negligentes
1080 4329 1266 4434 quianon
1294 4343 1537 4404 correxerunt
1565 4355 1629 4406 eos
1658 4357 1726 4406 nec

303 4459 623 4540 denunciaverunt
646 4459 823 4537 Ecclesie.
849 4457 1084 4536 Elemosinas
1109 4475 1147 4535 et
1167 4455 1461 4565 hospitalitatem
1481 4458 1576 4535 vidit
1595 4487 1729 4538 conve·

303 4591 452 4668 nienter
467 4590 549 4669 lieri
571 4607 609 4668 et
624 4590 760 4667 servari
780 4589 819 4666 in
842 4587 1019 4667 domibus
1039 4586 1184 4666 ordinis
1203 4587 1243 4664 in
1262 4586 1402 4695 quibus
1423 4589 1544 4665 extitit
1562 4616 1730 4669 commo·

303 4739 416 4799 ratus.
439 4721 621 4801 Ordinato
638 4747 707 4827 per
724 4721 943 4830 Magistrum
966 4747 1053 4797 cum
1081 4735 1287 4808 conventu,
1307 4719 1538 4824 pertinencia
1561 4720 1609 4797 ad
1631 4740 1729 4799 tem-

303 4851 555 4960 poralitatem,
577 4850 735 4929 luissent
759 4867 898 4928 servata
923 4850 961 4926 in
981 4850 1132 4944 ordine,
1155 4861 1283 4928 contra
1305 4878 1421 4957 quem
1446 4879 1548 4930 nunc
1571 4852 1726 4961 grandia

387 5009 494 5070 raonis
515 5028 567 5072 nas
586 5025 759 5068 restauras.
772 5025 853 5066 -ιι,
1564 5026 1595 5068 ιι
1712 5027 1713 5032 ’
