4320 5898
751 489 948 585 Procas
974 511 1071 583 nus
1098 511 1399 587 taunucus,
1741 521 1790 596 29

361 647 580 756 capcionem
601 678 751 742 eorum3
772 681 861 730 nam
883 652 1006 731 luerat
1024 671 1199 760 receptus
1216 684 1285 762 per
1303 656 1458 734 fratrem
1477 656 1721 767 Radulphum
1742 661 1789 740 de
1883 707 1887 714 ·

361 778 458 870 Gisi,
479 795 614 860 testem
633 810 745 888 supra
766 785 1038 872 examinatum,
1059 782 1108 862 de
1129 786 1238 894 cujus
1257 783 1449 894 parentela
1470 789 1624 880 exstitit,
1647 791 1686 866 in
1705 819 1790 898 pre·

359 909 457 991 senti
483 911 798 1023 Quadragessima
824 933 913 994 sunt
938 925 1019 995 ιιιῐαπ
1043 916 1148 1008 anni,
1175 916 1214 992 in
1242 915 1383 1023 capella
1404 918 1542 997 domus
1564 922 1715 1028 Templi
1742 923 1789 1000 dc

359 1041 576 1121 latinihaco
595 1043 703 1124 Sicco
722 1045 929 1125 Meldensis
955 1046 1133 1136 diocesis,
1154 1046 1395 1154 presentibus
1419 1047 1598 1130 tratribus
1614 1051 1789 1132 Gnidone

359 1173 540 1254 Lescolhe
564 1195 785 1285 preceptore
811 1176 859 1256 de
884 1176 1135 1269 Sabloneriis,
1163 1179 1354 1285 Stephano
1380 1179 1426 1257 de
1459 1180 1589 1272 Sanci,
1618 1181 1789 1264 lobanne

358 1306 550 1397 Monachi,
574 1324 611 1386 et
634 1309 736 1388 dicto
757 1299 921 1388 Tossanz
941 1309 1207 1400 servientibus,
1230 1311 1278 1390 de
1298 1339 1465 1417 quorum
1485 1311 1558 1389 vita
1582 1307 1640 1392 vel
1666 1335 1788 1395 morte

359 1439 569 1518 nonhabet
589 1440 875 1534 certitudinem,
896 1442 935 1519 in
956 1443 1061 1522 hunc
1078 1442 1240 1520 modum
1262 1474 1270 1518 ε
1292 1471 1380 1518 nam
1400 1471 1486 1522 cum
1506 1443 1650 1551 pluries
1674 1446 1789 1526 inter-

356 1568 482 1675 polate
499 1571 754 1679 requisivisset
773 1602 910 1681 panem
930 1590 968 1652 et
986 1602 1135 1682 aquam,
1157 1573 1375 1652 societatem
1396 1590 1435 1651 et
1450 1604 1658 1683 pauperem
1677 1581 1788 1657 vesti-

355 1715 440 1778 tum
452 1701 608 1795 ordinis,
631 1719 670 1782 et
685 1703 719 1780 ei
733 1733 957 1812 responsum
970 1703 1103 1783 fuissm
1121 1705 1227 1812 quod
1241 1701 1341 1782 bene
1358 1703 1607 1799 deliberaret;
1623 1707 1788 1787 finaliter

355 1819 513 1938 prestito
529 1863 597 1941 per
610 1835 872 1943 juramentum
892 1837 998 1945 quod
1018 1865 1096 1914 non
1117 1852 1196 1914 erat
1215 1835 1359 1914 servilis
1374 1837 1616 1930 condicionis,
1634 1867 1704 1918 nec
1724 1869 1806 1926 ex·‚

356 1965 672 2059 communicatus,
690 1993 762 2046 nec
777 1966 1035 2060 matrimonio,
1053 1967 1160 2045 alteri
1174 1965 1350 2076 religioni
1370 1965 1440 2044 nec
1456 1966 1595 2046 debitis
1613 1999 1687 2079 que
1708 2001 1785 2051 non

355 2111 482 2200 posset
503 2095 648 2175 solvere
673 2096 879 2206 obligatus,
903 2124 975 2176 nec
1002 2096 1165 2176 habebat
1188 2097 1448 2175 infirmitatem
1470 2096 1670 2191 latentem,
1698 2101 1787 2182 lecit

356 2252 445 2302 eum
472 2217 606 2306 v'overe
631 2244 669 2306 et
682 2229 812 2337 jurare
830 2255 944 2335 super
963 2226 1169 2337 quemdam
1188 2226 1332 2310 librum
1352 2226 1575 2324 castitatem,
1601 2231 1785 2312 obedien-

355 2358 462 2450 ciam,
483 2361 605 2440 vivere
620 2361 701 2439 sine
720 2360 893 2470 proprio;
911 2376 1041 2468 postea
1053 2359 1236 2468 imposuit
1251 2358 1323 2436 sibi
1341 2360 1577 2451 mantellum,
1600 2364 1730 2469 etipse
1747 2383 1786 2443 et

354 2506 516 2572 astantes
528 2493 684 2572 osculati
697 2491 852 2570 luerunt
863 2520 952 2569 eum
963 2491 1003 2569 in
1014 2518 1097 2584 ore3
1110 2507 1148 2568 et
1159 2490 1335 2570 instruxit
1347 2520 1437 2570 eum
1450 2495 1786 2599 quotPoteruoster

354 2619 497 2701 diceret
516 2632 586 2730 pto
606 2623 711 2702 horis
729 2622 818 2716 suis,
841 2641 879 2702 et
898 2621 1062 2732 qualiter
1081 2637 1229 2732 regeret
1248 2650 1287 2700 se
1305 2622 1346 2698 in
1361 2621 1507 2701 ordine.
1526 2623 1677 2704 Deinde
1702 2625 1784 2705 aliis

354 2754 639 2834 remanentibus
664 2756 703 2832 in
724 2755 866 2863 capella
888 2783 958 2862 per
980 2783 1063 2854 eam
1084 2752 1434 2845 deambulantibus,
1461 2755 1572 2834 traxit
1592 2785 1681 2836 eum
1703 2785 1784 2836 ver-

352 2913 417 2962 sus
436 2885 552 2965 altare
577 2904 616 2965 et
636 2885 729 2966 dixit
749 2886 801 2979 ei,
828 2905 871 2966 ut
888 2885 1039 2966 videtur
1058 2885 1130 2993 ipsi
1155 2888 1261 2979 testi,
1284 2887 1391 2995 quod
1417 2887 1619 2998 abnegaret
1641 2890 1780 2969 Deum.

352 3017 568 3126 Requisitus
583 3018 615 3096 si
627 3036 685 3096 est
694 3017 792 3096 bene
803 3036 928 3097 certus
940 3018 1044 3126 quod
1058 3018 1091 3094 ei
1108 3017 1258 3096 dixisset
1270 3018 1374 3126 quod
1387 3018 1591 3129 abnegaret
1600 3020 1779 3131 aliquem,

352 3152 549 3257 respondit
560 3150 665 3259 quod
678 3151 743 3240 sic,
766 3167 806 3229 et
819 3149 891 3228 sibi
906 3149 1056 3228 videtur
1072 3150 1180 3257 quod
1197 3149 1291 3262 dixit
1305 3149 1410 3258 quod
1426 3150 1629 3259 abnegaret
1640 3154 1779 3246 Deum,

352 3298 390 3359 et
417 3284 522 3391 quod
541 3282 589 3361 de
608 3282 726 3362 Jhesu
750 3281 901 3360 Christo
925 3279 1073 3358 nullam
1093 3279 1182 3359 lecit
1196 3281 1238 3358 ei
1262 3281 1514 3368 mencionem.
1537 3285 1669 3362 Postea
1689 3285 1782 3366 dixit

351 3413 457 3520 quod
473 3443 551 3492 non
567 3430 646 3490 erat
664 3411 764 3490 bene
782 3428 907 3492 certus
927 3411 958 3490 si
979 3411 1051 3488 sibi
1071 3409 1218 3490 dixerat
1232 3412 1337 3519 quod
1357 3412 1560 3522 abnegaret
1578 3415 1704 3494 Deum
1722 3417 1780 3497 vel
1906 3433 1911 3446 '

348 3535 506 3624 Jhesum
522 3547 718 3626 Christum
738 3575 746 3620 ε
769 3560 966 3622 esttamen
988 3561 1113 3632 certus
1126 3543 1235 3650 quod
1255 3543 1303 3622 de
1319 3544 1439 3624 altero
1460 3574 1595 3626 eorum
1613 3537 1806 3657 precepit'

348 3677 421 3756 sibi
436 3678 542 3786 quod
559 3677 763 3787 abnegaret
785 3685 894 3766 eunt3
916 3691 1062 3754 etcum
1085 3675 1165 3782 ipse
1183 3674 1288 3752 testis
1308 3676 1510 3767 resisteret,
1533 3679 1656 3756 dictus
1677 3708 1781 3758 rece-

348 3826 436 3919 ptor
449 3808 578 3888 flendo
596 3808 690 3886 dixit
707 3809 742 3886 ei
760 3808 867 3916 quod
881 3807 955 3886 hoc
969 3805 1169 3914 oportebat
1184 3835 1273 3886 eum
1289 3805 1422 3901 lacere,
1441 3809 1531 3918 quia
1546 3810 1597 3888 ita
1611 3811 1779 3890 servaba-

347 3957 411 4020 tur
436 3942 477 4018 in
499 3939 707 4051 religione,
735 3956 774 4018 et
795 3956 886 4018 tunc
907 3939 988 4048 ipse
1016 3939 1123 4018 testis
1151 3939 1349 4048 abnegavit
1377 3941 1505 4020 Deum
1532 3940 1590 4020 vel
1621 3941 1777 4022 Jhesum

347 4073 559 4166 Christum,
586 4099 652 4151 ore
677 4099 756 4150 non
779 4053 910 4150 corde.
943 4073 1078 4152 Postea
1101 4072 1269 4180 precepit
1297 4071 1332 4150 ei
1356 4072 1463 4180 quod
1486 4091 1639 4180 spueret
1665 4103 1779 4182 supra

345 4206 551 4316 quamdam
572 4234 725 4284 crucem
734 4201 910 4326 ligneam
930 4204 970 4282 in
984 4232 1059 4313 qua
1077 4203 1183 4282 nulla
1198 4222 1277 4282 erat
1292 4232 1427 4314 ymago
1447 4204 1643 4296 Crucifixi,
1664 4235 1777 4315 qrrum

346 4337 469 4418 dictus
488 4355 662 4445 receptor
680 4336 835 4414 tenebat
856 4337 897 4415 in
918 4363 1052 4428 manu,
1069 4364 1145 4444 que
1160 4363 1229 4442 per
1244 4334 1451 4442 quemdam
1471 4335 1589 4416 alium
1603 4335 1774 4431 fratrem,

344 4468 451 4576 cujus
463 4496 606 4546 nomen
622 4468 780 4578 ignorat,
799 4466 922 4546 fuerat
941 4467 989 4546 de
1004 4483 1106 4546 retro
1126 4465 1242 4544 altare
1257 4465 1369 4545 allata
1389 4467 1515 4546 eidem
1530 4470 1716 4575 receptori
1735 4471 1775 4548 in

342 4598 549 4681 tradicione
576 4601 762 4692 mantelii,
795 4616 833 4678 et
855 4599 935 4706 ipse
964 4597 1071 4677 testis
1091 4599 1195 4705 spuit
1218 4625 1296 4677 non
1321 4629 1433 4707 supra
1457 4601 1526 4678 sed
1545 4601 1652 4710 juxta
1677 4629 1773 4680 eam.

343 4707 514 4841 Precepit
537 4751 666 4818 tamen
692 4731 763 4811 sibi
783 4732 890 4841 quod
913 4731 961 4809 de
982 4730 1160 4839 predictis
1185 4728 1328 4808 nemini
1348 4729 1582 4839 loqueretur,
1606 4731 1677 4810 nisi
1703 4731 1775 4809 fra-

343 4863 465 4944 tribus
485 4861 629 4944 ordinis
641 4862 803 4971 Templi,
822 4861 869 4940 de
882 4861 964 4940 aliis
979 4861 1121 4942 illicitis
1140 4859 1284 4942 nullam
1300 4860 1372 4940 sibi
1391 4862 1514 4945 dictus
1528 4879 1701 4972 receptor
1714 4861 1773 4941 vel
