4208 5886
402 527 472 606 rea
781 511 975 606 esoces
1007 528 1104 602 nas
1134 527 1444 604 ratramnus

397 689 487 752 suut
501 697 577 750 xuu
590 669 678 748 anni
695 670 826 778 elapsi,
840 669 1080 778 presentibus
1100 668 1278 748 iratribus
1297 669 1459 778 Rogerio
1484 683 1707 776 preceptore
1723 665 1823 750 dicte

398 804 552 894 domus,
572 799 709 878 Aurico
724 799 881 907 Anglico
896 817 935 878 et
948 799 1031 878 aliis
1047 795 1261 878 deffunctis.
1279 797 1383 880 Vidit
1403 797 1520 878 eciam
1542 795 1659 905 recipi
1672 797 1826 878 fratrem

397 932 593 1010 Mathenm
613 930 807 1039 baynaudi
835 930 1030 1039 quondam
1051 929 1304 1022 Normanum,
1322 927 1565 1020 servientem,
1581 929 1622 1006 in
1644 927 1741 1008 dicta
1768 959 1827 1009 ca·

397 1061 513 1170 pella,
530 1089 599 1167 per
612 1059 758 1140 dictum
777 1060 931 1141 fratrem
951 1059 1191 1168 Philippum,
1207 1075 1298 1142 sunt
1319 1059 1467 1140 circiter
1485 1083 1531 1140 xv
1550 1058 1659 1152 anni,
1676 1089 1830 1168 presen-

398 1193 502 1271 tibus
515 1221 577 1270 sex
587 1192 644 1270 vel
653 1211 799 1300 septem
811 1192 1004 1283 iratribus,
1020 1219 1185 1300 quorum
1198 1192 1359 1272 nomina
1371 1207 1409 1270 ct
1421 1187 1647 1299 cognomina
1661 1188 1826 1299 ignorum

399 1341 437 1403 ct
450 1325 554 1431 prius
568 1323 714 1401 viderat
727 1323 767 1400 in
781 1323 917 1403 eodem
931 1323 1017 1402 loco
1031 1323 1166 1431 recipi,
1187 1341 1278 1402 sunt
1292 1322 1439 1401 circiter
1453 1349 1526 1402 uu
1547 1321 1654 1414 anni,
1673 1321 1827 1405 fratrem

399 1453 581 1532 Albinum
589 1453 750 1532 diocesis
766 1453 1017 1542 Ebroicensis,
1030 1455 1255 1534 servientem
1266 1453 1479 1562 quondam,
1494 1452 1603 1562 cujus
1615 1481 1827 1563 cognomen

398 1586 557 1692 ignorat,
572 1613 640 1690 per
651 1583 804 1663 fratrem
816 1584 1007 1662 Andream
1028 1583 1078 1662 de
1097 1582 1338 1693 Saquenvilla
1353 1583 1566 1692 quondam,
1582 1601 1675 1662 tunc
1696 1611 1826 1692 prece·

397 1734 545 1823 ptorem
559 1713 779 1805 Normanie,
794 1743 872 1792 non
889 1712 1023 1794 recolit
1036 1709 1176 1822 quibus
1188 1712 1429 1822 presentibus
1448 1741 1519 1794 nec
1539 1713 1587 1792 de
1608 1714 1828 1794 nominibus

400 1845 562 1925 eliorum
582 1873 682 1953 quos
699 1845 793 1922 vidit
812 1845 945 1952 recipi,
969 1843 1058 1953 quia
1078 1843 1208 1926 nullus
1227 1871 1272 1922 ex
1289 1844 1344 1926 eis
1363 1843 1452 1924 vivit
1470 1842 1575 1950 quod
1595 1843 1697 1924 sciat.
1714 1843 1826 1937 Item,

401 1976 495 2055 dixit
519 1976 625 2085 quod
646 1975 726 2082 ipse
754 1976 853 2055 bene
874 1975 1053 2056 credebat
1081 1975 1338 2055 ecclesiasticis
1362 1973 1621 2068 sacramentis,
1648 1991 1686 2054 ct
1709 1976 1830 2054 credit

400 2110 506 2216 quod
536 2106 598 2184 alii
626 2107 758 2184 fratres
783 2105 928 2185 ordinis
958 2106 1096 2186 eodem
1120 2108 1238 2188 modo
1259 2104 1474 2194 crederent,
1502 2122 1542 2183 et
1564 2104 1670 2213 qnod
1694 2133 1826 2186 eorum

399 2238 611 2317 sacerdotes
638 2236 766 2316 debite
786 2236 1034 2318 celebrarent.
1066 2237 1247 2317 iurabant
1271 2238 1447 2316 ordinem
1467 2263 1546 2315 non
1566 2237 1666 2316 exire
1685 2235 1828 2345 absque

398 2370 554 2448 licencia
581 2369 786 2476 superioris
808 2395 962 2458 eorum,
992 2368 1059 2477 qui
1086 2384 1215 2476 posset
1234 2395 1316 2446 eam
1342 2365 1444 2447 darc.
1472 2367 1713 2447 Clandestine
1733 2369 1827 2447 reci·

398 2501 612 2611 piebantnr,
634 2500 751 2579 nullis
770 2499 1011 2607 presentibus
1028 2500 1100 2578 nisi
1120 2499 1300 2578 iratribus
1319 2499 1478 2578 ordinis.
1499 2499 1652 2606 Absque
1672 2497 1827 2579 licencia

400 2659 478 2709 non
505 2648 681 2738 poterant
709 2629 881 2708 confiteri
908 2630 992 2708 aliis
1023 2659 1137 2738 quum
1169 2627 1348 2708 fratribus
1376 2630 1635 2710 sacerdotibus
1663 2630 1825 2722 ordinis,

401 2761 586 2868 quamdiu
607 2791 671 2840 eos
690 2761 830 2840 babere
858 2777 1042 2868 poterant.
1064 2763 1212 2842 Fratres
1232 2761 1393 2839 scientes
1415 2787 1562 2840 errores
1581 2779 1620 2840 et
1644 2761 1827 2842 habentes

399 2908 623 2997 potestatem
641 2891 852 2998 corrigendi
867 2920 932 2970 cos
950 2891 1106 2970 luerunt
1120 2889 1372 3002 negligentes,
1389 2891 1478 3000 quis
1494 2909 1828 2992 noncorrererunt

401 3051 466 3100 eos
485 3051 555 3100 nec
575 3023 898 3101 denunciaverunt
912 3020 1089 3101 Ecclesic.
1108 3021 1344 3102 Elemosinas
1364 3037 1403 3101 et
1420 3021 1714 3129 hospitalitatem
1735 3023 1828 3101 vidit

401 3155 603 3262 aliquando
625 3155 800 3261 restringi
816 3155 856 3230 in
871 3152 1066 3261 aliquibus
1089 3155 1269 3233 domibus
1288 3151 1434 3230 ordinis
1452 3170 1609 3260 propter
1627 3169 1826 3260 pauperta-

399 3303 498 3376 tcm;
521 3285 611 3364 alias
630 3284 872 3364 servabantur
891 3302 930 3362 et
948 3283 1094 3361 fiebant
1121 3281 1390 3362 convenienter
1409 3283 1617 3363 elemosine
1638 3301 1676 3362 et
1697 3283 1825 3391 hospi·

399 3417 522 3496 talitas
543 3417 768 3524 supradicte.
794 3418 939 3494 Eorum
960 3415 1135 3521 capitulis
1156 3415 1249 3494 vidit
1269 3414 1476 3523 aliquando
1496 3415 1617 3496 teneri
1634 3415 1681 3493 de
1696 3432 1823 3504 nocte,

400 3565 437 3626 et
452 3547 655 3655 aliqnando
672 3548 720 3626 de
735 3547 815 3636 die,
838 3546 950 3636 clam,
973 3544 1089 3623 nullis
1109 3545 1348 3651 presentibus
1370 3545 1442 3624 nisi
1463 3545 1641 3625 iratribus
1663 3546 1826 3635 ordinis,

400 3696 437 3757 ct
457 3678 698 3785 ponebantur
717 3679 893 3758 custodes
907 3705 956 3756 ne
969 3678 1195 3756 audirentur
1217 3677 1468 3784 exteriusque
1488 3677 1647 3756 interius
1666 3677 1825 3786 ageban-

399 3827 473 3886 tur.
502 3809 685 3889 Ordinata
706 3838 775 3918 per
795 3809 1019 3918 Magistrum
1052 3837 1138 3886 cum
1162 3825 1351 3886 conventu
1380 3825 1559 3888 servasset
1584 3826 1688 3888 totus
1710 3809 1822 3897 ordo,

399 3957 528 4018 contra
543 3969 660 4047 quern
675 3967 778 4018 nunc
793 3939 947 4047 grandia
962 3935 1154 4028 scandala,
1177 3939 1341 4046 suspicio
1356 3956 1395 4018 et
1406 3937 1560 4018 infamia
1579 3958 1670 4019 sunt
1687 3957 1822 4019 exorta.

400 4071 525 4165 Quem
550 4069 708 4176 quidem
732 4071 906 4148 ordinem
931 4069 1025 4147 dixit
1048 4068 1306 4176 principaliter
1329 4098 1369 4148 se
1389 4069 1543 4149 exivisse
1569 4089 1723 4180 propter
1741 4099 1822 4178 pre·

400 4201 499 4278 dicta
513 4201 660 4295 illicita,
677 4231 746 4279 nec
759 4229 931 4280 reversus
949 4199 1081 4278 luisset
1103 4200 1151 4278 ad
1170 4201 1313 4278 dictum
1328 4200 1522 4290 ordinem,
1545 4203 1620 4280 nisi
1638 4203 1824 4280 timuisset

399 4331 505 4438 quod
524 4330 656 4412 finisset
674 4332 923 4410 incarceratus
941 4348 1127 4438 perpetuo
1141 4332 1173 4408 si
1193 4330 1399 4437 Templarii
1419 4359 1508 4411 eum
1530 4361 1662 4442 capere
1682 4335 1822 4441 potuis·

399 4477 499 4553 sent,
523 4479 561 4539 et
582 4462 653 4539 nisi
681 4463 762 4573 ejus
780 4461 891 4539 amici
915 4462 962 4540 ad
983 4461 1223 4540 redeundum
1242 4459 1517 4568 compulissent
1531 4465 1732 4556 cumdem:
1757 4493 1823 4543 nec

399 4619 513 4670 ausus
533 4591 666 4670 fuisset
682 4594 824 4684 redire,
847 4593 919 4670 nisi
942 4593 1123 4672 dominus
1146 4621 1210 4671 rer
1231 4592 1386 4670 Francis
1405 4621 1475 4700 pro
1501 4594 1583 4704 ejus
1605 4594 1823 4674 reconcilia-

397 4723 796 4834 cioneintercessisset.
810 4724 940 4803 Credit
953 4725 1059 4832 quod
1071 4724 1202 4802 illicita
1210 4722 1417 4804 conlcssata
1429 4751 1593 4831 percum
1605 4742 1824 4804 essentnota

395 4852 573 4932 fratribus
594 4855 754 4950 ordinis,
782 4873 820 4933 et
843 4856 947 4962 quod
971 4855 1095 4934 dictus
1120 4855 1298 4966 Magister
1315 4854 1428 4932 etalii
1455 4855 1588 4934 eadem
1611 4855 1742 4934 illicita
1766 4857 1823 4934 vel
