4208 5886
382 521 455 594 aas
760 503 956 596 raooss
986 521 1084 594 nus
1115 519 1417 595 rsuanrnas.

380 677 473 738 rent.
507 659 750 740 Clandestine
779 662 1072 767 recipiebantur,
1106 659 1223 737 nullis
1256 658 1496 766 presentibus
1523 657 1593 735 nisi
1625 657 1801 740 fratribus

380 790 543 882 ordinis,
568 819 609 868 ex
636 819 711 896 quo
733 793 852 871 credit
876 792 981 902 quod
1006 808 1102 870 esset
1126 791 1287 897 suspicio
1320 807 1449 869 contra
1469 817 1546 867 eos.
1569 791 1622 866 Ex
1652 791 1803 869 ordina-

331 962 334 968 ·
380 923 486 1000 cione
502 921 603 1000 beati
620 923 800 999 Bernardi
821 923 1069 1032 cingebantur
1093 921 1260 999 cordulis
1279 922 1382 999 unde
1407 919 1584 999 volebant
1603 922 1802 1028 assumptis

380 1079 491 1158 super
511 1051 678 1128 camisias
701 1081 785 1129 cum
816 1053 954 1160 quibus
974 1050 1159 1161 jacebant.
1187 1052 1328 1128 duravit
1354 1079 1430 1129 non
1451 1051 1616 1128 revelare
1641 1052 1801 1130 modum

380 1211 446 1259 sue
461 1181 707 1288 recepcionis;
725 1201 762 1261 et
781 1185 846 1292 qui
860 1185 933 1262 hoc
953 1181 1149 1261 revelasset
1163 1181 1222 1260 vel
1242 1199 1383 1260 secreta
1397 1181 1680 1287 capituliorum,
1698 1211 1801 1261 com-

380 1311 531 1418 peditus
556 1329 591 1390 et
616 1312 864 1392 incarceratus
890 1314 1030 1392 luisset.
1058 1314 1204 1390 Fratres
1231 1312 1375 1390 ordinis
1399 1340 1495 1418 quos
1515 1313 1636 1392 credit
1655 1313 1800 1392 scivisse

380 1442 671 1549 abnegacioncm
694 1445 900 1551 predictam
925 1473 1000 1552 que
1021 1443 1136 1522 fiebat
1155 1443 1195 1520 in
1223 1444 1357 1522 ordine
1376 1443 1532 1522 ficerunt
1550 1444 1798 1555 negligentes,

381 1575 467 1681 quia
487 1599 564 1650 non
585 1592 825 1652 correxerunt
845 1605 927 1652 eam
948 1602 1018 1652 nec
1036 1574 1358 1652 denunciaverunt
1372 1572 1549 1652 Ecclesia.
1569 1573 1801 1652 Elemosinas

382 1721 419 1780 et
433 1681 724 1809 hospitalitatem
750 1703 843 1781 vidit
868 1705 1134 1781 convenienter
1153 1703 1234 1781 fieri
1256 1721 1296 1800 et
1315 1704 1450 1782 servari
1478 1704 1518 1779 in
1544 1703 1723 1781 domibus
1740 1734 1801 1782 or·

382 1831 480 1910 dinis
501 1832 540 1909 in
566 1832 705 1938 quibus
725 1835 844 1911 extitit
866 1851 1130 1912 commoratus.
1155 1834 1298 1911 Juravit
1328 1861 1545 1911 conservare
1571 1833 1672 1911 bona
1702 1835 1802 1912 ordi·

383 1964 442 2040 nis
458 1980 496 2040 et
510 1963 543 2039 ei
562 1991 632 2069 pro
656 1991 765 2070 posse
790 1965 998 2072 acquirere,
1019 1964 1183 2042 sednon
1204 1963 1275 2042 luit
1295 1965 1330 2041 ei
1350 1983 1572 2071 preceptum
1592 1993 1663 2042 nec
1681 1967 1803 2044 decla-

384 2111 506 2172 ratum
550 2093 655 2200 quod
694 2095 904 2201 acquireret
940 2125 1008 2203 per
1049 2096 1153 2174 nefas
1197 2096 1255 2174 vel
1292 2096 1473 2174 indebite.
1512 2096 1695 2175 Ordinata
1735 2125 1802 2203 per

384 2225 600 2333 Magistrum
622 2254 707 2302 cnm
736 2245 922 2304 conventu
952 2244 1130 2306 servasset
1152 2245 1256 2306 totus
1276 2227 1390 2319 ordo,
1413 2229 1452 2304 in
1472 2256 1550 2335 quo
1570 2228 1669 2305 dicta
1687 2228 1802 2306 aboe-

383 2356 487 2464 gacio
507 2382 585 2432 non
616 2355 689 2434 fuit
715 2357 929 2435 introducta
957 2360 1004 2435 ab
1034 2357 1208 2464 antiqno,
1241 2359 1338 2435 sicut
1358 2359 1501 2436 audivit
1528 2358 1618 2448 dici,
1641 2359 1760 2435 nescit
1783 2387 1803 2433 a

384 2484 542 2592 quibuss
564 2503 693 2562 contra
718 2513 832 2592 quem
858 2487 1032 2565 ordinem
1053 2515 1154 2562 nunc
1182 2487 1338 2595 grandia
1367 2487 1557 2575 scandala,
1579 2489 1740 2593 suspicio
1765 2506 1804 2564 et

384 2613 535 2692 infamia
551 2633 640 2694 sunt
661 2635 808 2704 crorts3
829 2635 868 2693 et
891 2616 1011 2692 credit
1034 2616 1140 2724 quod
1165 2617 1287 2694 dictus
1307 2619 1485 2726 Magister
1501 2637 1540 2695 et
1557 2617 1620 2693 alii
1642 2617 1803 2725 abnega-

386 2745 532 2820 eionem
558 2744 607 2822 de
632 2773 707 2852 qua
731 2745 906 2852 deposuit
927 2746 1003 2824 sint
1025 2745 1197 2825 confessi.
1225 2746 1338 2824 Plura
1363 2747 1458 2824 dixit
1480 2776 1520 2824 se
1545 2748 1705 2836 nescire,
1734 2775 1804 2824 nec

387 2874 555 2964 credere,
573 2903 643 2952 nec
657 2876 840 2954 audivisse
856 2875 929 2954 dici
945 2877 991 2952 de
1008 2879 1195 2954 contentis
1214 2877 1253 2954 in
1273 2878 1440 2954 articulis
1460 2879 1688 2955 memoratis.

443 3005 656 3112 Reqnisitus
668 3007 697 3084 si
715 3007 766 3082 sie
781 3007 1005 3113 deposuerat
1015 3035 1143 3113 prece,
1156 3025 1350 3114 precepto,
1363 3009 1519 3098 timore,
1534 3035 1679 3096 amore,
1693 3009 1801 3096 odio,

385 3133 443 3212 vel
467 3135 665 3242 temporali
692 3137 854 3215 comodo
882 3137 1009 3214 babito
1038 3137 1096 3214 vel
1125 3137 1318 3227 babendo,
1348 3137 1544 3244 respondit
1573 3139 1678 3244 quod
1703 3166 1802 3228 non,

387 3264 454 3342 sed
481 3293 550 3371 pro
579 3267 731 3342 veritate
757 3266 934 3356 dicenda3
960 3268 1020 3342 cui
1051 3266 1123 3342 luit
1152 3269 1364 3374 injunctum
1394 3269 1498 3374 quod
1523 3295 1601 3344 non
1625 3267 1806 3345 revelaret

387 3395 482 3470 hanc
500 3421 607 3472 suam
628 3393 928 3500 deposicionem,
950 3422 1149 3500 quousque
1164 3393 1423 3472 attestacioncs
1437 3394 1576 3472 luerint
1597 3395 1804 3500 publicum

386 3541 421 3600 et
444 3551 519 3602 non
548 3522 737 3602 obtulerat
755 3551 795 3602 sc
815 3525 864 3602 ad
883 3523 1157 3602 deffensionem
1177 3524 1340 3612 ordinis,
1354 3553 1423 3602 nee
1438 3523 1558 3603 brerat
1571 3525 1670 3602 ultra
1689 3555 1802 3616 mare.

440 3791 569 3870 Frater
587 3795 706 3872 Bosco
726 3791 774 3870 de
795 3789 994 3872 Masualier
1009 3793 1189 3879 serviens,
1209 3793 1485 3870 Lernoricensis
1500 3792 1680 3873 diocesis,
1701 3793 1806 3868 testis

384 3953 494 4032 supra
517 3926 684 4032 juranis,
716 3923 872 4000 barbana
899 3921 967 3998 sed
992 3949 1070 3998 nou
1091 3922 1314 3999 mantellum
1341 3923 1545 4010 defferens,
1567 3923 1656 4028 quia
1684 3923 1805 4027 ipsum

383 4057 576 4134 dimiserat
606 4073 786 4132 vetustate
820 4067 1103 4155 consumptum,
1133 4051 1477 4158 quinquagenarius
1512 4069 1550 4127 et
1577 4051 1693 4142 ultra,
1721 4080 1806 4127 cum

381 4215 459 4294 qno
474 4185 697 4293 inquisitum
717 4183 853 4274 ficerat,
878 4179 1075 4258 absolutus
1090 4199 1130 4258 et
1145 4181 1406 4259 reconciliatus
1425 4209 1494 4288 per
1508 4182 1707 4258 dominum
1731 4182 1809 4286 epi·

384 4345 538 4423 sepum
555 4315 878 4394 Lemosicensem.
894 4313 1004 4426 =lectis
1016 4329 1052 4388 et
1072 4309 1275 4419 diligenter
1290 4313 1468 4418 expositis
1483 4312 1557 4389 sibi
1573 4309 1752 4388 omnibus
1770 4329 1808 4387 et

383 4445 542 4556 siugulis
560 4445 744 4536 articulis,
764 4443 960 4552 respondit
987 4471 1028 4521 se
1055 4443 1216 4530 nescire,
1237 4471 1307 4518 nec
1332 4443 1504 4523 credere,
1534 4471 1603 4516 nec
1624 4441 1808 4517 audisisse

384 4577 459 4655 dici
479 4577 528 4654 de
547 4575 734 4654 contentis
751 4577 791 4653 in
806 4575 861 4652 eis
880 4575 952 4652 nisi
972 4574 1079 4682 quod
1103 4573 1302 4680 sequitur:
1322 4571 1499 4648 ridelicet
1521 4573 1628 4678 qnod
1649 4571 1731 4678 ipse
1749 4600 1809 4647 re·

383 4725 514 4816 ceptus
538 4707 656 4784 luerat
684 4707 723 4784 in
746 4705 886 4812 capella
910 4705 1048 4786 domus
1071 4702 1221 4810 Templi
1247 4703 1296 4778 de
1320 4703 1506 4780 Pardhaco
1533 4703 1810 4781 Lemosioensis

384 4839 562 4921 diocesis.
588 4867 656 4944 per
679 4835 829 4916 lintrem
857 4838 1087 4915 Franconenr
1113 4835 1161 4912 de
1185 4835 1273 4912 bort
1300 4833 1458 4911 militem
1483 4834 1692 4940 quondam,
1714 4833 1810 4910 circa
