4242 5890
444 547 520 624 am
832 527 1029 622 proces
1055 545 1153 620 nusw
1177 543 1476 622 uouemere.

444 689 540 766 dicta
560 700 638 764 erat
657 685 728 776 ibi,
752 703 789 766 et
802 703 862 766 ter
881 688 1000 794 spuit,
1016 713 1145 764 cerem
1164 703 1306 776 umen,
1323 705 1366 768 ut
1381 687 1489 775 dicit,
1502 702 1686 792 quamam
1706 705 1868 795 potaret,

443 848 491 898 ne
511 834 665 927 spueret
682 847 792 924 supra
819 836 1026 900 crucemet
1044 816 1258 926 ymaginem
1277 818 1474 923 predictas.

497 951 592 1028 Item
610 948 703 1026 dixit
721 949 825 1054 quod
847 947 1031 1054 recipiens
1054 947 1142 1026 lecit
1166 975 1253 1028 cum
1272 949 1425 1056 spoliari
1447 975 1566 1054 usque
1589 947 1637 1026 ad
1661 949 1867 1040 camisiam,

443 1099 483 1158 et
502 1079 693 1158 osculatus
710 1077 783 1158 luit
802 1079 925 1186 ipsum
945 1095 1139 1185 receptum
1158 1079 1197 1160 iu
1213 1081 1290 1158 fine
1306 1079 1415 1187 spine
1430 1079 1551 1167 dorsi,
1575 1079 1614 1155 in
1634 1079 1817 1160 umbilico
1833 1097 1868 1158 et

445 1212 602 1290 demum
622 1210 661 1288 in
679 1237 756 1288 ore.

500 1343 593 1418 Item
614 1341 707 1418 dixit
729 1367 798 1446 per
816 1341 1080 1447 juramentum
1108 1367 1221 1420 suum
1249 1343 1355 1448 quod
1379 1340 1565 1446 recipiens
1583 1339 1780 1448 probibuit
1796 1341 1865 1420 sibi

443 1472 680 1550 consorcium
699 1471 919 1560 mulierum,
939 1471 1152 1577 precipiens
1175 1471 1247 1550 sibi
1267 1473 1372 1579 quod
1392 1474 1423 1550 si
1443 1471 1621 1554 stimulus
1641 1471 1760 1552 cernis
1787 1501 1867 1550 mo-

441 1617 546 1678 verat
565 1629 670 1690 cunr,
692 1601 797 1708 quod
812 1601 885 1678 iret
899 1600 946 1676 ad
960 1600 1091 1678 fratres
1106 1628 1213 1690 suos,
1236 1618 1275 1679 et
1294 1602 1394 1710 ipsos
1407 1601 1583 1682 similiter
1596 1629 1722 1682 secum
1738 1601 1868 1680 admit·

441 1747 540 1810 teret
552 1731 601 1810 ad
618 1731 863 1810 concubitum
884 1731 1072 1810 omnalem
1091 1747 1282 1812 mutuum.

497 1864 595 1942 ltem
610 1862 702 1940 dixit
712 1861 826 1969 quod
844 1860 964 1940 credit
977 1862 1083 1968 quod
1101 1861 1163 1938 alii
1184 1861 1315 1940 fratres
1334 1861 1425 1940 dicti
1446 1862 1591 1942 ordinis
1614 1863 1727 1942 simili
1752 1863 1865 1940 modo

441 1992 686 2098 recipiuntur.
704 1993 902 2100 Nunquam
916 2009 1043 2074 tamen
1058 1991 1147 2080 brit,
1168 2009 1211 2070 ut
1231 1991 1339 2082 dicit,
1360 1991 1401 2074 iu
1418 1992 1639 2098 recepcione
1660 1992 1828 2101 alicujus.

495 2125 590 2200 Item
618 2123 710 2200 dixit
728 2151 796 2228 per
817 2124 1076 2231 juramentum
1110 2149 1221 2200 suum
1247 2122 1352 2228 quod
1374 2122 1427 2212 vi,
1456 2121 1513 2200 vel
1538 2140 1642 2201 metu
1662 2140 1866 2201 tormento

441 2279 526 2328 rum
542 2252 600 2330 val
621 2251 710 2330 alias
729 2281 805 2330 non
825 2253 920 2338 dixit
939 2251 1043 2329 aliud
1061 2281 1176 2359 quam
1196 2254 1409 2344 veritatem,
1432 2281 1502 2331 nec
1525 2254 1564 2330 in
1583 2253 1775 2360 premissis
1796 2254 1865 2330 im·

439 2383 593 2476 miscuit
606 2381 774 2488 aliqrmm
791 2382 1008 2472 salsitatem,
1026 2396 1065 2462 et
1079 2381 1184 2488 quod
1195 2409 1330 2488 puram
1346 2383 1538 2466 veritatem
1554 2383 1647 2464 dixit
1663 2411 1733 2490 pro
1748 2383 1863 2460 salute

441 2542 564 2595 amme
579 2543 659 2594 sue.

497 2775 590 2854 ltem
614 2771 728 2853 irater
742 2771 934 2853 lohannes
955 2772 1005 2850 de
1026 2772 1206 2862 Pruvino‚
1227 2769 1334 2852 etatis
1362 2765 1495 2848 decem
1519 2787 1559 2848 et
1578 2787 1662 2849 octo
1683 2799 1861 2850 aunomm

441 2903 498 2980 vel
518 2904 807 2992 cimmeriorum
825 2901 925 3008 apud
944 2899 1145 2983 Frenaium
1177 2900 1337 2980 diocesis
1358 2899 1571 2991 Treccnsis,
1594 2900 1730 2980 eodem
1751 2901 1863 2982 modo

441 3035 682 3123 constitutus,
700 3035 848 3142 juratm
869 3049 906 3110 et
920 3032 1253 3140 requisitua,.dixit
1271 3060 1340 3139 per
1351 3034 1612 3140 juramentum
1633 3059 1744 3114 suum
1762 3033 1861 3139 quod

438 3166 538 3244 bene
560 3182 646 3248 sunt
666 3166 744 3251 dato
769 3166 857 3250 anni
877 3165 936 3244 vel
955 3165 1052 3244 circa
1070 3165 1186 3272 elapsi
1205 3162 1309 3272 quod
1328 3163 1400 3245 luit
1418 3181 1591 3269 receptus
1612 3163 1652 3242 in
1678 3165 1794 3244 domo
1818 3163 1861 3242 de

439 3296 570 3375 Paioue
593 3296 691 3380 dicte
713 3296 890 3386 diocesis,
918 3325 986 3403 per
1004 3295 1157 3374 fratrom
1180 3294 1426 3402 lladulpbum
1454 3295 1502 3378 de
1524 3293 1675 3374 Gisiaco
1696 3312 1863 3402 recepto·

439 3453 519 3503 rem
545 3425 767 3532 Campania,
796 3426 1033 3533 presentibus
1053 3425 1165 3504 fratre
1191 3423 1390 3532 liudulpho
1417 3424 1597 3530 Turpiui‚
1634 3423 1746 3504 fratre
1775 3425 1859 3504 ttu-

439 3555 634 3640 tholomeo
649 3556 697 3637 dc
713 3557 843 3634 Treeis
863 3574 901 3635 ct
915 3555 1145 3662 quibusdam
1165 3556 1258 3637 aliis.
1289 3559 1384 3638 ltcm
1414 3556 1507 3636 dixit
1525 3583 1594 3661 pcr
1607 3556 1860 3663 juramentum

438 3713 552 3765 suum
567 3687 687 3794 qnod,
706 3715 752 3769 eo
765 3703 933 3792 recepto,
948 3687 1166 3793 juramento
1179 3686 1226 3764 ab
1242 3713 1288 3766 eo
1300 3687 1458 3792 prestito
1472 3684 1519 3762 de
1530 3684 1680 3764 statutis
1694 3701 1734 3762 et
1747 3711 1862 3764 secrc-

438 3815 486 3893 tis
506 3817 650 3904 ordinis
669 3817 928 3906 observandis,
947 3835 985 3896 et
998 3817 1180 3899 mantello
1198 3816 1247 3897 ad
1262 3815 1402 3897 collum
1421 3817 1562 3923 posito,
1584 3814 1768 3922 recipiens
1786 3841 1863 3920 pre-

439 3948 540 4052 cepit
566 3963 605 4026 et
627 3947 719 4034 lacit
736 3975 776 4027 se
801 3945 961 4032 osculari
992 3947 1039 4027 ab
1069 3977 1116 4025 eo
1143 3949 1184 4026 in
1208 3975 1275 4028 ore
1299 3965 1338 4026 et
1367 3948 1407 4026 in
1431 3944 1633 4038 umbilico,
1661 3973 1731 4052 per
1755 3971 1862 4049 supra

439 4091 579 4167 vastem
598 4093 639 4154 at
665 4094 794 4182 postea
819 4077 925 4162 idem
948 4077 1133 4184 recipiens
1156 4075 1244 4156 fecit
1267 4077 1453 4185 apportari
1483 4077 1686 4183 quamdam
1716 4103 1862 4154 crucem

440 4233 529 4284 cum
549 4205 672 4314 effigie
690 4205 857 4287 cnrcilixi
878 4206 1024 4287 domini
1040 4208 1158 4289 Jbesu
1174 4207 1332 4300 Christi,
1349 4223 1388 4288 et
1403 4209 1573 4314 precepit
1590 4206 1662 4286 sibi
1677 4207 1783 4314 quod
1802 4205 1862 4284 ab·

440 4353 594 4443 negaret
612 4365 700 4417 eum
719 4355 789 4428 ter,
811 4353 849 4422 at
871 4355 1025 4445 spumet
1042 4355 1101 4423 tar
1124 4365 1236 4446 supra
1252 4367 1425 4427 ‚crucem
1447 4359 1487 4416 et
1508 4339 1589 4444 ipse
1612 4337 1678 4444 qui
1699 4335 1863 4443 loquitur

440 4467 533 4548 dixit
547 4467 652 4575 quod
667 4467 774 4550 nullo
792 4469 911 4553 modo
930 4468 1090 4560 laomen
1113 4488 1256 4552 attunc
1271 4471 1395 4553 dictus
1413 4468 1528 4551 frater
1542 4467 1764 4573 Radulpbus
1781 4466 1863 4546 lecit

440 4627 529 4684 eum
547 4600 637 4706 poni
652 4600 695 4681 in
716 4629 878 4688 carcere,
897 4601 936 4684 iu
956 4629 1035 4709 quo
1050 4601 1123 4682 suit
1142 4631 1210 4708 par
1229 4619 1315 4685 octo
1336 4602 1418 4682 dies
1438 4600 1641 4706 adponam
1657 4615 1695 4680 ct
1713 4625 1860 4706 aquam,

439 4746 477 4806 et
495 4747 625 4836 postea
638 4731 721 4838 ipse
741 4732 788 4814 de
809 4759 955 4812 carcere
974 4732 1145 4817 clamavit
1164 4733 1268 4841 quod
1287 4749 1474 4840 ponerent
1492 4759 1580 4816 eum
1596 4748 1712 4819 estre,
1735 4729 1860 4834 etipse

437 4858 576 4940 laceret
597 4861 777 4969 quicquid
797 4862 951 4954 vedent,
973 4879 1011 4942 et
1028 4880 1120 4946 tunc
1139 4864 1220 4970 ipse
1239 4880 1423 4947 estractus
1443 4863 1491 4942 de
1509 4887 1654 4943 carcere
1671 4857 1891 4966 abnegavit·
