4208 5886
681 503 878 596 raocts
910 521 1007 594 oss
1038 517 1340 593 rnurtrsns.
1646 521 1719 593 225

300 664 367 770 qui
392 663 474 740 lieri
496 661 688 740 consuevit
713 678 799 769 post
823 661 969 738 obitum
990 659 1155 766 Magistri
1179 660 1302 737 dictus
1321 658 1507 764 Magister,
1536 687 1623 735 cum
1648 675 1723 736 tra·

302 811 463 874 staretur
475 812 605 902 postea
620 794 724 900 quod
735 792 858 870 dictus
868 791 981 869 irater
993 794 1101 897 Hugo
1118 789 1228 868 lieret
1236 819 1395 897 magnus
1412 789 1598 895 Magister,
1616 819 1722 866 man-

303 925 403 1004 davit
431 925 485 1004 eis
511 923 632 1031 quod,
660 953 704 1000 ex
729 951 806 1028 quo
837 922 1002 1000 facerent
1030 950 1179 1026 capam,
1217 922 1258 998 id
1291 938 1346 998 est
1377 921 1501 1024 ipsum
1546 948 1722 1026 magnum

302 1074 580 1162 preceptorem,
601 1054 766 1131 lacerent
780 1053 993 1161 capucium,
1011 1051 1052 1128 id
1066 1067 1122 1128 est
1141 1052 1263 1158 ipsum
1287 1078 1464 1159 magnum
1484 1051 1721 1156 Magistrum,

304 1188 392 1294 quia
406 1184 547 1264 vellent
561 1202 626 1262 aut
641 1182 789 1261 nollent
803 1185 882 1290 ipse
901 1199 999 1260 esset
1014 1182 1201 1288 Magister,
1227 1197 1264 1258 et
1279 1180 1331 1257 sic
1350 1208 1418 1286 per
1438 1181 1721 1284 impressionem

304 1314 421 1394 lactus
446 1315 529 1392 fuit.

359 1447 575 1555 Requisitus
590 1445 619 1522 si
638 1445 690 1522 sic
704 1445 1069 1551 deposuerat'prcce,
1080 1459 1273 1550 precepto,
1284 1444 1440 1529 timore,
1460 1468 1599 1531 amore,
1617 1443 1722 1531 odio,

303 1577 360 1655 vel
379 1575 579 1683 temporali
600 1574 760 1653 comodo
778 1574 908 1652 habito
926 1573 986 1649 vel
1001 1573 1190 1664 habendo,
1212 1571 1409 1678 respondit
1422 1572 1527 1677 quod
1547 1599 1640 1661 non,
1658 1573 1726 1648 sed

304 1737 372 1815 pro
398 1708 549 1784 veritate
574 1705 753 1793 dicenda,
781 1705 840 1781 cui
866 1703 939 1781 fuit
963 1703 1175 1809 injunctum
1202 1702 1309 1808 quod
1335 1729 1412 1778 non
1431 1701 1612 1778 revelaret
1630 1702 1726 1778 hanc

215 1833 220 1848 ”
304 1865 409 1914 suam
422 1835 719 1942 deposicionem,
735 1860 934 1941 quousque
955 1831 1213 1910 attestaciones
1228 1830 1368 1908 luerint
1387 1830 1592 1936 publicate;
1612 1847 1650 1907 et
1669 1833 1728 1907 in·

304 1965 498 2074 telligebat
518 1965 705 2041 Latinum.

362 2095 451 2174 Acta
470 2093 625 2172 fuerunt
643 2093 714 2168 bec
732 2093 841 2169 dietis
863 2092 924 2169 die
942 2109 981 2168 et
994 2091 1093 2178 loco,
1115 2088 1354 2194 presentibus
1372 2090 1550 2198 magistro
1571 2090 1724 2183 Amisio,

306 2253 367 2302 me
397 2223 649 2302 Floriamonte
678 2221 897 2308 Dondedei‚
934 2238 972 2298 et
1001 2219 1082 2296 aliis
1109 2219 1262 2296 notariis
1302 2247 1414 2325 supra
1446 2221 1582 2297 ultimo
1610 2222 1728 2299 nomi·

305 2371 411 2434 natrs.

361 2621 449 2702 Post
464 2619 550 2710 hec,
572 2622 635 2702 die
656 2619 755 2701 Jovis
775 2619 966 2732 sequenti,
986 2652 1062 2730 que
1082 2619 1155 2701 luit
1172 2651 1235 2702 xm
1254 2617 1335 2702 dies
1356 2619 1444 2702 dicti
1463 2617 1602 2703 mensis
1618 2620 1723 2717 maii,

305 2753 376 2830 luit
399 2754 585 2832 adductus
609 2755 657 2832 ad
681 2757 911 2862 presenciam
937 2754 1162 2833 corumdem
1189 2756 1433 2834 dominorum
1454 2758 1727 2835 commissario-

306 2911 407 2974 rum,
434 2885 474 2961 in
498 2886 614 2963 domo
634 2887 802 2991 predicta
827 2886 969 2963 domini
995 2886 1094 2963 Petri
1118 2885 1165 2962 de
1185 2885 1387 2974 Sabaudia,
1405 2885 1517 2962 frater
1532 2886 1657 2964 Guido
1676 2887 1729 2964 las

308 3012 568 3092 Chaussandas
589 3017 767 3109 serviens,
785 3017 1062 3094 Lemovicensis
1082 3015 1257 3107 diocesis,
1276 3017 1381 3093 testis
1394 3044 1503 3123 supra
1509 3017 1673 3122 juratus,
1688 3035 1730 3096 ut

309 3145 516 3250 deponeret
533 3144 677 3223 dictum
699 3173 827 3237 suum,
850 3147 1167 3256 quadragenarius
1186 3147 1244 3223 vel
1263 3146 1375 3235 circa,
1396 3145 1551 3224 barbam
1567 3149 1630 3224 sed
1652 3175 1727 3224 non
1785 3179 1786 3183 ¹

307 3274 531 3351 mantellum
551 3274 753 3364 defferens,
776 3277 862 3382 quia
880 3279 1003 3381 ipsum
1030 3276 1222 3352 dimiserat
1242 3293 1424 3352 vetustate
1449 3295 1726 3381 consumptum,

308 3431 393 3478 cum
414 3431 492 3507 quo
510 3404 735 3508 inquisitum
751 3405 889 3496 luerat,
907 3404 1101 3481 absolutus
1117 3420 1156 3481 et
1170 3404 1430 3498 reconciliatus
1444 3435 1512 3510 per
1529 3405 1728 3482 dominum

308 3532 525 3636 episcopum
550 3533 869 3610 Lemovicensenr.
893 3535 1014 3610 Lectis
1034 3550 1160 3610 autem
1182 3551 1218 3610 et
1239 3533 1439 3640 diligenter
1462 3535 1637 3640 expositis
1657 3535 1728 3611 sibi

308 3661 486 3739 omuibus
504 3677 541 3739 et
559 3663 718 3770 singulis
738 3664 921 3756 articulis,
943 3664 1138 3770 respondit
1155 3664 1261 3769 quod
1279 3663 1429 3740 nullum
1451 3663 1567 3740 alium
1587 3663 1730 3740 viderat

308 3791 346 3864 in
368 3791 501 3868 ordine
521 3792 656 3898 recipi,
679 3821 749 3869 nec
767 3793 987 3870 interfuerat
1006 3791 1179 3896 capitulis
1199 3793 1436 3882 eorumdem,
1460 3795 1561 3871 unde
1584 3795 1729 3870 nescie-

308 3920 389 4013 bat,
410 3950 481 4000 nec
498 3922 693 4009 credebat,
710 3951 781 4000 nec
800 3924 993 4000 audiverat
1013 3922 1086 4000 dici
1107 3923 1155 3999 de
1176 3921 1362 3999 contentis
1380 3923 1420 3999 in
1441 3923 1549 4001 dictis
1564 3923 1729 4000 articulis

308 4051 379 4128 nisi
396 4053 500 4158 quod
521 4053 715 4160 sequitur:
735 4054 827 4130 dixit
846 4055 1005 4131 enimse
1026 4053 1140 4131 luisse
1159 4069 1352 4159 receptum
1374 4055 1412 4146 in
1433 4045 1574 4160 capella
1592 4054 1730 4130 domus

307 4181 456 4288 Templi
471 4183 517 4259 de
531 4182 718 4260 Paulbaco
732 4185 1007 4262 Lemovicensis
1024 4185 1196 4272 diocesis,
1215 4185 1309 4261 circa
1323 4186 1464 4262 instans
1477 4182 1616 4261 festum
1628 4183 1729 4262 beati

306 4313 459 4394 Martini
483 4313 658 4395 hiemalis
683 4333 796 4391 erunt
818 4316 965 4392 circiter
987 4341 1034 4392 xx
1056 4315 1162 4405 anni,
1183 4343 1251 4419 per
1275 4315 1428 4392 fratrem
1449 4314 1661 4393 Gerardum
1681 4318 1729 4396 de

307 4445 466 4522 Sanzeto
487 4443 647 4524 militem
669 4444 879 4552 quondam,
900 4445 1139 4553 presentibus
1157 4444 1334 4522 lratribus
1354 4446 1537 4523 Berrardo
1558 4446 1727 4524 Audierii

308 4593 346 4652 et
369 4576 481 4652 Petro
508 4575 720 4683 R'aynaudi,
748 4576 932 4652 avunculo
955 4575 1074 4681 ipsius
1097 4574 1218 4660 testis,
1241 4575 1488 4654 servientibus
1511 4573 1727 4666 deffunctis3

309 4732 419 4813 aquo
433 4723 644 4811 receptore,
663 4707 869 4784 instructus
881 4735 950 4814 per
960 4704 1068 4794 alios,
1085 4702 1198 4810 peciit
1210 4733 1347 4812 panem
1364 4724 1401 4784 et
1414 4735 1551 4814 aquam
1565 4706 1724 4795 ordinis,

307 4854 345 4915 et
367 4867 456 4914 cum
481 4837 516 4912 ei
540 4839 798 4927 concessisset,
820 4836 908 4915 lecit
926 4865 1014 4914 eum
1032 4863 1164 4914 vovere
1186 4853 1223 4912 et
1238 4837 1366 4944 jurare
1387 4837 1607 4924 castitatem,
1635 4837 1727 4914 olte-

415 4977 521 5036 rnoc'ss
544 4995 596 5036 ors
618 4995 890 5037 reuertens—n,
1529 4995 1567 5059 ²9
