4242 5890
707 511 903 606 enoots
928 533 1024 608 nus
1050 535 1349 616 Tuuetlens.
1664 542 1737 612 aie

315 669 410 746 male
426 669 617 760 credebat,
640 685 676 748 et
694 690 941 778 preceperunt
958 677 1062 782 quod
1080 678 1279 786 abnegaret
1297 679 1510 770 Christum3
1531 678 1635 785 quod
1652 679 1740 756 lecit

314 817 382 890 ter,
406 816 445 876 et
459 818 517 879 ter
536 800 635 906 spuit
653 829 763 906 supra
781 833 945 897 crucem,
965 805 1205 888 demandato
1227 837 1369 888 eorum.

370 932 464 1008 Item
485 930 578 1010 dixit
595 959 663 1036 per
675 932 932 1038 juramentum
954 965 1064 1014 suum
1088 939 1192 1045 quod
1213 939 1418 1046 injunctum
1446 935 1518 1014 suit
1544 935 1613 1012 sibi
1635 938 1740 1044 quod

315 1061 515 1139 abstineret
543 1089 582 1138 se
612 1062 764 1138 omuino
795 1090 816 1140 a
847 1064 1083 1158 mulieribus,
1115 1069 1183 1146 sed
1208 1069 1385 1147 audacter
1409 1067 1665 1146 commisceret
1699 1096 1738 1144 se

315 1221 399 1268 cum
424 1190 598 1270 fratribus
617 1192 710 1283 suis,
738 1207 775 1270 et
802 1191 875 1270 boc
893 1211 1083 1300 pateretur
1101 1197 1148 1274 ab
1178 1198 1258 1276 aliis
1281 1198 1468 1276 iratribus.
1489 1199 1740 1302 Interrogatus

315 1323 362 1400 de
376 1324 519 1412 osculo,
534 1321 626 1400 dixit
634 1351 702 1428 per
705 1324 961 1432 juramentum
976 1355 1085 1405 suum
1100 1331 1203 1435 quod
1216 1329 1402 1408 osculatus
1414 1327 1486 1405 luit
1496 1327 1738 1432 recipientem

313 1453 352 1528 iu
364 1453 545 1530 umbilico
559 1453 646 1530 etin
661 1481 726 1531 ore
740 1454 877 1532 solum.
898 1458 1112 1564 Requisitus
1132 1459 1242 1537 etiam
1263 1478 1389 1538 utrum
1402 1459 1452 1548 vi,
1470 1457 1528 1534 vel
1543 1475 1649 1538 metu
1664 1473 1740 1532 tor·
1876 1499 1879 1508 ·

221 1577 226 1596 '
313 1599 523 1662 mentorum
544 1583 601 1660 vel
619 1585 786 1673 carceris,
805 1602 868 1663 aut
888 1585 1013 1693 aliqua
1032 1587 1102 1664 alia
1121 1617 1240 1677 causa,
1255 1590 1293 1665 in
1309 1585 1548 1695 depositione
1560 1613 1627 1663 sua
1646 1585 1740 1660 dixit

312 1711 523 1802 falsitatem,
551 1713 641 1791 dixit
665 1743 734 1821 per
752 1715 1008 1822 juramentum
1033 1747 1142 1798 suum
1164 1719 1268 1825 quod
1289 1746 1383 1806 nom
1409 1718 1527 1794 immo
1548 1743 1680 1821 puram
1702 1731 1739 1790 et

314 1871 455 1920 meram
476 1843 619 1920 dixerat
635 1844 840 1924 veritatem.

370 2105 462 2180 ltem
490 2102 602 2181 frater
625 2104 811 2183 lohannes
832 2108 949 2185 Ducis
972 2106 1020 2184 de
1043 2109 1269 2184 Taverniaoo
1297 2125 1496 2213 preceptor
1528 2106 1664 2183 domus
1690 2107 1738 2182 de

312 2234 593 2323 luriaco,tetatis
613 2236 881 2342 quinquaginta
895 2263 1077 2314 annorum
1098 2235 1157 2315 vel
1173 2236 1285 2325 circa,
1307 2234 1442 2313 eodem
1463 2234 1579 2312 modo
1594 2235 1739 2340 juratus

314 2364 360 2440 de
371 2391 411 2440 se
426 2381 463 2440 et
478 2364 558 2440 aliis
570 2365 608 2440 in
619 2391 727 2442 causa
739 2363 829 2442 fidei
845 2365 968 2442 dicere
983 2369 1192 2457 veritatem,
1205 2382 1242 2442 et
1253 2363 1557 2470 interrogatusde
1569 2379 1738 2468 tempore

314 2494 473 2570 etmodo
487 2493 718 2600 recepcionis
727 2522 812 2584 sue,
825 2495 917 2572 dixit
928 2523 997 2600 per
1007 2496 1381 2602 jurameutumsuum
1394 2492 1498 2600 quod
1507 2492 1633 2599 viginti
1651 2511 1738 2571 octo

314 2622 398 2698 anni
426 2639 512 2700 sunt
537 2622 648 2729 elapsi
669 2624 773 2728 quod
794 2622 866 2702 fuit
890 2642 1061 2731 receptus
1084 2624 1246 2702 Parisius
1269 2653 1337 2730 per
1360 2622 1565 2729 quemdam
1587 2621 1737 2700 fratrem
1814 2663 1821 2669 ·

312 2769 480 2830 vocatum
506 2751 732 2830 Monachum
755 2752 894 2843 Gaudi‚
921 2771 1178 2860 preceptorem
1203 2771 1301 2831 terre
1328 2752 1583 2841 tdtraxnarinm
1613 2769 1651 2828 et
1676 2752 1738 2829 illa

314 2882 375 2958 die
390 2909 463 2987 qua
481 2881 553 2960 fuit
566 2898 738 2989 receptus
752 2881 903 2961 luerunt
921 2883 1060 2990 recepti
1076 2882 1290 2990 quindecim
1306 2881 1437 2960 iratres
1457 2909 1543 2959 cum
1562 2910 1620 2959 eo.
1638 2881 1739 2959 Dixit

314 3013 428 3088 eciam
437 3040 506 3118 per
512 3013 771 3118 juramentum
781 3041 893 3090 suum
901 3013 1005 3119 quod
1017 3013 1083 3092 ille
1092 3014 1156 3120 qui
1167 3013 1310 3120 recepit
1323 3041 1410 3090 eum
1417 3009 1646 3118 postmultas
1655 3038 1738 3114 pro-

313 3142 510 3220 missiones
518 3141 630 3220 lactas
642 3142 690 3220 de
701 3143 845 3220 statutis
864 3159 902 3220 et
920 3141 1002 3221 eliis
1016 3142 1263 3221 observanciis
1277 3141 1368 3219 dicti
1383 3141 1526 3219 ordinis
1540 3139 1738 3219 observan-

314 3273 387 3362 dis,
405 3271 587 3377 recipiens
596 3270 763 3382 fecitsibi
777 3274 935 3378 aportari
945 3301 1063 3350 unum
1076 3272 1223 3352 missale
1237 3302 1350 3380 super
1358 3300 1435 3380 quo
1445 3271 1582 3378 juravit
1593 3298 1737 3347 servare

314 3401 479 3506 predicta
494 3405 627 3478 statuta
638 3417 675 3478 et
690 3400 961 3492 observancias;
976 3402 1103 3508 posuit
1116 3402 1337 3480 mantellum
1349 3399 1548 3480 adcollum
1558 3427 1685 3492 suum,
1701 3417 1739 3476 et

312 3530 482 3634 peciitab
500 3559 545 3608 eo
560 3549 686 3608 utrum
699 3529 867 3609 crederet
881 3531 919 3607 in
932 3532 1087 3610 lhesum
1102 3532 1310 3624 Christum,
1325 3531 1431 3638 cujus
1441 3531 1564 3636 imago
1581 3543 1658 3605 erat
1672 3527 1737 3604 de-

313 3660 408 3764 picta
429 3659 469 3735 in
485 3660 586 3737 dioto
598 3660 754 3750 missali,
771 3678 810 3738 et
821 3661 900 3766 ipse
914 3661 1108 3768 respoudit
1122 3660 1226 3769 quod
1240 3660 1308 3752 sic,
1324 3677 1360 3737 et
1371 3677 1460 3738 tunc
1473 3657 1561 3736 lecit
1578 3685 1664 3734 eum
1678 3656 1738 3733 ab·

314 3817 449 3900 negare
461 3806 520 3867 ter
527 3791 684 3868 lbesum
699 3790 910 3884 Christum,
926 3808 963 3869 et
977 3819 1110 3898 spuere
1125 3808 1185 3868 ter
1202 3818 1314 3897 super
1328 3817 1489 3866 crucem.
1504 3787 1604 3866 Dicit
1621 3785 1735 3862 eciam

314 3947 381 4025 per
395 3920 653 4026 juramentum
672 3949 780 3998 suum
795 3919 899 4027 quod
914 3919 1016 4022 idem
1035 3920 1217 4028 recipiens
1235 3919 1402 4025 precepit
1419 3916 1523 4024 quod
1536 3915 1737 3993 abstineret

315 4077 354 4124 se
371 4049 522 4127 omnino
543 4077 564 4125 a
581 4049 818 4137 mulieribus,
839 4067 877 4126 et
895 4050 925 4126 si
945 4048 1145 4158 indigeret,
1167 4066 1310 4154 poterat
1328 4075 1368 4124 se
1388 4047 1628 4125 commiscere
1650 4071 1737 4120 cum

314 4175 486 4254 iratribus
501 4179 596 4268 suis,
613 4196 651 4255 et
663 4176 736 4256 hoc
750 4177 855 4254 idem
865 4194 1055 4285 pateretur
1068 4178 1116 4256 de
1131 4177 1214 4255 aliis
1226 4176 1413 4254 fratribus.
1429 4177 1676 4281 Interrogatus
1687 4173 1736 4250 de

315 4308 433 4413 capite
447 4308 494 4382 de
509 4333 585 4414 quo
601 4335 712 4414 supra
725 4306 767 4384 fit
779 4307 943 4398 mencio,
954 4307 1047 4389 dixit
1058 4307 1391 4416 perjuramentum
1405 4333 1515 4384 suum
1528 4305 1632 4411 quod
1644 4303 1737 4380 vidit

314 4436 411 4513 illud
428 4464 490 4512 sex
507 4435 647 4514 vicibus
661 4437 777 4514 inser
788 4435 973 4541 capitulis,
992 4453 1030 4514 et
1042 4435 1217 4514 adoravit.
1234 4436 1449 4543 Requisitus
1463 4464 1531 4542 per
1544 4435 1737 4541 juramen-

314 4583 397 4644 tum
410 4595 520 4644 suum
529 4568 593 4674 qui
606 4567 757 4648 tenebat
765 4565 939 4672 capitula,
955 4567 1046 4645 dixit
1054 4595 1123 4671 per
1131 4566 1387 4674 juramentum
1396 4593 1505 4644 suum
1513 4563 1617 4670 quod
1624 4562 1737 4639 frater

315 4697 359 4776 G.
375 4695 623 4804 deBellojoco
636 4714 726 4774 tuuc
737 4696 922 4802 Magister,
940 4713 979 4774 et
993 4696 1104 4774 irater
1115 4697 1224 4805 Hugo
1242 4694 1290 4773 de
1308 4695 1475 4774 Parando
1493 4694 1733 4801 aliquociens.

316 4825 983 4934 Requisitusperjuramentumsuum
992 4843 1120 4906 utrum
1136 4825 1190 4904 illi
1200 4825 1264 4933 qui
1281 4855 1366 4902 cum
1378 4853 1424 4906 eo
1435 4823 1589 4904 fuerunt
1596 4821 1734 4926 recepti

423 4974 528 5034 rnocls
545 4993 598 5034 nas
613 4991 785 5036 rrurmms.
798 5007 840 5020 -
855 4993 888 5032 u.
1524 4975 1566 5039 do
1581 5007 1587 5022 ·
