4208 5886
384 535 459 612 aas
768 517 967 610 esoces
998 537 1090 612 ons
1122 537 1433 613 rnuemnns.

440 678 658 787 Requisitus
687 679 718 756 si
744 679 796 757 sic
826 680 1053 787 deposuerat
1084 709 1217 786 prece,
1247 697 1446 788 precepto,
1477 681 1634 770 timore,
1666 710 1812 778 amore,

384 812 490 898 odio,
511 809 571 888 vel
593 809 792 916 temporali
819 811 981 888 comodo
1011 810 1141 890 habito
1171 810 1229 890 vel
1260 811 1456 905 habendo,
1487 813 1684 918 respondit
1709 816 1815 922 quod

385 971 479 1032 non,
502 942 570 1020 sed
588 971 657 1050 pro
681 941 834 1020 veritate
863 942 1040 1032 dicenda,
1066 941 1128 1019 cui
1152 941 1226 1021 luit
1245 943 1459 1052 injunctum
1490 943 1597 1050 quod
1622 972 1700 1022 non
1717 973 1814 1023 reve·

148 1151 156 1184 ι,
383 1073 478 1152 laret
501 1073 598 1150 hanc
622 1102 728 1152 suam
750 1071 1048 1180 deposicionem,
1071 1099 1269 1180 quousque
1298 1075 1560 1152 attestaciones
1579 1074 1720 1154 fuerint
1744 1103 1814 1182 pu-

260 1273 264 1284 .
384 1204 533 1282 blicate.

440 1469 569 1548 Frater
586 1469 719 1545 Petrus
746 1469 794 1546 de
814 1468 919 1545 Bono
939 1469 1062 1546 Fonte
1078 1469 1258 1561 serviens,
1285 1469 1607 1548 Claromontensis
1632 1470 1809 1560 diocesis,

385 1600 490 1677 testis
511 1627 625 1706 supra
645 1601 810 1706 juratus,
834 1599 1154 1708 quadragenarius
1174 1600 1232 1677 vel
1253 1600 1365 1692 circa,
1387 1601 1454 1707 qui
1474 1600 1684 1680 voluntarie
1705 1629 1810 1678 man-

382 1729 519 1808 tellum
539 1729 734 1808 dimiserat
756 1745 794 1805 et
812 1727 892 1806 radi
918 1728 1056 1807 lecerat
1084 1729 1154 1807 sibi
1174 1730 1349 1819 barbam,
1367 1760 1458 1818 eum
1487 1759 1565 1838 quo
1585 1731 1808 1839 inquisitum

385 1857 527 1952 brerat,
549 1858 744 1938 absolutus
763 1875 800 1936 et
826 1859 1089 1938 reconciliatus
1118 1887 1186 1966 per
1213 1861 1414 1940 dominum
1445 1862 1661 1968 episcopum
1686 1861 1810 1940 Claro

383 2007 639 2079 montensem,
661 1989 767 2067 lectis
791 2007 828 2068 et
859 1989 1061 2098 diligenter
1088 1991 1263 2097 expositis
1290 1991 1363 2070 sibi
1383 1992 1563 2070 omnibus
1590 2010 1628 2069 et
1654 1992 1811 2099 singulis

383 2121 564 2209 articulis,
585 2121 782 2227 rospondit
800 2149 839 2198 se
863 2121 1028 2213 nescire,
1049 2149 1120 2198 nec
1151 2123 1327 2216 credere,
1354 2150 1424 2201 nec
1441 2123 1639 2201 *audivisse
1665 2123 1738 2200 dici
1762 2123 1810 2200 de

386 2229 571 2331 contentis
590 2251 629 2327 in
655 2252 709 2328 eis
735 2251 806 2328 nisi
833 2252 939 2358 quod
960 2252 1152 2358 sequitur,
1174 2253 1262 2359 quia
1293 2281 1370 2330 non
1391 2252 1614 2330 interfuerat
1637 2253 1811 2360 capitulis

384 2410 535 2474 eorum,
555 2410 625 2460 nec
643 2381 810 2488 aliquem
829 2381 946 2458 alium
963 2381 1106 2459 viderat
1124 2384 1239 2490 recipi
1255 2383 1295 2460 in
1314 2383 1465 2473 ordine,
1483 2411 1553 2462 nec
1572 2383 1694 2461 luerat
1713 2383 1810 2462 ultra

382 2541 496 2592 mare.
519 2512 622 2591 Dixit
649 2529 775 2589 autem
808 2541 847 2590 se
873 2511 986 2590 brisce
1020 2531 1214 2618 receptum
1239 2515 1279 2590 in
1306 2513 1470 2620 quadam
1494 2541 1640 2592 camera
1672 2515 1811 2592 domus

380 2642 531 2749 Templi
559 2643 607 2720 de
636 2642 802 2720 Marchia
827 2641 1147 2721 elaromontensis
1174 2644 1352 2734 diocesis,
1376 2671 1447 2750 per
1471 2645 1624 2722 fratrem
1652 2645 1812 2723 Ymber-

381 2792 464 2851 tum
491 2774 646 2852 Blanehi
681 2774 858 2864 militem,
874 2773 1085 2854 ,detentum
1117 2775 1156 2852 in
1187 2773 1335 2882 buglis,
1370 2775 1465 2851 eirca
1495 2776 1637 2854 instans
1669 2775 1809 2854 festum

383 2904 566 2984 Omnium
587 2905 812 2982 Sanctorum
834 2921 946 2980 erunt
967 2931 1017 2984 vu
1040 2905 1144 2991 anni,
1167 2904 1405 3011 presentibus
1426 2905 1605 2983 fratribus
1624 2905 1809 2984 Michaele

272 3061 277 3068 ·
383 3035 432 3113 de
452 3035 590 3124 Podio,
615 3051 710 3112 teste
738 3062 850 3139 supra
870 3035 998 3142 jurato
1025 3035 1092 3110 sed
1115 3035 1286 3112 nondum
1308 3035 1534 3127 examinato,
1553 3035 1726 3113 lobanne
1741 3037 1811 3112 Ro
1843 3051 1851 3070 ’

381 3166 480 3244 berti
507 3165 717 3272 presbitero
736 3166 782 3242 de
809 3165 1003 3253 Arvernia,
1032 3165 1206 3252 detento,
1226 3182 1270 3243 ut
1296 3166 1431 3256 credit,
1459 3165 1562 3270 apud
1580 3167 1808 3243 Exodunum

382 3296 623 3374 Bituricensis
652 3296 825 3384 diocesis,
856 3295 1038 3373 Durando
1071 3294 1118 3371 de
1145 3295 1280 3386 Lastic,
1308 3295 1463 3372 detento
1489 3295 1590 3400 apud
1618 3295 1808 3372 Riomum.

383 3428 508 3536 Aquo
527 3443 722 3532 receptore
743 3427 871 3532 petitis
888 3453 983 3531 pane
1003 3441 1041 3502 et
1063 3453 1157 3531 aqua
1175 3453 1216 3502 ac
1236 3425 1412 3504 societate
1431 3425 1577 3502 ordinis
1606 3442 1644 3502 et
1667 3425 1702 3501 ei
1728 3452 1812 3502 con·

381 3560 509 3646 cessis,
530 3557 619 3636 lecit
643 3586 730 3635 eum
756 3585 889 3634 vovere
920 3575 958 3634 et
971 3557 1100 3663 jurare
1128 3557 1351 3646 castitatem,
1382 3555 1662 3644 obedienciam,
1688 3555 1810 3632 vivere

381 3691 462 3770 sine
486 3690 658 3798 proprio,
681 3717 826 3768 servare
849 3687 971 3766 bonos
997 3715 1088 3765 usus
1115 3704 1152 3765 et
1170 3687 1290 3765 bonas
1314 3687 1698 3794 consuetudinesque
1716 3703 1810 3764 tunc

381 3840 489 3900 erant
515 3821 553 3898 in
582 3820 716 3899 ordine
746 3836 784 3896 et
814 3847 889 3926 que
920 3819 1179 3924 inposterum
1215 3817 1504 3922 imponerentur
1531 3845 1618 3896 cum
1651 3816 1809 3894 consilio

381 3953 676 4060 presbiterorum
698 3950 859 4038 ordinis,
881 3967 918 4026 et
938 3977 1015 4025 non
1033 3948 1195 4027 revelare
1214 3966 1355 4027 secreta
1375 3949 1640 4057 capituliorum
1660 3965 1699 4026 et
1715 3947 1811 4026 ordi·

382 4085 457 4176 nis,
485 4083 557 4162 sub
580 4111 677 4189 pena
704 4079 890 4187 perdendi
912 4078 1084 4156 habitum
1118 4097 1156 4156 ot
1175 4079 1498 4171 incarceracionis,
1527 4079 1573 4156 de
1606 4079 1723 4156 modo
1752 4107 1811 4156 re-

381 4212 570 4320 cepcionis
597 4241 665 4291 sue
692 4239 770 4288 non
795 4210 995 4288 revelando
1016 4209 1166 4317 speciali
1182 4209 1311 4288 habita
1335 4209 1551 4298 mencione;
1573 4226 1611 4287 et
1628 4209 1808 4315 imposito

382 4345 416 4420 ei
438 4342 635 4431 mantello,
657 4359 830 4449 receptor
856 4340 928 4420 fuit
948 4369 1036 4418 eum
1065 4341 1255 4419 osculatus
1272 4339 1311 4416 in
1331 4369 1414 4430 ore,
1442 4354 1480 4418 et
1503 4338 1749 4445 postmodum
1771 4339 1809 4416 in

380 4491 533 4580 pectore
553 4501 666 4579 super
692 4489 828 4560 vestes,
855 4487 893 4548 et
920 4471 1009 4549 dicti
1031 4469 1162 4548 tratres
1190 4469 1393 4550 Durandus
1427 4486 1464 4547 et
1496 4466 1656 4545 Michael
1690 4485 1729 4544 et
1754 4470 1812 4546 lo

381 4607 526 4684 bannes
551 4604 737 4713 presbiter
763 4602 917 4680 luerunt
937 4631 1025 4680 eum
1053 4601 1208 4680 osculati
1241 4603 1279 4678 in
1314 4629 1391 4680 ore.
1417 4602 1600 4706 Postque
1628 4599 1733 4676 idem
1751 4627 1809 4675 re·

376 4755 512 4844 ¹ceptor
530 4736 623 4814 dixit
642 4735 677 4811 ei
703 4734 742 4810 in
761 4733 953 4841 presencia
972 4733 1134 4811 aliorum
1162 4733 1268 4840 quod
1287 4731 1489 4838 oportebat
1513 4757 1602 4808 eum
1622 4730 1808 4838 abnegare

379 4869 524 4958 Deum,
546 4867 595 4944 de
625 4893 702 4972 quo
725 4863 803 4971 ipso
835 4863 939 4941 testis
970 4861 1043 4940 luit
1066 4863 1241 4940 turbatus
1270 4881 1308 4940 ct
1337 4859 1583 4969 stupefactum
1615 4858 1809 4966 abnegavit
