4320 5898
620 469 635 498 ⁴
755 477 949 575 rnocts
974 498 1070 572 ons
1097 497 1396 589 renarrans
1742 501 1785 572 sr

359 637 457 716 festo
466 636 578 716 beate
589 637 706 718 Marie
718 638 766 718 de
779 639 994 750 Septembri
1007 641 1181 749 proximo
1188 640 1370 748 preterito
1382 636 1538 718 fuerunt
1547 667 1684 719 norem
1701 642 1789 718 anni

223 861 239 894 a,
359 769 420 852 vel
436 769 546 864 circa,
557 799 625 878 per
639 771 885 880 Radulphnm
903 774 951 853 de
964 773 1058 868 Gisi,
1074 787 1211 852 testem
1226 800 1337 880 supra
1346 771 1618 864 examinatum,
1634 799 1789 878 presen-

358 901 462 980 tibus
479 899 657 982 lratribus
670 903 840 984 Johanne
859 905 895 984 le
911 906 1062 986 Mambe
1082 921 1119 984 et
1137 904 1309 984 Johanue
1328 904 1504 1016 Bergerio
1524 902 1787 994 servientibus,

360 1031 407 1110 dc
422 1060 586 1141 quorum
595 1035 669 1114 vita
686 1036 746 1114 vel
759 1055 882 1118 morte
898 1037 1108 1118 nonhabet
1123 1037 1404 1130 certitudinem,
1419 1053 1457 1115 et
1468 1035 1697 1145 quibusdam
1709 1033 1790 1113 aliis

360 1163 559 1272 dequibus
570 1195 649 1247 non
658 1169 890 1262 recordatur,
907 1172 947 1250 in
963 1171 1066 1250 hunc
1079 1169 1241 1249 modum
1256 1202 1265 1248 r
1281 1199 1371 1250 nam
1386 1197 1474 1248 cum
1486 1168 1656 1277 petiisset
1667 1183 1727 1245 ter
1738 1167 1793 1243 in·

357 1296 541 1404 terpolate
556 1329 695 1407 panem
713 1319 752 1380 et
764 1331 918 1410 aquam,
934 1331 1141 1412 pauperem
1155 1303 1332 1381 vestitum
1347 1318 1385 1382 et
1396 1300 1615 1381 societatem
1631 1297 1789 1378 fratrum

358 1428 514 1520 ordinis,
536 1432 693 1537 prestito
718 1432 765 1510 ab
786 1461 832 1514 eo
852 1463 921 1542 per
934 1435 1194 1545 juramentum
1210 1435 1315 1543 quod
1337 1461 1416 1512 non
1437 1449 1516 1512 erat
1539 1430 1682 1510 servilis
1706 1459 1791 1510 con-

359 1557 519 1640 dicionis
534 1592 605 1642 nec
619 1567 968 1647 excommunicatus
981 1597 1052 1647 nec
1061 1566 1305 1646 matrimonio
1318 1565 1379 1646 vel
1392 1563 1566 1674 religioni
1577 1562 1685 1650 alteri
1697 1562 1790 1641 obli·

356 1707 485 1798 gatus,
508 1710 547 1772 et
565 1696 670 1801 quod
691 1726 771 1777 non
790 1697 958 1778 habebat
975 1698 1238 1778 infirmitatem
1255 1697 1458 1786 latentem,
1476 1696 1599 1774 dictus
1616 1711 1790 1802 receptor

355 1820 683 1906 feciteumvovere
695 1805 734 1907 et
738 1828 868 1936 jurare
880 1858 993 1937 snpra
1005 1829 1212 1939 quemdam
1225 1828 1368 1908 librum
1377 1827 1598 1918 castitatem,
1614 1825 1791 1904 obedien-

361 1955 475 2046 ciam,
494 1956 616 2037 vivere
636 1959 717 2038 sine
736 1961 910 2068 proprie,
929 1979 968 2040 et
986 1961 1091 2068 quod
1113 1989 1193 2040 non
1218 1977 1316 2041 esset
1333 1961 1373 2040 in
1390 1959 1477 2039 loco
1498 1960 1537 2038 in
1558 1987 1634 2068 quo
1655 1957 1790 2067 aliquis

305 2201 311 2208 ἰ
355 2086 483 2166 studio
511 2117 582 2168 sno
610 2089 905 2170 exbederaretur
933 2093 1091 2201 injuste;
1121 2121 1199 2200 quo
1227 2091 1340 2182 facto,
1374 2091 1558 2200 imposuit
1583 2090 1655 2168 sibi
1683 2119 1790 2169 man·

354 2218 509 2310 tellum,
532 2237 572 2299 et
586 2221 666 2328 ipse
684 2237 723 2300 et
740 2239 903 2302 astantes
924 2221 1085 2302 osculati
1105 2221 1261 2305 fuerunt
1280 2247 1370 2300 eum
1390 2221 1431 2298 in
1446 2247 1528 2299 ore,
1539 2222 1788 2300 Postmodum

356 2351 532 2432 instruxit
544 2380 634 2432 eum
647 2371 743 2461 quot
753 2354 869 2434 Pater
886 2367 1004 2433 noster
1021 2352 1165 2432 diceret
1177 2381 1248 2460 pro
1264 2351 1370 2432 horis
1383 2351 1479 2441 suis,
1498 2367 1537 2430 et
1550 2350 1713 2460 qualiter
1728 2379 1788 2429 re·

354 2500 461 2590 geret
481 2511 521 2562 se
541 2483 581 2561 in
601 2485 748 2564 ordine.
776 2484 926 2572 Deinde
952 2485 1117 2566 ostendit
1136 2484 1208 2562 sibi
1228 2482 1434 2591 quamdam
1454 2509 1605 2561 crucem
1623 2481 1787 2591 ligneam

354 2613 395 2690 in
414 2643 488 2722 qua
510 2631 590 2694 erat
605 2645 741 2726 ymago
761 2614 957 2710 Crucifixi,
979 2616 1151 2725 etpeciit
1169 2615 1216 2696 ab
1239 2643 1305 2706 eo,
1331 2614 1416 2694 aliis
1434 2613 1652 2693 videntibus
1671 2631 1709 2692 et
1723 2642 1789 2693 au-

357 2742 565 2840 dientibus,
586 2747 616 2826 si
643 2748 821 2827 credebat
842 2748 948 2856 quod
976 2747 1072 2826 dicta
1091 2775 1230 2858 ymago,
1252 2745 1430 2826 Crucifixi
1453 2763 1550 2826 esset
1567 2747 1688 2836 Deus;
1708 2775 1786 2855 qno

356 2877 610 2983 respondente
628 2878 733 2987 quod
746 2887 842 2970 non,
861 2881 929 2958 sed
943 2879 1049 2989 quod
1066 2896 1146 2957 erat
1162 2877 1438 2986 representacio
1452 2877 1525 2957 Dei
1540 2893 1578 2956 et
1593 2877 1784 2968 Crucifixi,

356 3007 449 3086 dixit
464 3007 499 3086 ei
520 3009 624 3117 qnod
645 3037 724 3090 non
747 3011 919 3090 crederet
939 3012 979 3090 in
1002 2989 1115 3090 illuni
1135 3009 1202 3120 qui
1221 3008 1550 3118 representabatur
1564 3037 1633 3117 per
1648 3008 1785 3088 dictam

354 3140 585 3248 ymaginem,
603 3142 782 3248 quianon
795 3139 918 3222 fuerat
933 3144 1049 3237 Deus,
1068 3142 1136 3249 sed
1150 3140 1478 3250 salsuspropheta,
1499 3159 1538 3220 et
1550 3140 1657 3248 qnod
1670 3139 1787 3218 abne-

355 3289 459 3379 garet
476 3272 621 3381 ipsum;
648 3292 686 3352 et
702 3303 787 3354 cum
809 3276 890 3382 ipse
905 3275 1012 3354 testis
1031 3273 1290 3383 respondisset
1313 3274 1419 3382 quod
1444 3273 1519 3353 boc
1537 3273 1647 3352 nullo
1669 3271 1785 3351 modo

354 3403 508 3496 faceret,
531 3404 625 3482 dixit
639 3405 673 3482 ei
693 3405 797 3513 quod
815 3407 889 3486 hoc
904 3405 1105 3515 oportebat
1120 3435 1209 3484 eum
1222 3407 1361 3495 facere,
1375 3405 1465 3514 quia
1480 3421 1560 3484 erat
1574 3405 1622 3482 de
1637 3405 1787 3512 punctis

355 3535 564 3646 religionis,
586 3553 625 3614 et
647 3553 739 3614 tunc
757 3535 837 3644 ipse
857 3507 979 3628 tedis,
1004 3539 1146 3622 timens
1167 3537 1256 3631 sibi,
1278 3554 1323 3615 ut
1339 3536 1452 3627 dixit,
1478 3537 1569 3646 quia
1595 3551 1675 3614 erat
1691 3535 1786 3613 circa
1876 3623 1879 3628 ,

355 3695 544 3760 auroram,
571 3697 619 3746 ne
649 3667 817 3746 deterius
841 3669 876 3748 ei
896 3669 1150 3778 contingeret,
1177 3668 1270 3746 dixit
1288 3669 1395 3776 quod
1421 3665 1629 3776 abnegabat
1647 3665 1784 3742 dictam

355 3799 578 3910 imaginem,
595 3827 673 3878 non
688 3785 823 3908 gerens
837 3801 1037 3904 inanimo,
1053 3817 1099 3879 ut
1111 3799 1221 3887 dixit,
1234 3800 1339 3908 quod
1359 3798 1563 3908 abnegaret
1576 3799 1703 3878 Deum
1716 3823 1786 3874 nec

354 3932 512 4011 Jhesum
547 3931 745 4014 Christum
776 3933 842 4041 qui
873 3932 1205 4041 representabatur
1236 3957 1305 4039 per
1331 3929 1469 4008 dictam
1496 3929 1718 4039 imaginem,
1748 3945 1786 4006 et

356 4062 494 4142 dictam
515 4062 809 4174 abnegationem
829 4061 1004 4171 imaginis
1021 4061 1112 4140 lecit
1135 4090 1200 4140 ore
1223 4089 1301 4139 non
1322 4061 1454 4153 corde,
1471 4079 1514 4140 ut
1531 4062 1636 4139 dixit.
1654 4062 1785 4140 Postea

353 4194 523 4304 precepit
542 4195 576 4274 ei
596 4195 702 4304 quod
721 4210 875 4303 spueret
889 4223 1001 4303 supra
1021 4221 1171 4272 crucem
1190 4193 1331 4301 pictam
1348 4193 1388 4272 in
1403 4193 1577 4302 ejusdem
1592 4193 1712 4271 crucis
1726 4191 1785 4270 vel

355 4327 426 4408 Dei
447 4326 686 4434 despectum,
708 4326 776 4405 sed
794 4354 873 4406 non
893 4325 1032 4406 recolit
1045 4325 1146 4404 bene
1167 4325 1197 4403 si
1226 4309 1321 4403 dixit
1333 4325 1372 4402 in
1392 4326 1612 4432 despectum
1632 4324 1703 4402 Dei
1727 4323 1785 4402 vel

223 4467 227 4474 '
356 4457 493 4548 crucis,
516 4475 555 4537 et
570 4475 664 4538 tunc
682 4457 762 4566 ipse
775 4457 882 4538 testis
896 4457 1000 4566 spuit
1016 4485 1097 4566 non
1115 4485 1227 4564 supra
1246 4458 1316 4536 sed
1329 4457 1434 4566 juxta
1453 4456 1591 4535 dictam
1610 4483 1784 4548 crucem,
1887 4453 1890 4460 ’

356 4589 446 4703 quia
466 4588 560 4670 dixit
579 4591 615 4669 ei
632 4589 739 4699 qnod
758 4589 832 4669 boc
855 4588 998 4674 eratde
1015 4589 1164 4698 punctis
1184 4586 1345 4682 ordinis,
1367 4588 1415 4667 de
1435 4586 1517 4667 aliis
1536 4585 1679 4665 illicitis
1697 4613 1787 4665 con-

356 4723 473 4804 tentis
491 4723 532 4802 in
546 4723 714 4803 articulis
728 4751 807 4802 non
826 4722 901 4803 luit
918 4722 1232 4817 locutuseidem,
1253 4719 1323 4802 sed
1338 4720 1432 4799 dixit
1451 4722 1486 4800 ai
1508 4721 1613 4831 quod
1632 4720 1694 4799 alii
1714 4719 1788 4796 sra-

357 4870 434 4936 tres
461 4855 604 4936 ordinis
635 4855 867 4937 instruerent
893 4884 982 4935 eum
1014 4856 1061 4936 de
1086 4854 1184 4942 aliis.
1218 4854 1308 4964 quia
1332 4853 1413 4962 ipse
1441 4870 1522 4934 erat
1547 4852 1787 4962 profecturus
