4242 5890
733 555 929 650 esoces
955 564 1051 646 uns
1077 569 1378 650 rnnvtrnns.
1694 582 1768 653 sos

338 747 427 798 suos
443 733 482 796 et
504 717 750 797 commiscere
770 743 810 794 se
832 745 918 799 cum
934 715 1124 823 eis‚-quod
1146 743 1222 796 non
1238 733 1416 823 negarent
1435 715 1506 794 sibi
1523 717 1681 806 fectum,
1705 722 1771 798 sed

339 877 533 958 nunqnam
553 847 658 938 fecit,
679 865 723 928 nt
745 847 849 925 dixit.
871 895 875 902 ·

396 984 490 1062 Item
511 981 603 1059 dixit
623 1007 691 1086 per
705 979 965 1088 juramentum
983 1009 1094 1060 suum
1115 979 1222 1087 qnod
1243 979 1417 1058 dixerunt
1435 979 1506 1058 sibi
1526 980 1626 1060 inter
1649 999 1770 1062 cetera

340 1112 446 1219 qnod
461 1141 580 1191 unum
598 1127 677 1190 erat
692 1112 740 1188 de
761 1111 909 1192 statutis
924 1111 1070 1192 ordinis
1089 1113 1275 1219 ipsonun,
1289 1110 1397 1217 qnod
1415 1113 1445 1188 si
1465 1111 1601 1217 aliquis
1616 1111 1771 1192 fratrum

340 1243 458 1351 ipsius
478 1241 622 1320 ordinis
641 1241 821 1320 revelaret
840 1240 947 1318 alteri
963 1241 1117 1349 aliquod
1133 1242 1180 1319 de
1195 1241 1357 1348 peccatis
1376 1241 1433 1319 vel
1455 1241 1600 1322 delictis
1615 1244 1772 1351 alicujus

339 1373 460 1455 fratris
474 1375 532 1452 sni
548 1373 620 1452 sibi
640 1371 904 1456 revelatumeb
915 1401 981 1464 eo,
996 1390 1343 1482 quantumcumque
1359 1401 1466 1479 grave
1484 1393 1596 1465 esset,
1613 1377 1692 1482 ipse
1705 1379 1770 1484 qui

343 1505 535 1612 detegeret
549 1521 743 1612 peccatum
754 1533 823 1585 seu
832 1503 1011 1584 delictum
1025 1501 1244 1612 hujusmodi
1260 1503 1332 1581 sibi
1349 1504 1554 1584 revelatum
1570 1509 1771 1586 sustineret

342 1654 379 1716 et
403 1636 560 1716 baberet
578 1663 713 1742 penam
732 1664 846 1741 pram
867 1634 1090 1742 delinquens
1111 1634 1269 1716 deberet
1287 1663 1355 1741 pro
1376 1635 1477 1716 dicto
1503 1637 1641 1714 delicto
1661 1641 1772 1717 susti·-

341 1795 442 1846 nere.

397 1900 490 1977 Item
512 1898 604 1976 dixit
622 1927 691 2004 per
703 1898 961 2005 juramentum
978 1925 1114 1986 suum,
1133 1896 1257 1978 adhuc
1277 1927 1298 1974 a
1319 1897 1420 1976 dicto
1438 1897 1592 1976 domino
1613 1903 1773 2008 inquisi-

340 2047 421 2108 tore
443 2029 643 2137 repetitum
664 2045 703 2108 et
722 2028 920 2133 prestitum
946 2027 993 2106 ab
1017 2028 1153 2108 eodem
1178 2027 1290 2108 fratre
1313 2027 1538 2118 Guiffcfmo,
1560 2033 1665 2137 quod
1692 2034 1771 2138 ipse

339 2161 392 2250 vi,
414 2160 473 2238 vef
494 2177 599 2238 metu
618 2159 774 2238 carceris
793 2176 856 2236 aut
879 2159 1074 2246 tormenti,
1095 2187 1173 2238 non
1195 2159 1287 2238 dixit
1305 2159 1411 2237 afiud
1427 2189 1541 2265 quam
1561 2164 1769 2255 veritatem,

342 2321 410 2369 nec
421 2292 612 2399 premissis
627 2291 830 2371 immiscuit
841 2290 1007 2398 aliquam
1019 2288 1231 2378 falsitatem,
1249 2291 1316 2370 sed
1329 2320 1462 2395 puram
1472 2293 1662 2370 veritatem
1679 2295 1773 2374 dixit

343 2451 410 2529 pro
431 2422 549 2503 salute
569 2423 692 2502 anime
712 2450 791 2500 sue.

391 2553 530 2632 actum
552 2554 654 2644 foco,
677 2581 794 2642 anno,
823 2552 1029 2642 indicione,
1057 2550 1293 2658 pontificatu,
1316 2581 1415 2632 anno
1437 2570 1475 2630 et
1494 2555 1555 2632 die
1576 2556 1769 2662 predictis,

340 2683 579 2790 presentibus
599 2684 759 2767 testibus
777 2683 951 2789 proximo
971 2681 1223 2790 infrascriptis.
1313 2759 1316 2766 .

397 2947 489 3024 Item
511 2945 623 3024 frater
642 2945 889 3052 Hymbaudus
909 2947 957 3023 de
980 2944 1229 3052 Laboyssade,
1253 2947 1358 3046 etatis
1378 2947 1504 3056 viginti
1526 2950 1689 3027 duorum
1708 2981 1771 3030 an-

341 3104 478 3154 norum
506 3076 564 3154 vel
585 3075 697 3164 circa,
725 3073 878 3152 indicti
905 3069 1316 3182 domini'inquisitoris,
1343 3095 1513 3154 nostrum
1539 3083 1771 3160 notariorum
1876 3137 1878 3147 ·

340 3207 581 3314 publicorum
609 3225 647 3286 et
673 3207 828 3286 testium
854 3205 1176 3314 infrascriptarum
1201 3209 1394 3314 presencia
1420 3211 1664 3314 personaliter
1684 3243 1772 3290 con-

342 3343 511 3429 stitutus,
525 3321 672 3447 juratus
686 3336 860 3421 similiter
872 3355 910 3417 et
922 3338 1128 3444 requisitus
1137 3367 1205 3445 per
1214 3340 1472 3446 juramentum
1487 3369 1601 3420 suum
1617 3345 1664 3421 de
1680 3363 1773 3422 tem-

341 3497 433 3576 pore
455 3487 493 3552 et
517 3467 634 3551 modo
648 3467 881 3576 reccpcionis
900 3496 986 3558 sue,
1014 3497 1057 3546 ac
1077 3468 1124 3547 de
1145 3498 1184 3547 se
1201 3487 1240 3548 et
1262 3469 1346 3550 aliis
1365 3471 1536 3578 ejusdem
1564 3475 1709 3552 ordinis
1734 3478 1773 3553 in

342 3629 448 3680 causa
466 3599 557 3680 fidei
578 3600 703 3680 dicere
722 3600 931 3693 veritatem,
961 3598 1052 3678 dixit
1078 3629 1146 3710 per
1164 3603 1424 3708 juramentum
1452 3631 1563 3682 suum
1589 3608 1694 3711 quod
1713 3637 1772 3682 re-

342 3749 472 3836 ceptus
496 3731 568 3813 fuit
590 3749 667 3812 tres
690 3731 779 3816 anni
806 3748 892 3810 sunt
918 3729 1030 3838 elapsi
1054 3731 1111 3808 vef
1145 3731 1258 3821 circa,
1290 3732 1329 3808 in
1360 3731 1475 3810 domo
1500 3735 1548 3811 dc
1573 3736 1773 3844 Bbandays

342 3863 618 3944 Lemovicensis
632 3863 808 3951 diocesis,
832 3887 900 3967 per
920 3859 1071 3944 fratrem
1094 3861 1345 3970 Hymbertum
1365 3863 1412 3942 de
1436 3865 1622 3944 Comborz
1648 3897 1774 3974 prece-

343 4009 488 4097 ptorem
510 3995 557 4072 de
572 3992 727 4083 Poillec,
752 3991 991 4099 presentibus
1007 3992 1182 4074 fratribus
1204 3991 1408 4074 Guilfcfmo
1433 3995 1624 4074 Galcbrun
1650 4027 1773 4105 prece-

343 4142 448 4230 ptore
476 4153 575 4202 nunc
600 4125 648 4204 de
668 4124 842 4212 viveriis,
867 4121 1070 4204 Guiflefmo
1094 4124 1142 4203 de
1163 4123 1284 4204 Podio
1299 4125 1430 4206 Vivant
1460 4127 1572 4204 fratre
1591 4132 1774 4208 serviente

344 4253 430 4331 dicti
444 4252 605 4342 ordinis,
623 4270 661 4330 et
675 4251 903 4361 qmbusdam
919 4252 1010 4330 aliis.
1026 4253 1074 4332 Et
1085 4252 1178 4332 dixit
1192 4281 1260 4358 per
1268 4255 1648 4361 juramentumsnuin
1655 4265 1771 4367 quod,

344 4412 388 4461 co
412 4399 582 4488 recepto,
612 4381 789 4460 mantello
811 4381 880 4459 sibi
901 4383 1056 4471 tradito,
1080 4401 1118 4459 et
1131 4385 1346 4488 juramento
1364 4385 1409 4462 ab
1432 4416 1476 4464 eo
1492 4393 1648 4495 prestito
1674 4395 1773 4471 inter

343 4530 462 4592 cetere
480 4513 527 4590 de
542 4514 689 4594 statutis
710 4529 748 4592 et
767 4511 919 4593 secretis
939 4513 1085 4598 ordinis
1098 4513 1352 4604 observandis,
1370 4545 1411 4593 ac
1422 4535 1567 4602 ostensa
1579 4523 1650 4600 sibi
1663 4553 1771 4601 cruce

344 4643 489 4751 depicta
504 4668 590 4721 curn
607 4643 729 4751 effigie
749 4641 866 4724 fhesn
883 4641 1021 4730 Christi
1042 4643 1083 4720 in
1101 4643 1267 4750 quodam
1281 4645 1396 4745 libro,
1416 4651 1600 4755 recipiens
1615 4658 1774 4760 quesivit

342 4773 388 4852 ab
404 4803 450 4854 eo
470 4775 578 4882 cujus
593 4773 770 4855 credebat
791 4773 895 4880 quod
917 4791 1015 4854 esset
1034 4773 1097 4850 illa
1117 4802 1262 4882 ymago.
1284 4777 1331 4853 Et
1350 4777 1430 4883 ipse
1450 4784 1644 4886 respondit
1668 4789 1774 4891 quod

342 4907 496 4986 Domini
516 4905 632 4986 Jhesu
644 4905 794 4984 Christi.
810 4907 855 4986 Et
873 4922 963 4986 tunc
977 4905 1161 5012 recipiens
1178 4905 1270 4984 dixit
1289 4907 1323 4984 ei
1337 4911 1439 5013 qnod
1457 4915 1655 5016 oportebat
1668 4920 1773 5022 quod
