<?xml version="1.0" encoding="UTF-8"?>
<!DOCTYPE html PUBLIC "-//W3C//DTD XHTML 1.0 Transitional//EN"
    "http://www.w3.org/TR/xhtml1/DTD/xhtml1-transitional.dtd">
<html xmlns="http://www.w3.org/1999/xhtml" xml:lang="en" lang="en">
 <head>
  <title>
</title>
<meta http-equiv="Content-Type" content="text/html;charset=utf-8" />
  <meta name='ocr-system' content='tesseract 3.04.00' />
  <meta name='ocr-capabilities' content='ocr_page ocr_carea ocr_par ocr_line ocrx_word'/>
</head>
<body>
  <div class='ocr_page' id='page_1' title='image "./procsdestemplie03defegoog/procsdestemplie03defegoog_0400.png"; bbox 0 0 4210 5882; ppageno 0'>
   <div class='ocr_carea' id='block_1_1' title="bbox 388 536 1422 632">
    <p class='ocr_par' dir='ltr' id='par_1_1' title="bbox 388 536 1422 632">
     <span class='ocr_line' id='line_1_1' title="bbox 388 536 1422 632; baseline -0.008 0"><span class='ocrx_word' id='word_1_1' title='bbox 388 561 461 632; x_wconf 80' lang='lat' dir='ltr'><strong>sss</strong></span> <span class='ocrx_word' id='word_1_2' title='bbox 779 536 972 628; x_wconf 66' lang='lat' dir='ltr'><strong>esocis</strong></span> <span class='ocrx_word' id='word_1_3' title='bbox 1004 555 1099 626; x_wconf 85' lang='lat' dir='ltr'><strong>uns</strong></span> <span class='ocrx_word' id='word_1_4' title='bbox 1125 555 1422 626; x_wconf 73' lang='lat' dir='ltr'><strong>reuertens.</strong></span> 
     </span>
    </p>
   </div>
   <div class='ocr_carea' id='block_1_2' title="bbox 344 694 1813 3636">
    <p class='ocr_par' dir='ltr' id='par_1_2' title="bbox 385 694 1813 3116">
     <span class='ocr_line' id='line_1_2' title="bbox 387 694 1813 804; baseline -0.001 -28"><span class='ocrx_word' id='word_1_5' title='bbox 387 717 481 776; x_wconf 84' lang='lat' dir='ltr'><strong>ctam</strong></span> <span class='ocrx_word' id='word_1_6' title='bbox 493 695 899 774; x_wconf 86' lang='lat' dir='ltr'><strong>domum.Dixiteciam</strong></span> <span class='ocrx_word' id='word_1_7' title='bbox 906 695 1352 802; x_wconf 85' lang='lat' dir='ltr'><strong>perjuramentumsuum</strong></span> <span class='ocrx_word' id='word_1_8' title='bbox 1364 694 1813 804; x_wconf 86' lang='lat' dir='ltr'><strong>quod,postmultsspro·</strong></span> 
     </span>
     <span class='ocr_line' id='line_1_3' title="bbox 389 823 1807 918; baseline 0.001 -13"><span class='ocrx_word' id='word_1_9' title='bbox 389 830 585 908; x_wconf 81' lang='lat' dir='ltr'>missiones</span> <span class='ocrx_word' id='word_1_10' title='bbox 605 826 652 902; x_wconf 92' lang='lat' dir='ltr'><strong>de</strong></span> <span class='ocrx_word' id='word_1_11' title='bbox 673 826 911 904; x_wconf 82' lang='lat' dir='ltr'><strong>observandis</strong></span> <span class='ocrx_word' id='word_1_12' title='bbox 927 824 1074 902; x_wconf 88' lang='lat' dir='ltr'><strong>statutis</strong></span> <span class='ocrx_word' id='word_1_13' title='bbox 1086 841 1124 902; x_wconf 86' lang='lat' dir='ltr'><strong>et</strong></span> <span class='ocrx_word' id='word_1_14' title='bbox 1141 826 1292 903; x_wconf 88' lang='lat' dir='ltr'><strong>secretis</strong></span> <span class='ocrx_word' id='word_1_15' title='bbox 1308 823 1395 902; x_wconf 88' lang='lat' dir='ltr'><strong>dicti</strong></span> <span class='ocrx_word' id='word_1_16' title='bbox 1412 823 1612 902; x_wconf 83' lang='lat' dir='ltr'><strong>ordinisab</strong></span> <span class='ocrx_word' id='word_1_17' title='bbox 1623 853 1670 903; x_wconf 91' lang='lat' dir='ltr'><strong>eo</strong></span> <span class='ocrx_word' id='word_1_18' title='bbox 1680 825 1807 918; x_wconf 76' lang='lat' dir='ltr'><strong>sectas,</strong></span> 
     </span>
     <span class='ocr_line' id='line_1_4' title="bbox 389 955 1810 1062; baseline 0 -26"><span class='ocrx_word' id='word_1_19' title='bbox 389 959 510 1038; x_wconf 87' lang='lat' dir='ltr'><strong>dictus</strong></span> <span class='ocrx_word' id='word_1_20' title='bbox 534 958 720 1062; x_wconf 89' lang='lat' dir='ltr'><strong>recipiens</strong></span> <span class='ocrx_word' id='word_1_21' title='bbox 744 956 903 1033; x_wconf 80' lang='lat' dir='ltr'><strong>existens</strong></span> <span class='ocrx_word' id='word_1_22' title='bbox 923 957 960 1032; x_wconf 92' lang='lat' dir='ltr'><strong>in</strong></span> <span class='ocrx_word' id='word_1_23' title='bbox 980 955 1142 1062; x_wconf 82' lang='lat' dir='ltr'><strong>quadam</strong></span> <span class='ocrx_word' id='word_1_24' title='bbox 1163 983 1306 1032; x_wconf 83' lang='lat' dir='ltr'><strong>camera</strong></span> <span class='ocrx_word' id='word_1_25' title='bbox 1328 956 1367 1030; x_wconf 93' lang='lat' dir='ltr'><strong>in</strong></span> <span class='ocrx_word' id='word_1_26' title='bbox 1386 983 1461 1062; x_wconf 84' lang='lat' dir='ltr'><strong>qua</strong></span> <span class='ocrx_word' id='word_1_27' title='bbox 1476 955 1624 1061; x_wconf 85' lang='lat' dir='ltr'><strong>jacebat</strong></span> <span class='ocrx_word' id='word_1_28' title='bbox 1641 957 1810 1036; x_wconf 88' lang='lat' dir='ltr'><strong>infirmus</strong></span> 
     </span>
     <span class='ocr_line' id='line_1_5' title="bbox 386 1083 1811 1194; baseline -0.001 -28"><span class='ocrx_word' id='word_1_29' title='bbox 386 1090 427 1166; x_wconf 92' lang='lat' dir='ltr'><strong>in</strong></span> <span class='ocrx_word' id='word_1_30' title='bbox 447 1089 561 1180; x_wconf 92' lang='lat' dir='ltr'><strong>lecto,</strong></span> <span class='ocrx_word' id='word_1_31' title='bbox 582 1105 781 1194; x_wconf 81' lang='lat' dir='ltr'><strong>postquam</strong></span> <span class='ocrx_word' id='word_1_32' title='bbox 800 1086 933 1164; x_wconf 82' lang='lat' dir='ltr'><strong>habuit</strong></span> <span class='ocrx_word' id='word_1_33' title='bbox 958 1083 1178 1161; x_wconf 83' lang='lat' dir='ltr'><strong>mantellum</strong></span> <span class='ocrx_word' id='word_1_34' title='bbox 1198 1085 1244 1160; x_wconf 83' lang='lat' dir='ltr'><strong>ed</strong></span> <span class='ocrx_word' id='word_1_35' title='bbox 1263 1084 1421 1176; x_wconf 86' lang='lat' dir='ltr'><strong>collum,</strong></span> <span class='ocrx_word' id='word_1_36' title='bbox 1442 1086 1607 1162; x_wconf 79' lang='lat' dir='ltr'><strong>ostendit</strong></span> <span class='ocrx_word' id='word_1_37' title='bbox 1626 1087 1696 1166; x_wconf 90' lang='lat' dir='ltr'><strong>sibi</strong></span> <span class='ocrx_word' id='word_1_38' title='bbox 1717 1085 1811 1194; x_wconf 85' lang='lat' dir='ltr'><strong>figu-</strong></span> 
     </span>
     <span class='ocr_line' id='line_1_6' title="bbox 387 1215 1810 1322; baseline 0 -27"><span class='ocrx_word' id='word_1_39' title='bbox 387 1249 467 1296; x_wconf 80' lang='lat' dir='ltr'><strong>ram</strong></span> <span class='ocrx_word' id='word_1_40' title='bbox 483 1220 599 1295; x_wconf 91' lang='lat' dir='ltr'><strong>Jhesu</strong></span> <span class='ocrx_word' id='word_1_41' title='bbox 611 1217 748 1296; x_wconf 86' lang='lat' dir='ltr'>Christi</span> <span class='ocrx_word' id='word_1_42' title='bbox 766 1215 951 1322; x_wconf 83' lang='lat' dir='ltr'><strong>depictam</strong></span> <span class='ocrx_word' id='word_1_43' title='bbox 963 1216 1003 1292; x_wconf 93' lang='lat' dir='ltr'><strong>in</strong></span> <span class='ocrx_word' id='word_1_44' title='bbox 1015 1216 1179 1322; x_wconf 84' lang='lat' dir='ltr'><strong>quodam</strong></span> <span class='ocrx_word' id='word_1_45' title='bbox 1196 1215 1351 1304; x_wconf 82' lang='lat' dir='ltr'>missali,</span> <span class='ocrx_word' id='word_1_46' title='bbox 1364 1232 1401 1292; x_wconf 92' lang='lat' dir='ltr'><strong>et</strong></span> <span class='ocrx_word' id='word_1_47' title='bbox 1412 1216 1543 1321; x_wconf 88' lang='lat' dir='ltr'><strong>petivit</strong></span> <span class='ocrx_word' id='word_1_48' title='bbox 1554 1215 1602 1293; x_wconf 79' lang='lat' dir='ltr'><strong>ab</strong></span> <span class='ocrx_word' id='word_1_49' title='bbox 1617 1245 1663 1296; x_wconf 93' lang='lat' dir='ltr'><strong>eo</strong></span> <span class='ocrx_word' id='word_1_50' title='bbox 1683 1235 1810 1295; x_wconf 89' lang='lat' dir='ltr'><strong>utrum</strong></span> 
     </span>
     <span class='ocr_line' id='line_1_7' title="bbox 388 1345 1806 1454; baseline -0.001 -29"><span class='ocrx_word' id='word_1_51' title='bbox 388 1349 557 1426; x_wconf 88' lang='lat' dir='ltr'><strong>crederet</strong></span> <span class='ocrx_word' id='word_1_52' title='bbox 572 1347 612 1422; x_wconf 88' lang='lat' dir='ltr'><strong>in</strong></span> <span class='ocrx_word' id='word_1_53' title='bbox 628 1375 714 1424; x_wconf 90' lang='lat' dir='ltr'><strong>eum</strong></span> <span class='ocrx_word' id='word_1_54' title='bbox 731 1346 837 1452; x_wconf 90' lang='lat' dir='ltr'><strong>cujus</strong></span> <span class='ocrx_word' id='word_1_55' title='bbox 855 1345 974 1454; x_wconf 82' lang='lat' dir='ltr'><strong>figura</strong></span> <span class='ocrx_word' id='word_1_56' title='bbox 991 1363 1071 1422; x_wconf 83' lang='lat' dir='ltr'><strong>erat</strong></span> <span class='ocrx_word' id='word_1_57' title='bbox 1089 1345 1142 1423; x_wconf 91' lang='lat' dir='ltr'><strong>ibi</strong></span> <span class='ocrx_word' id='word_1_58' title='bbox 1156 1345 1320 1451; x_wconf 78' lang='lat' dir='ltr'><strong>depicta,</strong></span> <span class='ocrx_word' id='word_1_59' title='bbox 1337 1346 1403 1452; x_wconf 91' lang='lat' dir='ltr'><strong>qui</strong></span> <span class='ocrx_word' id='word_1_60' title='bbox 1417 1348 1612 1452; x_wconf 86' lang='lat' dir='ltr'><strong>respondit</strong></span> <span class='ocrx_word' id='word_1_61' title='bbox 1624 1349 1731 1454; x_wconf 92' lang='lat' dir='ltr'><strong>quod</strong></span> <span class='ocrx_word' id='word_1_62' title='bbox 1744 1351 1806 1426; x_wconf 90' lang='lat' dir='ltr'><strong>sic.</strong></span> 
     </span>
     <span class='ocr_line' id='line_1_8' title="bbox 387 1476 1806 1585; baseline 0.001 -30"><span class='ocrx_word' id='word_1_63' title='bbox 387 1481 495 1555; x_wconf 87' lang='lat' dir='ltr'><strong>Tunc</strong></span> <span class='ocrx_word' id='word_1_64' title='bbox 509 1477 676 1584; x_wconf 85' lang='lat' dir='ltr'><strong>precepit</strong></span> <span class='ocrx_word' id='word_1_65' title='bbox 694 1476 799 1582; x_wconf 85' lang='lat' dir='ltr'><strong>quod</strong></span> <span class='ocrx_word' id='word_1_66' title='bbox 817 1493 968 1582; x_wconf 83' lang='lat' dir='ltr'><strong>spueret</strong></span> <span class='ocrx_word' id='word_1_67' title='bbox 986 1505 1114 1582; x_wconf 67' lang='lat' dir='ltr'><strong>surpra,</strong></span> <span class='ocrx_word' id='word_1_68' title='bbox 1136 1477 1200 1582; x_wconf 90' lang='lat' dir='ltr'><strong>qui</strong></span> <span class='ocrx_word' id='word_1_69' title='bbox 1222 1477 1445 1554; x_wconf 81' lang='lat' dir='ltr'><strong>contradixit</strong></span> <span class='ocrx_word' id='word_1_70' title='bbox 1463 1494 1645 1584; x_wconf 86' lang='lat' dir='ltr'><strong>quantum</strong></span> <span class='ocrx_word' id='word_1_71' title='bbox 1660 1481 1806 1585; x_wconf 87' lang='lat' dir='ltr'><strong>potuit:</strong></span> 
     </span>
     <span class='ocr_line' id='line_1_9' title="bbox 387 1605 1807 1714; baseline 0.002 -31"><span class='ocrx_word' id='word_1_72' title='bbox 387 1624 510 1683; x_wconf 83' lang='lat' dir='ltr'><strong>tamen</strong></span> <span class='ocrx_word' id='word_1_73' title='bbox 534 1607 625 1684; x_wconf 82' lang='lat' dir='ltr'><strong>dixit</strong></span> <span class='ocrx_word' id='word_1_74' title='bbox 644 1607 747 1714; x_wconf 91' lang='lat' dir='ltr'><strong>quod</strong></span> <span class='ocrx_word' id='word_1_75' title='bbox 767 1607 846 1712; x_wconf 91' lang='lat' dir='ltr'><strong>ipse</strong></span> <span class='ocrx_word' id='word_1_76' title='bbox 867 1605 1019 1698; x_wconf 82' lang='lat' dir='ltr'><strong>iaceret,</strong></span> <span class='ocrx_word' id='word_1_77' title='bbox 1047 1606 1106 1684; x_wconf 89' lang='lat' dir='ltr'><strong>vel</strong></span> <span class='ocrx_word' id='word_1_78' title='bbox 1126 1606 1298 1712; x_wconf 86' lang='lat' dir='ltr'><strong>compelli</strong></span> <span class='ocrx_word' id='word_1_79' title='bbox 1318 1606 1456 1684; x_wconf 83' lang='lat' dir='ltr'><strong>faceret</strong></span> <span class='ocrx_word' id='word_1_80' title='bbox 1484 1631 1571 1684; x_wconf 80' lang='lat' dir='ltr'><strong>eum</strong></span> <span class='ocrx_word' id='word_1_81' title='bbox 1598 1609 1646 1686; x_wconf 84' lang='lat' dir='ltr'><strong>sd</strong></span> <span class='ocrx_word' id='word_1_82' title='bbox 1665 1609 1737 1686; x_wconf 92' lang='lat' dir='ltr'><strong>hoc</strong></span> <span class='ocrx_word' id='word_1_83' title='bbox 1755 1609 1807 1686; x_wconf 87' lang='lat' dir='ltr'><strong>sa-</strong></span> 
     </span>
     <span class='ocr_line' id='line_1_10' title="bbox 387 1737 1807 1845; baseline 0.003 -33"><span class='ocrx_word' id='word_1_84' title='bbox 387 1737 581 1828; x_wconf 79' lang='lat' dir='ltr'><strong>ciendurn3</strong></span> <span class='ocrx_word' id='word_1_85' title='bbox 603 1755 641 1813; x_wconf 88' lang='lat' dir='ltr'><strong>et</strong></span> <span class='ocrx_word' id='word_1_86' title='bbox 659 1754 750 1813; x_wconf 92' lang='lat' dir='ltr'><strong>tunc</strong></span> <span class='ocrx_word' id='word_1_87' title='bbox 772 1737 910 1814; x_wconf 86' lang='lat' dir='ltr'><strong>invitus</strong></span> <span class='ocrx_word' id='word_1_88' title='bbox 929 1737 1030 1842; x_wconf 88' lang='lat' dir='ltr'><strong>spuit</strong></span> <span class='ocrx_word' id='word_1_89' title='bbox 1048 1765 1157 1844; x_wconf 83' lang='lat' dir='ltr'><strong>supra</strong></span> <span class='ocrx_word' id='word_1_90' title='bbox 1176 1765 1325 1814; x_wconf 87' lang='lat' dir='ltr'><strong>erucem</strong></span> <span class='ocrx_word' id='word_1_91' title='bbox 1341 1752 1379 1814; x_wconf 91' lang='lat' dir='ltr'><strong>et</strong></span> <span class='ocrx_word' id='word_1_92' title='bbox 1394 1738 1621 1845; x_wconf 79' lang='lat' dir='ltr'><strong>ymaginem,</strong></span> <span class='ocrx_word' id='word_1_93' title='bbox 1646 1755 1683 1815; x_wconf 90' lang='lat' dir='ltr'><strong>et</strong></span> <span class='ocrx_word' id='word_1_94' title='bbox 1697 1739 1807 1816; x_wconf 80' lang='lat' dir='ltr'><strong>obne-</strong></span> 
     </span>
     <span class='ocr_line' id='line_1_11' title="bbox 386 1865 1806 1973; baseline -0.001 -30"><span class='ocrx_word' id='word_1_95' title='bbox 386 1867 484 1973; x_wconf 79' lang='lat' dir='ltr'><strong>gsvit</strong></span> <span class='ocrx_word' id='word_1_96' title='bbox 497 1865 615 1944; x_wconf 90' lang='lat' dir='ltr'><strong>semel</strong></span> <span class='ocrx_word' id='word_1_97' title='bbox 626 1865 781 1944; x_wconf 88' lang='lat' dir='ltr'><strong>Jhesum</strong></span> <span class='ocrx_word' id='word_1_98' title='bbox 800 1865 1007 1958; x_wconf 84' lang='lat' dir='ltr'><strong>Christum,</strong></span> <span class='ocrx_word' id='word_1_99' title='bbox 1021 1895 1086 1944; x_wconf 90' lang='lat' dir='ltr'><strong>ore</strong></span> <span class='ocrx_word' id='word_1_100' title='bbox 1101 1869 1381 1953; x_wconf 85' lang='lat' dir='ltr'><strong>tantummodo,</strong></span> <span class='ocrx_word' id='word_1_101' title='bbox 1401 1885 1438 1943; x_wconf 88' lang='lat' dir='ltr'><strong>et</strong></span> <span class='ocrx_word' id='word_1_102' title='bbox 1454 1897 1532 1942; x_wconf 88' lang='lat' dir='ltr'><strong>uon</strong></span> <span class='ocrx_word' id='word_1_103' title='bbox 1550 1868 1676 1943; x_wconf 88' lang='lat' dir='ltr'><strong>corde.</strong></span> <span class='ocrx_word' id='word_1_104' title='bbox 1691 1869 1806 1944; x_wconf 86' lang='lat' dir='ltr'><strong>luter-</strong></span> 
     </span>
     <span class='ocr_line' id='line_1_12' title="bbox 387 1995 1806 2103; baseline 0.001 -32"><span class='ocrx_word' id='word_1_105' title='bbox 387 2013 535 2103; x_wconf 82' lang='lat' dir='ltr'><strong>rogstus</strong></span> <span class='ocrx_word' id='word_1_106' title='bbox 556 1997 604 2072; x_wconf 94' lang='lat' dir='ltr'><strong>de</strong></span> <span class='ocrx_word' id='word_1_107' title='bbox 633 1995 712 2072; x_wconf 80' lang='lat' dir='ltr'>aliis</span> <span class='ocrx_word' id='word_1_108' title='bbox 739 1995 919 2084; x_wconf 82' lang='lat' dir='ltr'><strong>articulis,</strong></span> <span class='ocrx_word' id='word_1_109' title='bbox 945 1996 1136 2101; x_wconf 80' lang='lat' dir='ltr'><strong>dixit&#39;per</strong></span> <span class='ocrx_word' id='word_1_110' title='bbox 1154 1997 1409 2103; x_wconf 80' lang='lat' dir='ltr'><strong>jurameutum</strong></span> <span class='ocrx_word' id='word_1_111' title='bbox 1435 2024 1546 2074; x_wconf 86' lang='lat' dir='ltr'><strong>suum</strong></span> <span class='ocrx_word' id='word_1_112' title='bbox 1570 1997 1676 2102; x_wconf 90' lang='lat' dir='ltr'><strong>quod</strong></span> <span class='ocrx_word' id='word_1_113' title='bbox 1695 1997 1806 2074; x_wconf 79' lang='lat' dir='ltr'><strong>nichil</strong></span> 
     </span>
     <span class='ocr_line' id='line_1_13' title="bbox 388 2124 1804 2234; baseline 0.001 -30"><span class='ocrx_word' id='word_1_114' title='bbox 388 2125 489 2204; x_wconf 77' lang='lat' dir='ltr'><strong>aliud</strong></span> <span class='ocrx_word' id='word_1_115' title='bbox 511 2126 583 2202; x_wconf 84' lang='lat' dir='ltr'><strong>suit</strong></span> <span class='ocrx_word' id='word_1_116' title='bbox 603 2124 674 2202; x_wconf 92' lang='lat' dir='ltr'><strong>sibi</strong></span> <span class='ocrx_word' id='word_1_117' title='bbox 694 2124 853 2212; x_wconf 87' lang='lat' dir='ltr'><strong>dictum,</strong></span> <span class='ocrx_word' id='word_1_118' title='bbox 879 2141 918 2202; x_wconf 89' lang='lat' dir='ltr'><strong>et</strong></span> <span class='ocrx_word' id='word_1_119' title='bbox 932 2125 1051 2202; x_wconf 88' lang='lat' dir='ltr'><strong>credit</strong></span> <span class='ocrx_word' id='word_1_120' title='bbox 1068 2127 1174 2232; x_wconf 85' lang='lat' dir='ltr'><strong>quod</strong></span> <span class='ocrx_word' id='word_1_121' title='bbox 1192 2127 1265 2204; x_wconf 89' lang='lat' dir='ltr'><strong>hoc</strong></span> <span class='ocrx_word' id='word_1_122' title='bbox 1283 2126 1354 2204; x_wconf 85' lang='lat' dir='ltr'><strong>iuit</strong></span> <span class='ocrx_word' id='word_1_123' title='bbox 1374 2127 1437 2204; x_wconf 87' lang='lat' dir='ltr'>illa</span> <span class='ocrx_word' id='word_1_124' title='bbox 1455 2127 1607 2206; x_wconf 81' lang='lat' dir='ltr'><strong>racione</strong></span> <span class='ocrx_word' id='word_1_125' title='bbox 1627 2130 1715 2234; x_wconf 82' lang='lat' dir='ltr'><strong>quin</strong></span> <span class='ocrx_word' id='word_1_126' title='bbox 1734 2145 1804 2206; x_wconf 82' lang='lat' dir='ltr'><strong>um</strong></span> 
     </span>
     <span class='ocr_line' id='line_1_14' title="bbox 386 2255 1805 2364; baseline 0.001 -31"><span class='ocrx_word' id='word_1_127' title='bbox 386 2258 573 2335; x_wconf 78' lang='lat' dir='ltr'><strong>resisteret</strong></span> <span class='ocrx_word' id='word_1_128' title='bbox 587 2259 626 2332; x_wconf 94' lang='lat' dir='ltr'><strong>in</strong></span> <span class='ocrx_word' id='word_1_129' title='bbox 640 2255 812 2334; x_wconf 86' lang='lat' dir='ltr'><strong>faciendo</strong></span> <span class='ocrx_word' id='word_1_130' title='bbox 830 2256 1121 2363; x_wconf 79' lang='lat' dir='ltr'><strong>abnegscionem</strong></span> <span class='ocrx_word' id='word_1_131' title='bbox 1142 2275 1180 2334; x_wconf 91' lang='lat' dir='ltr'><strong>et</strong></span> <span class='ocrx_word' id='word_1_132' title='bbox 1193 2259 1443 2362; x_wconf 85' lang='lat' dir='ltr'><strong>spuicionem;</strong></span> <span class='ocrx_word' id='word_1_133' title='bbox 1464 2259 1570 2364; x_wconf 92' lang='lat' dir='ltr'><strong>quod</strong></span> <span class='ocrx_word' id='word_1_134' title='bbox 1586 2259 1708 2336; x_wconf 90' lang='lat' dir='ltr'><strong>dictus</strong></span> <span class='ocrx_word' id='word_1_135' title='bbox 1721 2261 1805 2338; x_wconf 90' lang='lat' dir='ltr'><strong>reci·</strong></span> 
     </span>
     <span class='ocr_line' id='line_1_15' title="bbox 385 2385 1802 2496; baseline 0.001 -32"><span class='ocrx_word' id='word_1_136' title='bbox 385 2389 491 2492; x_wconf 92' lang='lat' dir='ltr'><strong>piens</strong></span> <span class='ocrx_word' id='word_1_137' title='bbox 510 2405 590 2464; x_wconf 81' lang='lat' dir='ltr'><strong>erat</strong></span> <span class='ocrx_word' id='word_1_138' title='bbox 611 2403 714 2466; x_wconf 87' lang='lat' dir='ltr'><strong>totus</strong></span> <span class='ocrx_word' id='word_1_139' title='bbox 733 2385 916 2464; x_wconf 78' lang='lat' dir='ltr'><strong>fastiditus</strong></span> <span class='ocrx_word' id='word_1_140' title='bbox 946 2405 983 2465; x_wconf 90' lang='lat' dir='ltr'><strong>et</strong></span> <span class='ocrx_word' id='word_1_141' title='bbox 1006 2404 1109 2465; x_wconf 89' lang='lat' dir='ltr'><strong>totus</strong></span> <span class='ocrx_word' id='word_1_142' title='bbox 1128 2387 1246 2467; x_wconf 86' lang='lat' dir='ltr'><strong>fessus</strong></span> <span class='ocrx_word' id='word_1_143' title='bbox 1271 2407 1346 2466; x_wconf 85' lang='lat' dir='ltr'><strong>tam</strong></span> <span class='ocrx_word' id='word_1_144' title='bbox 1375 2407 1529 2496; x_wconf 88' lang='lat' dir='ltr'><strong>propter</strong></span> <span class='ocrx_word' id='word_1_145' title='bbox 1554 2389 1802 2468; x_wconf 74' lang='lat' dir='ltr'><strong>infirmitatem</strong></span> 
     </span>
     <span class='ocr_line' id='line_1_16' title="bbox 387 2517 1803 2626; baseline -0.001 -29"><span class='ocrx_word' id='word_1_146' title='bbox 387 2547 499 2623; x_wconf 83' lang='lat' dir='ltr'><strong>quam</strong></span> <span class='ocrx_word' id='word_1_147' title='bbox 512 2534 666 2624; x_wconf 88' lang='lat' dir='ltr'><strong>propter</strong></span> <span class='ocrx_word' id='word_1_148' title='bbox 682 2517 935 2594; x_wconf 87' lang='lat' dir='ltr'><strong>resistenciam</strong></span> <span class='ocrx_word' id='word_1_149' title='bbox 953 2545 1068 2624; x_wconf 87' lang='lat' dir='ltr'><strong>quarn</strong></span> <span class='ocrx_word' id='word_1_150' title='bbox 1088 2517 1240 2610; x_wconf 71' lang='lat' dir='ltr'><strong>fecerat,</strong></span> <span class='ocrx_word' id='word_1_151' title='bbox 1257 2536 1293 2596; x_wconf 91' lang='lat' dir='ltr'><strong>et</strong></span> <span class='ocrx_word' id='word_1_152' title='bbox 1307 2520 1475 2626; x_wconf 86' lang='lat' dir='ltr'><strong>precepit</strong></span> <span class='ocrx_word' id='word_1_153' title='bbox 1486 2521 1591 2626; x_wconf 86' lang='lat' dir='ltr'><strong>quod</strong></span> <span class='ocrx_word' id='word_1_154' title='bbox 1610 2521 1803 2598; x_wconf 87' lang='lat' dir='ltr'><strong>duceretur</strong></span> 
     </span>
     <span class='ocr_line' id='line_1_17' title="bbox 385 2648 1800 2758; baseline 0.001 -33"><span class='ocrx_word' id='word_1_155' title='bbox 385 2649 433 2725; x_wconf 83' lang='lat' dir='ltr'><strong>ad</strong></span> <span class='ocrx_word' id='word_1_156' title='bbox 448 2648 652 2754; x_wconf 81' lang='lat' dir='ltr'><strong>quemdem</strong></span> <span class='ocrx_word' id='word_1_157' title='bbox 673 2648 829 2726; x_wconf 89' lang='lat' dir='ltr'><strong>domum</strong></span> <span class='ocrx_word' id='word_1_158' title='bbox 848 2648 950 2739; x_wconf 90' lang='lat' dir='ltr'><strong>Brie,</strong></span> <span class='ocrx_word' id='word_1_159' title='bbox 973 2659 1010 2726; x_wconf 88' lang='lat' dir='ltr'><strong>et</strong></span> <span class='ocrx_word' id='word_1_160' title='bbox 1029 2649 1133 2754; x_wconf 94' lang='lat' dir='ltr'><strong>quod</strong></span> <span class='ocrx_word' id='word_1_161' title='bbox 1149 2649 1219 2726; x_wconf 88' lang='lat' dir='ltr'><strong>sibi</strong></span> <span class='ocrx_word' id='word_1_162' title='bbox 1240 2650 1440 2728; x_wconf 85' lang='lat' dir='ltr'><strong>instrueret</strong></span> <span class='ocrx_word' id='word_1_163' title='bbox 1461 2679 1549 2728; x_wconf 91' lang='lat' dir='ltr'><strong>eum</strong></span> <span class='ocrx_word' id='word_1_164' title='bbox 1569 2650 1656 2728; x_wconf 82' lang='lat' dir='ltr'><strong>alies</strong></span> <span class='ocrx_word' id='word_1_165' title='bbox 1671 2651 1709 2727; x_wconf 93' lang='lat' dir='ltr'><strong>in</strong></span> <span class='ocrx_word' id='word_1_166' title='bbox 1723 2681 1800 2758; x_wconf 92' lang='lat' dir='ltr'><strong>pre-</strong></span> 
     </span>
     <span class='ocr_line' id='line_1_18' title="bbox 386 2777 1800 2886; baseline 0.001 -30"><span class='ocrx_word' id='word_1_167' title='bbox 386 2780 503 2886; x_wconf 90' lang='lat' dir='ltr'><strong>ceptis</strong></span> <span class='ocrx_word' id='word_1_168' title='bbox 523 2795 560 2855; x_wconf 92' lang='lat' dir='ltr'><strong>et</strong></span> <span class='ocrx_word' id='word_1_169' title='bbox 580 2779 725 2855; x_wconf 83' lang='lat' dir='ltr'><strong>statutis</strong></span> <span class='ocrx_word' id='word_1_170' title='bbox 745 2777 899 2855; x_wconf 89' lang='lat' dir='ltr'><strong>ordinis.</strong></span> <span class='ocrx_word' id='word_1_171' title='bbox 923 2779 1136 2885; x_wconf 86' lang='lat' dir='ltr'><strong>Requisitus</strong></span> <span class='ocrx_word' id='word_1_172' title='bbox 1156 2797 1282 2857; x_wconf 85' lang='lat' dir='ltr'><strong>utrum</strong></span> <span class='ocrx_word' id='word_1_173' title='bbox 1308 2780 1369 2856; x_wconf 85' lang='lat' dir='ltr'><strong>alii</strong></span> <span class='ocrx_word' id='word_1_174' title='bbox 1391 2781 1522 2858; x_wconf 75' lang='lat' dir='ltr'><strong>irrues</strong></span> <span class='ocrx_word' id='word_1_175' title='bbox 1547 2781 1619 2860; x_wconf 94' lang='lat' dir='ltr'><strong>hoc</strong></span> <span class='ocrx_word' id='word_1_176' title='bbox 1638 2783 1800 2859; x_wconf 84' lang='lat' dir='ltr'><strong>audirent</strong></span> 
     </span>
     <span class='ocr_line' id='line_1_19' title="bbox 387 2907 1798 3015; baseline 0 -31"><span class='ocrx_word' id='word_1_177' title='bbox 387 2926 425 2984; x_wconf 90' lang='lat' dir='ltr'><strong>et</strong></span> <span class='ocrx_word' id='word_1_178' title='bbox 444 2909 628 2996; x_wconf 88' lang='lat' dir='ltr'><strong>viderent,</strong></span> <span class='ocrx_word' id='word_1_179' title='bbox 650 2907 743 2984; x_wconf 81' lang='lat' dir='ltr'><strong>dixit</strong></span> <span class='ocrx_word' id='word_1_180' title='bbox 762 2907 865 3013; x_wconf 89' lang='lat' dir='ltr'><strong>quod</strong></span> <span class='ocrx_word' id='word_1_181' title='bbox 884 2907 981 2985; x_wconf 88' lang='lat' dir='ltr'><strong>bene</strong></span> <span class='ocrx_word' id='word_1_182' title='bbox 1002 2925 1175 3014; x_wconf 85' lang='lat' dir='ltr'><strong>poterant</strong></span> <span class='ocrx_word' id='word_1_183' title='bbox 1192 2911 1337 2997; x_wconf 87' lang='lat' dir='ltr'><strong>audire,</strong></span> <span class='ocrx_word' id='word_1_184' title='bbox 1360 2911 1447 3015; x_wconf 81' lang='lat' dir='ltr'><strong>quia</strong></span> <span class='ocrx_word' id='word_1_185' title='bbox 1469 2926 1574 2986; x_wconf 83' lang='lat' dir='ltr'><strong>erent</strong></span> <span class='ocrx_word' id='word_1_186' title='bbox 1597 2911 1636 2986; x_wconf 92' lang='lat' dir='ltr'><strong>in</strong></span> <span class='ocrx_word' id='word_1_187' title='bbox 1663 2937 1798 2988; x_wconf 81' lang='lat' dir='ltr'><strong>camera</strong></span> 
     </span>
     <span class='ocr_line' id='line_1_20' title="bbox 386 3036 1025 3116; baseline -0.008 0"><span class='ocrx_word' id='word_1_188' title='bbox 386 3039 452 3116; x_wconf 90' lang='lat' dir='ltr'><strong>ubi</strong></span> <span class='ocrx_word' id='word_1_189' title='bbox 473 3037 546 3116; x_wconf 91' lang='lat' dir='ltr'><strong>hoc</strong></span> <span class='ocrx_word' id='word_1_190' title='bbox 565 3039 636 3114; x_wconf 85' lang='lat' dir='ltr'><strong>fuit</strong></span> <span class='ocrx_word' id='word_1_191' title='bbox 654 3036 793 3114; x_wconf 81' lang='lat' dir='ltr'><strong>fuctum</strong></span> <span class='ocrx_word' id='word_1_192' title='bbox 812 3055 849 3114; x_wconf 90' lang='lat' dir='ltr'><strong>et</strong></span> <span class='ocrx_word' id='word_1_193' title='bbox 869 3037 1025 3114; x_wconf 90' lang='lat' dir='ltr'><strong>dictum.</strong></span> 
     </span>
    </p>

    <p class='ocr_par' dir='ltr' id='par_1_3' title="bbox 344 3164 1799 3636">
     <span class='ocr_line' id='line_1_21' title="bbox 442 3164 1798 3275; baseline -0.005 -30"><span class='ocrx_word' id='word_1_194' title='bbox 442 3170 693 3275; x_wconf 78' lang='lat' dir='ltr'><strong>Interrogatus</strong></span> <span class='ocrx_word' id='word_1_195' title='bbox 719 3183 846 3243; x_wconf 86' lang='lat' dir='ltr'><strong>utrum</strong></span> <span class='ocrx_word' id='word_1_196' title='bbox 870 3165 921 3254; x_wconf 89' lang='lat' dir='ltr'><strong>vi,</strong></span> <span class='ocrx_word' id='word_1_197' title='bbox 948 3164 1006 3243; x_wconf 87' lang='lat' dir='ltr'><strong>vel</strong></span> <span class='ocrx_word' id='word_1_198' title='bbox 1029 3182 1134 3242; x_wconf 89' lang='lat' dir='ltr'><strong>metu</strong></span> <span class='ocrx_word' id='word_1_199' title='bbox 1155 3165 1309 3242; x_wconf 82' lang='lat' dir='ltr'><strong>carceris</strong></span> <span class='ocrx_word' id='word_1_200' title='bbox 1334 3194 1401 3242; x_wconf 91' lang='lat' dir='ltr'><strong>seu</strong></span> <span class='ocrx_word' id='word_1_201' title='bbox 1419 3179 1715 3251; x_wconf 86' lang='lat' dir='ltr'><strong>tormentorum,</strong></span> <span class='ocrx_word' id='word_1_202' title='bbox 1743 3179 1798 3240; x_wconf 79' lang='lat' dir='ltr'><strong>aut</strong></span> 
     </span>
     <span class='ocr_line' id='line_1_22' title="bbox 344 3291 1798 3404; baseline -0.005 -28"><span class='ocrx_word' id='word_1_203' title='bbox 344 3291 348 3299; x_wconf 69' lang='grc'>’</span> <span class='ocrx_word' id='word_1_204' title='bbox 387 3299 456 3375; x_wconf 83' lang='lat' dir='ltr'>alis</span> <span class='ocrx_word' id='word_1_205' title='bbox 476 3300 523 3375; x_wconf 94' lang='lat' dir='ltr'><strong>de</strong></span> <span class='ocrx_word' id='word_1_206' title='bbox 545 3325 669 3386; x_wconf 79' lang='lat' dir='ltr'><strong>causa,</strong></span> <span class='ocrx_word' id='word_1_207' title='bbox 696 3297 858 3404; x_wconf 81' lang='lat' dir='ltr'><strong>aliquam</strong></span> <span class='ocrx_word' id='word_1_208' title='bbox 879 3296 1014 3374; x_wconf 81' lang='lat' dir='ltr'><strong>dixerit</strong></span> <span class='ocrx_word' id='word_1_209' title='bbox 1032 3295 1228 3374; x_wconf 75' lang='lat' dir='ltr'><strong>falsitatem</strong></span> <span class='ocrx_word' id='word_1_210' title='bbox 1249 3296 1307 3373; x_wconf 91' lang='lat' dir='ltr'><strong>vel</strong></span> <span class='ocrx_word' id='word_1_211' title='bbox 1329 3294 1578 3374; x_wconf 88' lang='lat' dir='ltr'><strong>immiscuerit</strong></span> <span class='ocrx_word' id='word_1_212' title='bbox 1598 3296 1637 3370; x_wconf 90' lang='lat' dir='ltr'><strong>in</strong></span> <span class='ocrx_word' id='word_1_213' title='bbox 1660 3294 1798 3400; x_wconf 90' lang='lat' dir='ltr'><strong>deposi-</strong></span> 
     </span>
     <span class='ocr_line' id='line_1_23' title="bbox 387 3426 1799 3536; baseline -0.006 -29"><span class='ocrx_word' id='word_1_214' title='bbox 387 3431 492 3507; x_wconf 90' lang='lat' dir='ltr'><strong>cione</strong></span> <span class='ocrx_word' id='word_1_215' title='bbox 523 3459 604 3517; x_wconf 81' lang='lat' dir='ltr'><strong>suo,</strong></span> <span class='ocrx_word' id='word_1_216' title='bbox 627 3429 721 3506; x_wconf 80' lang='lat' dir='ltr'><strong>dixit</strong></span> <span class='ocrx_word' id='word_1_217' title='bbox 742 3457 810 3535; x_wconf 92' lang='lat' dir='ltr'><strong>per</strong></span> <span class='ocrx_word' id='word_1_218' title='bbox 831 3431 1086 3536; x_wconf 79' lang='lat' dir='ltr'><strong>jurameutum</strong></span> <span class='ocrx_word' id='word_1_219' title='bbox 1106 3457 1214 3504; x_wconf 89' lang='lat' dir='ltr'><strong>suum</strong></span> <span class='ocrx_word' id='word_1_220' title='bbox 1236 3426 1339 3533; x_wconf 91' lang='lat' dir='ltr'><strong>quod</strong></span> <span class='ocrx_word' id='word_1_221' title='bbox 1365 3453 1458 3519; x_wconf 77' lang='lat' dir='ltr'><strong>non3</strong></span> <span class='ocrx_word' id='word_1_222' title='bbox 1480 3428 1597 3504; x_wconf 90' lang='lat' dir='ltr'><strong>immo</strong></span> <span class='ocrx_word' id='word_1_223' title='bbox 1617 3455 1750 3530; x_wconf 86' lang='lat' dir='ltr'><strong>puram</strong></span> <span class='ocrx_word' id='word_1_224' title='bbox 1767 3440 1799 3500; x_wconf 90' lang='lat' dir='ltr'><strong>et</strong></span> 
     </span>
     <span class='ocr_line' id='line_1_24' title="bbox 386 3558 903 3636; baseline -0.002 0"><span class='ocrx_word' id='word_1_225' title='bbox 386 3587 527 3636; x_wconf 79' lang='lat' dir='ltr'><strong>merem</strong></span> <span class='ocrx_word' id='word_1_226' title='bbox 545 3558 685 3636; x_wconf 81' lang='lat' dir='ltr'><strong>dixerat</strong></span> <span class='ocrx_word' id='word_1_227' title='bbox 700 3559 903 3636; x_wconf 85' lang='lat' dir='ltr'><strong>veritatem.</strong></span> 
     </span>
    </p>
   </div>
   <div class='ocr_carea' id='block_1_3' title="bbox 383 3817 1799 4965">
    <p class='ocr_par' dir='ltr' id='par_1_4' title="bbox 383 3817 1799 4965">
     <span class='ocr_line' id='line_1_25' title="bbox 440 3817 1797 3923; baseline -0.004 -29"><span class='ocrx_word' id='word_1_228' title='bbox 440 3822 533 3896; x_wconf 90' lang='lat' dir='ltr'><strong>Item</strong></span> <span class='ocrx_word' id='word_1_229' title='bbox 547 3819 661 3896; x_wconf 81' lang='lat' dir='ltr'><strong>freter</strong></span> <span class='ocrx_word' id='word_1_230' title='bbox 679 3819 867 3898; x_wconf 79' lang='lat' dir='ltr'><strong>Gerendus</strong></span> <span class='ocrx_word' id='word_1_231' title='bbox 892 3818 939 3895; x_wconf 93' lang='lat' dir='ltr'><strong>de</strong></span> <span class='ocrx_word' id='word_1_232' title='bbox 959 3819 1086 3905; x_wconf 77' lang='lat' dir='ltr'><strong>Gelos,</strong></span> <span class='ocrx_word' id='word_1_233' title='bbox 1109 3819 1214 3894; x_wconf 87' lang='lat' dir='ltr'><strong>etatis</strong></span> <span class='ocrx_word' id='word_1_234' title='bbox 1234 3817 1502 3923; x_wconf 81' lang='lat' dir='ltr'><strong>quinquaginta</strong></span> <span class='ocrx_word' id='word_1_235' title='bbox 1523 3844 1723 3903; x_wconf 81' lang='lat' dir='ltr'><strong>annorum,</strong></span> <span class='ocrx_word' id='word_1_236' title='bbox 1746 3817 1797 3920; x_wconf 84' lang='lat' dir='ltr'><strong>ju·</strong></span> 
     </span>
     <span class='ocr_line' id='line_1_26' title="bbox 384 3946 1797 4032; baseline -0.005 -8"><span class='ocrx_word' id='word_1_237' title='bbox 384 3967 486 4028; x_wconf 87' lang='lat' dir='ltr'><strong>ratus</strong></span> <span class='ocrx_word' id='word_1_238' title='bbox 506 3949 641 4026; x_wconf 86' lang='lat' dir='ltr'><strong>eodem</strong></span> <span class='ocrx_word' id='word_1_239' title='bbox 664 3950 780 4026; x_wconf 92' lang='lat' dir='ltr'><strong>modo</strong></span> <span class='ocrx_word' id='word_1_240' title='bbox 806 3950 853 4024; x_wconf 93' lang='lat' dir='ltr'><strong>de</strong></span> <span class='ocrx_word' id='word_1_241' title='bbox 878 3977 917 4024; x_wconf 89' lang='lat' dir='ltr'><strong>se</strong></span> <span class='ocrx_word' id='word_1_242' title='bbox 938 3964 976 4023; x_wconf 90' lang='lat' dir='ltr'><strong>et</strong></span> <span class='ocrx_word' id='word_1_243' title='bbox 989 3948 1070 4023; x_wconf 78' lang='lat' dir='ltr'>aliis</span> <span class='ocrx_word' id='word_1_244' title='bbox 1086 3948 1124 4022; x_wconf 92' lang='lat' dir='ltr'><strong>in</strong></span> <span class='ocrx_word' id='word_1_245' title='bbox 1139 3975 1246 4022; x_wconf 80' lang='lat' dir='ltr'><strong>causa</strong></span> <span class='ocrx_word' id='word_1_246' title='bbox 1262 3947 1352 4024; x_wconf 82' lang='lat' dir='ltr'><strong>fidei</strong></span> <span class='ocrx_word' id='word_1_247' title='bbox 1380 3946 1504 4022; x_wconf 90' lang='lat' dir='ltr'><strong>dicere</strong></span> <span class='ocrx_word' id='word_1_248' title='bbox 1532 3947 1740 4032; x_wconf 84' lang='lat' dir='ltr'><strong>veritatem,</strong></span> <span class='ocrx_word' id='word_1_249' title='bbox 1767 3957 1797 4017; x_wconf 87' lang='lat' dir='ltr'><strong>et</strong></span> 
     </span>
     <span class='ocr_line' id='line_1_27' title="bbox 385 4074 1799 4184; baseline -0.005 -31"><span class='ocrx_word' id='word_1_250' title='bbox 385 4079 635 4184; x_wconf 83' lang='lat' dir='ltr'><strong>interrogatus</strong></span> <span class='ocrx_word' id='word_1_251' title='bbox 652 4079 698 4154; x_wconf 93' lang='lat' dir='ltr'><strong>de</strong></span> <span class='ocrx_word' id='word_1_252' title='bbox 713 4093 881 4181; x_wconf 91' lang='lat' dir='ltr'><strong>ternpore</strong></span> <span class='ocrx_word' id='word_1_253' title='bbox 898 4093 934 4152; x_wconf 91' lang='lat' dir='ltr'><strong>et</strong></span> <span class='ocrx_word' id='word_1_254' title='bbox 950 4074 1065 4152; x_wconf 90' lang='lat' dir='ltr'><strong>modo</strong></span> <span class='ocrx_word' id='word_1_255' title='bbox 1081 4102 1147 4151; x_wconf 90' lang='lat' dir='ltr'><strong>sue</strong></span> <span class='ocrx_word' id='word_1_256' title='bbox 1161 4075 1406 4182; x_wconf 88' lang='lat' dir='ltr'><strong>recepcionis,</strong></span> <span class='ocrx_word' id='word_1_257' title='bbox 1427 4075 1519 4150; x_wconf 87' lang='lat' dir='ltr'><strong>dixit</strong></span> <span class='ocrx_word' id='word_1_258' title='bbox 1534 4101 1602 4179; x_wconf 89' lang='lat' dir='ltr'><strong>per</strong></span> <span class='ocrx_word' id='word_1_259' title='bbox 1613 4075 1799 4180; x_wconf 86' lang='lat' dir='ltr'><strong>juramen·</strong></span> 
     </span>
     <span class='ocr_line' id='line_1_28' title="bbox 385 4201 1797 4312; baseline -0.006 -28"><span class='ocrx_word' id='word_1_260' title='bbox 385 4227 466 4285; x_wconf 91' lang='lat' dir='ltr'><strong>tum</strong></span> <span class='ocrx_word' id='word_1_261' title='bbox 488 4235 598 4286; x_wconf 89' lang='lat' dir='ltr'><strong>suum</strong></span> <span class='ocrx_word' id='word_1_262' title='bbox 613 4205 718 4312; x_wconf 88' lang='lat' dir='ltr'><strong>quod</strong></span> <span class='ocrx_word' id='word_1_263' title='bbox 728 4204 799 4282; x_wconf 85' lang='lat' dir='ltr'><strong>fuit</strong></span> <span class='ocrx_word' id='word_1_264' title='bbox 809 4221 982 4310; x_wconf 88' lang='lat' dir='ltr'><strong>receptus</strong></span> <span class='ocrx_word' id='word_1_265' title='bbox 996 4207 1033 4280; x_wconf 94' lang='lat' dir='ltr'><strong>in</strong></span> <span class='ocrx_word' id='word_1_266' title='bbox 1050 4207 1163 4283; x_wconf 91' lang='lat' dir='ltr'><strong>domo</strong></span> <span class='ocrx_word' id='word_1_267' title='bbox 1184 4208 1231 4283; x_wconf 92' lang='lat' dir='ltr'><strong>de</strong></span> <span class='ocrx_word' id='word_1_268' title='bbox 1247 4205 1447 4282; x_wconf 86' lang='lat' dir='ltr'><strong>Aureliano</strong></span> <span class='ocrx_word' id='word_1_269' title='bbox 1462 4203 1691 4309; x_wconf 82' lang='lat' dir='ltr'><strong>persrotrem</strong></span> <span class='ocrx_word' id='word_1_270' title='bbox 1702 4201 1797 4282; x_wconf 88' lang='lat' dir='ltr'><strong>Guil-</strong></span> 
     </span>
     <span class='ocr_line' id='line_1_29' title="bbox 384 4329 1796 4442; baseline -0.008 -26"><span class='ocrx_word' id='word_1_271' title='bbox 384 4337 539 4416; x_wconf 91' lang='lat' dir='ltr'><strong>lelmum</strong></span> <span class='ocrx_word' id='word_1_272' title='bbox 565 4339 612 4414; x_wconf 93' lang='lat' dir='ltr'><strong>de</strong></span> <span class='ocrx_word' id='word_1_273' title='bbox 631 4337 794 4442; x_wconf 81' lang='lat' dir='ltr'><strong>Stempis</strong></span> <span class='ocrx_word' id='word_1_274' title='bbox 821 4352 1077 4442; x_wconf 90' lang='lat' dir='ltr'><strong>preceptorem</strong></span> <span class='ocrx_word' id='word_1_275' title='bbox 1103 4336 1265 4414; x_wconf 81' lang='lat' dir='ltr'><strong>baillivis</strong></span> <span class='ocrx_word' id='word_1_276' title='bbox 1293 4337 1339 4412; x_wconf 93' lang='lat' dir='ltr'><strong>de</strong></span> <span class='ocrx_word' id='word_1_277' title='bbox 1364 4335 1540 4442; x_wconf 82' lang='lat' dir='ltr'><strong>Stsmpis,</strong></span> <span class='ocrx_word' id='word_1_278' title='bbox 1565 4348 1694 4412; x_wconf 76' lang='lat' dir='ltr'><strong>xxrru⁰¹</strong></span> <span class='ocrx_word' id='word_1_279' title='bbox 1718 4329 1796 4409; x_wconf 86' lang='lat' dir='ltr'><strong>anni</strong></span> 
     </span>
     <span class='ocr_line' id='line_1_30' title="bbox 384 4461 1796 4574; baseline -0.006 -30"><span class='ocrx_word' id='word_1_280' title='bbox 384 4469 442 4546; x_wconf 85' lang='lat' dir='ltr'><strong>vel</strong></span> <span class='ocrx_word' id='word_1_281' title='bbox 462 4470 571 4558; x_wconf 82' lang='lat' dir='ltr'><strong>circe,</strong></span> <span class='ocrx_word' id='word_1_282' title='bbox 597 4467 832 4574; x_wconf 86' lang='lat' dir='ltr'><strong>presentibus</strong></span> <span class='ocrx_word' id='word_1_283' title='bbox 852 4465 1027 4544; x_wconf 81' lang='lat' dir='ltr'><strong>fratribus</strong></span> <span class='ocrx_word' id='word_1_284' title='bbox 1047 4467 1157 4544; x_wconf 85' lang='lat' dir='ltr'><strong>Petro</strong></span> <span class='ocrx_word' id='word_1_285' title='bbox 1179 4467 1226 4542; x_wconf 93' lang='lat' dir='ltr'><strong>de</strong></span> <span class='ocrx_word' id='word_1_286' title='bbox 1247 4465 1362 4544; x_wconf 84' lang='lat' dir='ltr'><strong>Gales</strong></span> <span class='ocrx_word' id='word_1_287' title='bbox 1378 4483 1417 4542; x_wconf 91' lang='lat' dir='ltr'><strong>et</strong></span> <span class='ocrx_word' id='word_1_288' title='bbox 1435 4464 1547 4543; x_wconf 82' lang='lat' dir='ltr'><strong>fratre</strong></span> <span class='ocrx_word' id='word_1_289' title='bbox 1567 4465 1738 4542; x_wconf 85' lang='lat' dir='ltr'><strong>Johanne</strong></span> <span class='ocrx_word' id='word_1_290' title='bbox 1756 4461 1796 4536; x_wconf 88' lang='lat' dir='ltr'><strong>de</strong></span> 
     </span>
     <span class='ocr_line' id='line_1_31' title="bbox 384 4593 1797 4707; baseline -0.008 -29"><span class='ocrx_word' id='word_1_291' title='bbox 384 4602 518 4707; x_wconf 79' lang='lat' dir='ltr'><strong>Magno</strong></span> <span class='ocrx_word' id='word_1_292' title='bbox 538 4601 667 4677; x_wconf 90' lang='lat' dir='ltr'><strong>Ponte.</strong></span> <span class='ocrx_word' id='word_1_293' title='bbox 689 4599 790 4676; x_wconf 91' lang='lat' dir='ltr'><strong>Dixit</strong></span> <span class='ocrx_word' id='word_1_294' title='bbox 805 4599 922 4675; x_wconf 85' lang='lat' dir='ltr'><strong>eciem</strong></span> <span class='ocrx_word' id='word_1_295' title='bbox 942 4625 1009 4705; x_wconf 89' lang='lat' dir='ltr'><strong>per</strong></span> <span class='ocrx_word' id='word_1_296' title='bbox 1018 4598 1277 4703; x_wconf 87' lang='lat' dir='ltr'><strong>juramentum</strong></span> <span class='ocrx_word' id='word_1_297' title='bbox 1296 4626 1406 4674; x_wconf 89' lang='lat' dir='ltr'><strong>sumn</strong></span> <span class='ocrx_word' id='word_1_298' title='bbox 1427 4597 1546 4702; x_wconf 93' lang='lat' dir='ltr'><strong>quod,</strong></span> <span class='ocrx_word' id='word_1_299' title='bbox 1569 4613 1656 4702; x_wconf 89' lang='lat' dir='ltr'><strong>post</strong></span> <span class='ocrx_word' id='word_1_300' title='bbox 1671 4593 1797 4671; x_wconf 80' lang='lat' dir='ltr'><strong>mutus</strong></span> 
     </span>
     <span class='ocr_line' id='line_1_32' title="bbox 383 4725 1796 4835; baseline -0.007 -30"><span class='ocrx_word' id='word_1_301' title='bbox 383 4730 648 4835; x_wconf 87' lang='lat' dir='ltr'><strong>promissiones</strong></span> <span class='ocrx_word' id='word_1_302' title='bbox 664 4729 770 4804; x_wconf 82' lang='lat' dir='ltr'><strong>abeo</strong></span> <span class='ocrx_word' id='word_1_303' title='bbox 785 4726 897 4802; x_wconf 82' lang='lat' dir='ltr'><strong>factas</strong></span> <span class='ocrx_word' id='word_1_304' title='bbox 913 4726 959 4804; x_wconf 91' lang='lat' dir='ltr'><strong>de</strong></span> <span class='ocrx_word' id='word_1_305' title='bbox 977 4727 1216 4804; x_wconf 86' lang='lat' dir='ltr'><strong>observandis</strong></span> <span class='ocrx_word' id='word_1_306' title='bbox 1235 4726 1382 4802; x_wconf 77' lang='lat' dir='ltr'><strong>statutis</strong></span> <span class='ocrx_word' id='word_1_307' title='bbox 1399 4742 1436 4800; x_wconf 91' lang='lat' dir='ltr'><strong>et</strong></span> <span class='ocrx_word' id='word_1_308' title='bbox 1458 4725 1612 4801; x_wconf 86' lang='lat' dir='ltr'><strong>secretis</strong></span> <span class='ocrx_word' id='word_1_309' title='bbox 1635 4725 1724 4799; x_wconf 91' lang='lat' dir='ltr'><strong>dicti</strong></span> <span class='ocrx_word' id='word_1_310' title='bbox 1745 4750 1796 4798; x_wconf 90' lang='lat' dir='ltr'><strong>or-</strong></span> 
     </span>
     <span class='ocr_line' id='line_1_33' title="bbox 385 4852 1795 4965; baseline -0.009 -29"><span class='ocrx_word' id='word_1_311' title='bbox 385 4861 500 4948; x_wconf 87' lang='lat' dir='ltr'><strong>dinis,</strong></span> <span class='ocrx_word' id='word_1_312' title='bbox 523 4859 644 4936; x_wconf 86' lang='lat' dir='ltr'><strong>dietus</strong></span> <span class='ocrx_word' id='word_1_313' title='bbox 663 4857 849 4962; x_wconf 88' lang='lat' dir='ltr'><strong>recipiens</strong></span> <span class='ocrx_word' id='word_1_314' title='bbox 878 4855 1042 4934; x_wconf 89' lang='lat' dir='ltr'><strong>ostendit</strong></span> <span class='ocrx_word' id='word_1_315' title='bbox 1060 4857 1129 4933; x_wconf 90' lang='lat' dir='ltr'><strong>sibi</strong></span> <span class='ocrx_word' id='word_1_316' title='bbox 1156 4855 1360 4965; x_wconf 81' lang='lat' dir='ltr'><strong>quemdum</strong></span> <span class='ocrx_word' id='word_1_317' title='bbox 1387 4882 1536 4932; x_wconf 88' lang='lat' dir='ltr'><strong>crucem</strong></span> <span class='ocrx_word' id='word_1_318' title='bbox 1556 4854 1595 4929; x_wconf 92' lang='lat' dir='ltr'><strong>in</strong></span> <span class='ocrx_word' id='word_1_319' title='bbox 1614 4852 1795 4958; x_wconf 79' lang='lat' dir='ltr'><strong>presencie</strong></span> 
     </span>
    </p>
   </div>
   <div class='ocr_carea' id='block_1_4' title="bbox 0 0 2110 5882">
    <p class='ocr_par' dir='ltr' id='par_1_5' title="bbox 0 0 2110 5882">
     <span class='ocr_line' id='line_1_34' title="bbox 0 0 2110 5882; baseline 0 1"><span class='ocrx_word' id='word_1_320' title='bbox 0 0 2110 5882; x_wconf 95' lang='lat' dir='ltr'><strong> </strong></span> 
     </span>
    </p>
   </div>
  </div>
 </body>
</html>
