4242 5890
705 499 1023 624 enocns'nus
1048 551 1352 626 teupernus,
1666 554 1736 626 aar

319 715 427 768 cruce
452 715 536 766 cum
562 685 683 794 effigie
710 689 826 770 lbesn
856 689 1011 779 Christi,
1041 691 1226 796 recipiens
1249 691 1364 797 periit
1380 689 1427 768 ab
1449 718 1495 768 eo
1516 691 1546 766 si
1568 691 1743 769 credebat

318 818 422 923 quod
434 835 531 896 esset
540 818 852 898 lhesustristus
862 821 1105 928 cujusymago
1119 819 1172 897 ibi
1186 838 1279 912 erat,
1293 821 1421 926 etipse
1434 821 1743 926 responditquod

318 948 388 1036 sic,
415 967 453 1028 et
474 966 564 1026 tunc
587 948 689 1026 idem
710 950 895 1055 recipiens
920 950 1086 1056 precepit
1110 950 1145 1026 ei
1171 967 1208 1028 et
1232 950 1406 1056 injunxit,
1429 951 1468 1026 in
1493 950 1629 1026 virtute
1650 951 1743 1028 obe·

319 1078 481 1167 diencie,
494 1078 601 1186 quod
613 1079 812 1185 abnegaret
824 1099 883 1158 ter
896 1079 1002 1158 illum
1018 1067 1125 1187 cujus
1137 1107 1271 1188 ymago
1287 1099 1366 1160 erat
1381 1081 1450 1170 ibi,
1470 1098 1507 1158 et
1519 1098 1578 1158 ter
1591 1098 1745 1186 spueret

318 1236 430 1313 supra
446 1236 544 1296 eam,
567 1210 844 1315 propterquod
864 1211 944 1316 ipse
964 1209 1036 1288 fuit
1055 1210 1217 1288 multum
1237 1212 1407 1296 territus,
1430 1227 1467 1288 et
1484 1209 1645 1288 finaliter
1664 1211 1743 1316 ipse

318 1365 399 1430 ore,
423 1337 489 1416 sed
514 1366 590 1415 non
610 1338 739 1427 corde,
761 1355 805 1416 ut
825 1341 931 1428 dicit,
953 1340 1145 1448 abnegavit
1163 1358 1222 1418 ter
1240 1341 1365 1446 ipsum
1385 1342 1491 1447 cujus
1512 1367 1645 1447 ymago
1667 1358 1744 1418 erat

318 1467 388 1554 ibi,
411 1483 451 1544 et
467 1484 526 1544 ter
536 1468 637 1572 spuit
651 1497 764 1574 supra
779 1496 926 1546 cmcem
949 1487 987 1546 et
999 1470 1210 1575 ymaginem
1225 1470 1423 1574 predictas.

373 1598 466 1674 ltem
481 1597 575 1674 dixit
585 1625 655 1702 per
666 1598 923 1703 juramentum
943 1598 1049 1704 quod
1067 1599 1255 1676 osculatus
1275 1598 1345 1676 fuit
1363 1599 1542 1676 eumdem
1559 1599 1743 1704 recipien-

317 1744 409 1815 tem,
427 1727 475 1804 de
492 1744 669 1832 precepto
686 1729 876 1835 ejusdcm,
894 1729 933 1806 in
957 1728 1150 1807 umbilico.

373 1858 467 1934 Item
484 1856 576 1932 dixit
586 1885 653 1962 per
662 1858 920 1964 juramentum
935 1885 1045 1936 suum
1059 1859 1166 1964 quod
1178 1861 1361 1964 recipiens
1373 1859 1540 1965 precepit
1552 1859 1623 1938 sibi
1639 1861 1744 1965 quod

317 1986 520 2064 abstineret
547 1986 829 2076 mulieribus,
857 2003 896 2064 et
923 1987 1087 2098 quodsi
1113 1987 1213 2064 calor
1238 1989 1415 2066 naturalis
1440 2007 1608 2068 moveret
1634 2017 1741 2076 eum,

317 2115 421 2222 quod
442 2115 598 2194 baberet
621 2145 702 2194 rem
725 2117 921 2196 carnaliter
947 2146 1034 2194 cum
1053 2117 1229 2196 iratribus
1244 2119 1338 2207 suis,
1362 2138 1399 2196 et
1411 2119 1590 2196 'similiter
1612 2147 1676 2196 eos
1696 2121 1744 2196 ad

317 2243 556 2324 concubitum
578 2245 803 2324 admitteret.
826 2245 902 2326 Sed
921 2247 1000 2353 ipse
1016 2275 1208 2354 nunquam
1223 2245 1328 2337 fecit,
1350 2264 1393 2325 ut
1412 2249 1520 2336 dicit,
1543 2277 1613 2326 nec
1631 2277 1745 2354 super

317 2374 391 2450 hoc
411 2374 530 2450 extitit
546 2375 760 2478 requisitus.
776 2376 914 2452 Dicens
934 2376 1037 2481 quod
1057 2375 1279 2454 multociens
1297 2375 1369 2453 luit
1384 2377 1454 2454 sibi
1469 2394 1690 2482 preceptum
1707 2396 1745 2456 et

317 2500 522 2579 inhibitum
541 2501 588 2578 ab
608 2502 674 2578 illo
694 2503 760 2608 qui
779 2503 931 2581 tenebat
950 2503 1154 2611 capitulum
1175 2505 1280 2611 quod
1301 2505 1407 2584 nullo
1427 2508 1543 2586 modo
1564 2507 1744 2586 revelaret

316 2629 483 2733 predicta
498 2647 638 2708 secreta
652 2631 807 2710 ordinis.

372 2763 468 2838 ltem
493 2760 585 2837 dixit
608 2789 678 2866 per
702 2763 961 2868 juramentum
978 2789 1091 2840 suum
1109 2763 1216 2868 quod
1233 2763 1325 2841 vidit
1346 2765 1461 2870 recipi
1490 2767 1604 2844 simili
1628 2768 1744 2845 modo

317 2889 469 2968 fratrem
481 2892 650 2982 Petrum,
663 2909 790 2970 nattam
805 2920 923 2997 prope
935 2893 1148 2983 Yvriacum,
1164 2895 1364 3001 agricolam
1380 2896 1515 2974 domus
1526 2897 1573 2974 de
1586 2897 1743 3004 Oreugi,

318 3037 355 3098 et
376 3021 529 3100 fratrem
553 3022 762 3102 iohannem
785 3022 865 3130 ejus
888 3021 1041 3102 fratrem
1068 3043 1278 3104 morantem
1301 3026 1341 3102 in
1368 3025 1483 3104 domo
1509 3028 1556 3104 de
1581 3029 1746 3106 Puteolis

311 3151 416 3257 juxta
434 3153 613 3257 Luparas,
637 3171 676 3230 et
691 3152 874 3259 abnegare
895 3172 933 3231 et
949 3181 1086 3260 spuere
1101 3153 1198 3233 sicut
1215 3165 1337 3261 supra.

371 3285 465 3364 Item
483 3283 591 3373 dixit,
612 3311 681 3388 per
693 3282 953 3389 juramentum
972 3312 1084 3362 suum
1105 3283 1152 3360 ab
1173 3313 1219 3363 eo
1237 3312 1350 3391 super
1372 3287 1443 3363 hoc
1458 3288 1594 3364 iterum
1615 3291 1747 3394 presti-

316 3430 414 3506 tum,
426 3413 531 3518 quod
545 3413 599 3501 vi,
615 3411 675 3490 vel
687 3429 794 3490 metu
809 3413 966 3490 carceris
980 3431 1045 3492 aut
1059 3405 1255 3506 tormenti,
1270 3441 1339 3492 seu
1348 3415 1552 3507 aliacausa,
1567 3445 1643 3496 non
1655 3419 1746 3496 dixit

316 3540 419 3618 aliud
444 3569 558 3647 quam
578 3543 786 3630 veritatem,
809 3569 879 3620 nec
903 3541 1094 3648 premissis
1118 3543 1320 3622 immiscuit
1343 3545 1504 3652 aliquam
1530 3547 1742 3637 salsitatem,

317 3689 353 3748 et
377 3673 482 3778 quod
510 3702 643 3780 puram
664 3673 859 3752 veritatem
884 3674 976 3752 dixit
999 3702 1069 3779 pro
1090 3675 1207 3754 salute
1231 3675 1353 3754 anime
1378 3705 1458 3755 sue.
1484 3681 1594 3755 Facte
1619 3695 1745 3756 autem

315 3802 468 3881 fuerunt
492 3804 744 3882 confessiones
769 3821 807 3882 et
832 3805 1092 3911 deposiciones
1106 3805 1185 3906 ¹bec
1208 3835 1228 3882 a
1252 3806 1359 3883 dictis
1379 3807 1546 3914 quinque
1570 3807 1745 3886 fratribus

316 3933 533 4012 immediate
556 3935 845 4040 precedentibus
863 3935 1116 4044 singulariter,
1137 3953 1179 4012 ut
1195 3937 1436 4041 premittitur,
1453 3938 1678 4045 juramentis
1697 3939 1743 4016 ab

316 4064 482 4171 ipsorum
494 4065 664 4171 quolibet
677 4084 721 4143 ut
735 4094 844 4172 supra
858 4067 996 4144 dicitur
1007 4067 1188 4174 prestitis,
1203 4067 1242 4144 in
1256 4071 1446 4173 presencia
1461 4069 1550 4148 dicti
1563 4069 1685 4146 fratris
1698 4071 1742 4148 N.

317 4194 557 4272 commissarii
581 4196 739 4300 predicti
768 4195 912 4274 domini
942 4195 1175 4303 inquisitoris
1199 4195 1347 4303 prelati,
1373 4198 1474 4286 loco,
1502 4227 1618 4288 anno,
1645 4200 1744 4276 indi-

316 4322 441 4412 cione,
463 4323 700 4429 pontificatu,
726 4354 822 4404 anno
843 4344 881 4404 et
908 4325 970 4404 die
991 4327 1185 4432 predictis,
1211 4327 1449 4433 presentibus
1463 4329 1645 4436 religiosis
1656 4329 1745 4405 viris

315 4451 492 4532 iratribus
509 4456 731 4562 Raymundo
751 4457 799 4532 de
819 4455 987 4534 Tholosa
1007 4471 1045 4532 et
1064 4457 1224 4562 Rogerio
1244 4457 1292 4534 de
1311 4457 1446 4563 Apulia
1474 4458 1617 4536 ordinis
1634 4460 1745 4536 Here-

317 4585 492 4662 mitat-um
520 4586 643 4665 Sancti
672 4586 890 4695 Augustini,
918 4603 958 4664 et
981 4587 1137 4664 domino
1158 4586 1350 4666 Clemente
1376 4587 1422 4665 de
1443 4588 1667 4666 Castellione
1688 4617 1745 4666 ca-

315 4715 450 4792 nonico
469 4716 702 4806 Nivernensi,
718 4717 878 4795 testibus
893 4719 941 4794 ad
961 4717 1032 4794 hoc
1050 4717 1188 4794 vocatis
1202 4735 1239 4794 et
1253 4717 1402 4822 rogatis.
