4242 5890
377 515 452 594 312
764 483 959 579 raocts
985 504 1080 576 cns
1106 504 1405 577 reaumaus

433 651 528 726 Item
547 645 659 724 frater
676 646 866 726 lohannes
887 647 934 724 de
954 646 1124 724 Verreria
1152 645 1264 724 frater
1286 647 1469 737 serviens,
1485 644 1632 752 juratus
1662 645 1795 726 eodem

377 778 490 856 modo
513 777 560 854 de
582 804 621 852 se
643 793 680 854 et
699 777 782 854 aliis
805 777 843 852 in
864 804 969 854 causa
989 775 1080 852 fidei
1109 776 1232 853 dicere
1252 777 1464 864 veritatem,
1494 791 1531 852 et
1551 775 1796 882 interrogatus

380 909 427 984 de
447 924 616 1013 tempore
637 926 675 986 et
692 906 809 984 modo
835 935 900 982 sue
928 905 1173 1010 recepcionis,
1202 907 1295 983 dixit
1320 933 1388 1011 per
1406 905 1662 1011 juramentum
1687 935 1797 986 suum

377 1039 481 1145 quod
500 1040 651 1146 triginta
669 1039 754 1114 anni
776 1053 863 1114 sunt
883 1035 996 1141 elapsi
1019 1034 1122 1141 quod
1141 1036 1214 1113 luit
1234 1053 1406 1151 receptus
1427 1035 1466 1112 in
1491 1036 1606 1114 domo
1626 1037 1673 1112 de
1699 1036 1796 1115 Malo

377 1169 555 1272 Repastu,
578 1199 645 1274 per
661 1169 812 1244 fratrem
839 1167 870 1242 J.
886 1165 1071 1241 Francisci
1096 1164 1255 1244 militem
1274 1165 1364 1242 dicti
1385 1165 1546 1254 ordinis,
1564 1167 1797 1270 presentibus

377 1297 486 1374 fratre
500 1297 697 1404 Radulpbo
714 1297 760 1372 de
775 1296 978 1400 Triangulo
1001 1293 1111 1371 fratre
1131 1294 1220 1371 dicti
1249 1294 1409 1384 ordinis,
1430 1312 1468 1372 et
1481 1295 1707 1402 quibusdam
1719 1296 1798 1374 aliis

380 1427 427 1503 de
451 1456 614 1532 quorum
634 1425 849 1504 nominibus
877 1453 953 1500 non
980 1424 1122 1502 recolit.
1138 1424 1240 1502 Dixit
1259 1423 1374 1502 eciam
1395 1426 1513 1530 quod,
1533 1423 1643 1534 [post]
1665 1427 1799 1503 multas

376 1557 642 1660 promissiones
661 1555 771 1632 factas
787 1556 835 1630 de
852 1554 1092 1632 observandis
1109 1555 1256 1632 statutis
1271 1555 1361 1632 dicti
1373 1554 1535 1644 ordinis,
1552 1572 1719 1660 aportata
1731 1553 1800 1632 luit

377 1686 539 1790 quedam
555 1716 643 1762 crux
660 1686 700 1760 in
718 1713 792 1791 qua
814 1701 892 1760 erat
910 1712 1040 1790 ymago
1062 1682 1244 1774 crucifixi;
1263 1700 1300 1762 et
1317 1683 1405 1762 lecit
1425 1684 1534 1762 illum
1548 1686 1732 1791 recipiens
1743 1703 1801 1762 ter

378 1815 561 1921 abnegare
582 1815 689 1892 illum
698 1815 809 1922 'cujus
824 1843 956 1921 ymago
972 1833 1051 1890 erat
1068 1815 1121 1891 ibi
1138 1814 1301 1921 depicta,
1322 1832 1360 1890 et
1373 1832 1433 1906 ter
1445 1843 1578 1920 spuere
1595 1848 1603 1891 ε
1619 1816 1679 1894 bis
1691 1844 1801 1921 supra

379 1972 526 2021 crucem
547 1963 583 2022 et
600 1944 716 2022 semel
731 1943 778 2020 ad
798 1961 945 2020 terram.
962 1945 1065 2032 Dixit
1085 1945 1202 2021 eciam
1221 1972 1290 2050 per
1300 1944 1555 2050 juramentum
1573 1973 1683 2024 suum
1698 1946 1801 2052 quod

379 2075 545 2180 precepit
553 2073 623 2151 sibi
640 2073 742 2180 quod
762 2072 961 2149 abstineret
977 2101 1016 2149 se
1035 2072 1309 2162 amulieribus,
1328 2091 1365 2150 et
1379 2075 1639 2152 commisceret
1656 2103 1696 2152 se
1718 2103 1801 2152 cum

380 2203 606 2282 bominibus.
628 2206 880 2310 Interrogatus
892 2201 939 2278 de
953 2203 1100 2291 osculo,
1116 2203 1209 2282 dixit
1226 2232 1293 2307 per
1302 2205 1559 2311 juramentum
1572 2233 1684 2282 suum
1699 2205 1801 2311 quod

381 2334 566 2411 osculatus
584 2332 657 2410 fuit
665 2334 906 2437 recipientem
919 2332 958 2408 in
972 2332 1047 2409 fine
1064 2334 1169 2438 spine
1183 2334 1284 2411 dorsi
1301 2334 1432 2423 semel,
1451 2351 1488 2410 et
1499 2334 1615 2412 semel
1629 2335 1669 2410 in
1682 2334 1804 2412 umbi-

381 2463 468 2552 lico,
485 2481 522 2540 et
539 2460 705 2540 semelin
720 2489 797 2538 ore.
815 2462 1028 2568 Requisitus
1048 2479 1176 2541 utrum
1192 2464 1243 2552 vi,
1265 2463 1323 2540 vel
1337 2480 1441 2542 metu
1455 2481 1735 2542 tormentorum
1747 2463 1803 2540 vel

250 2599 255 2606 '
381 2592 551 2678 carceris,
572 2607 637 2667 aut
652 2589 781 2666 eliade
797 2619 921 2679 causa,
943 2592 983 2668 in
1000 2593 1240 2697 depositione
1256 2621 1322 2670 sua
1338 2594 1471 2670 dixerit
1486 2593 1697 2682 salsitatem,
1715 2593 1805 2672 dixit

381 2749 449 2825 per
472 2723 730 2828 juramentum
760 2749 869 2798 suum
897 2721 1003 2828 quod
1022 2751 1112 2814 non,
1145 2725 1259 2802 immo
1279 2753 1413 2831 puram
1434 2741 1472 2802 ot
1496 2752 1639 2802 meram
1665 2723 1804 2800 dixerat

383 2869 585 2930 verrtatem.
667 2893 675 2912 ·

439 3114 533 3188 Item
558 3111 671 3190 frater
691 3114 845 3221 Egidius
876 3117 1119 3222 d'Espernaut
1145 3147 1208 3195 sur
1232 3117 1346 3194 Aiane
1378 3115 1538 3194 diocesis
1567 3115 1806 3194 suessionen·

384 3242 449 3330 sis,
472 3243 578 3319 etatis
599 3246 784 3352 sexaginta
804 3275 1004 3336 annorum,
1031 3265 1229 3353 preceptor
1253 3249 1391 3326 domus
1412 3245 1636 3336 d'Amblers,
1661 3247 1806 3353 juratus

384 3371 519 3448 eodem
538 3375 653 3450 modo
674 3374 720 3450 de
737 3404 777 3451 se
798 3396 837 3452 et
852 3377 932 3453 aliis
948 3377 987 3452 in
1008 3405 1115 3456 causa
1132 3377 1221 3455 fidei
1238 3379 1362 3456 dicere
1375 3379 1582 3465 veritatem,
1600 3394 1638 3454 et
1651 3377 1806 3454 interro-

382 3520 486 3608 gatus
511 3503 559 3580 de
580 3522 749 3608 tempore
775 3525 812 3582 et
836 3507 950 3584 modo
981 3510 1212 3613 recepcionis
1236 3529 1320 3598 sue,
1344 3507 1439 3586 dixit
1464 3538 1531 3614 per
1554 3508 1807 3615 juramentum

383 3661 491 3708 suum
517 3635 621 3738 quod
645 3661 704 3712 xxi
722 3637 808 3711 anni
830 3655 916 3712 sunt
936 3638 1039 3743 quod
1060 3637 1130 3712 fuit
1152 3656 1322 3742 receptus
1341 3639 1381 3714 in
1402 3639 1517 3716 domo
1539 3637 1676 3714 Montis
1697 3637 1809 3713 Sues-

383 3761 581 3853 sionensis‚
598 3793 665 3867 per
679 3763 830 3841 fratrem
848 3765 1087 3869 Arnulphum
1105 3765 1152 3842 de
1173 3767 1429 3855 Wissemelle‚
1443 3767 1678 3871 presentibus
1696 3764 1807 3840 fratre

382 3889 577 3996 Radulpbo
595 3893 642 3968 de
660 3895 799 3970 Mersin
819 3911 857 3969 et
873 3895 1098 3998 quibusdam
1116 3895 1198 3972 aliis
1214 3895 1389 3972 fratribus
1407 3896 1455 3973 de
1475 3925 1637 4003 quorum
1649 3895 1809 3971 nomini-

383 4019 454 4095 bus
472 4048 549 4096 non
564 4021 706 4099 recolit.
722 4023 822 4099 Dixit
835 4023 953 4098 eciam
969 4051 1037 4128 per
1049 4023 1430 4129 juramentum‘suum
1442 4026 1564 4131 quod,
1580 4041 1664 4130 post
1677 4021 1808 4100 multas

384 4149 648 4251 promissiones
659 4149 771 4228 factas
786 4151 832 4228 ab
845 4179 890 4228 eo
905 4151 953 4227 de
970 4151 1206 4232 observandis
1222 4155 1366 4232 statutis
1383 4154 1470 4232 dicti
1484 4155 1643 4241 ordinis,
1657 4152 1809 4258 quidam

384 4277 529 4366 fratres,
552 4307 713 4385 quorum
732 4310 830 4358 unus
850 4281 1046 4358 vocabatur
1068 4283 1180 4360 frater
1197 4283 1426 4362 Baldoinnus
1447 4283 1495 4360 de
1510 4283 1646 4371 Tberi,
1666 4297 1704 4358 et
1719 4279 1810 4360 alius

385 4407 496 4486 frater
507 4410 693 4486 lohannes
705 4409 740 4486 le
749 4395 899 4518 Very'us,
917 4411 1102 4490 duxerunt
1113 4443 1201 4490 eum
1214 4413 1262 4490 ad
1273 4414 1591 4520 qnamdamaliam
1600 4429 1758 4519 partem,
1774 4428 1811 4486 et

384 4535 630 4617 ostenderunt
648 4541 718 4617 sibi
742 4542 942 4646 qnamdam
969 4573 1115 4621 crucem
1144 4545 1184 4619 in
1217 4544 1382 4650 quodam
1409 4544 1545 4622 missali
1575 4545 1612 4620 in
1637 4569 1710 4648 qua
1735 4557 1811 4618 erat

385 4667 502 4776 figura
528 4670 644 4748 Jhesu
664 4671 803 4749 Christi
825 4672 984 4778 depicta,
1013 4691 1050 4750 et
1075 4675 1270 4778 pecierunt
1292 4673 1338 4751 ab
1364 4703 1409 4751 eo
1437 4692 1563 4752 utrum
1584 4659 1755 4750 crederet
1772 4672 1810 4746 in

386 4800 494 4876 illum
508 4801 613 4909 cujus
627 4830 759 4909 ymago
776 4820 853 4879 erat
865 4802 936 4894 ibi;
955 4804 1149 4909 respondit
1162 4804 1266 4910 quod
1277 4805 1346 4893 sic,
1366 4821 1404 4882 et
1418 4821 1506 4882 tunc
1518 4805 1693 4902 dixerupt
1706 4801 1811 4910 quod
