4242 5890
385 573 459 646 ese
782 555 979 646 anonas
1005 573 1100 645 ons
1126 571 1425 646 rennuens.

384 712 531 790 multas·
541 711 808 818 promissiones
829 715 875 791 ab
897 743 942 792 eo
965 713 1076 792 lactas
1097 714 1144 792 de
1166 713 1408 793 observandis
1428 713 1591 802 statutis,
1615 733 1815 793 consuetu·

385 842 538 920 dinibus
567 861 604 919 et
629 845 779 921 secretis
804 845 961 936 ordinis,
987 845 1057 922 suit
1081 845 1151 922 sibi
1173 862 1364 952 apportata
1385 874 1475 922 crux
1495 844 1535 922 in
1555 871 1629 951 qua
1650 863 1729 924 erat
1750 846 1814 923 de-

382 975 479 1078 picta
499 1002 633 1082 ymago
653 975 769 1052 Jbesu
788 975 943 1064 Christi,
967 995 1004 1053 et
1022 993 1112 1053 tunc
1130 975 1298 1084 precepit
1318 975 1388 1054 sibi
1410 975 1534 1053 dictus
1554 976 1729 1082 magister
1748 978 1812 1084 qui

383 1107 524 1210 recepit
550 1133 637 1182 eum
658 1104 761 1210 quod
787 1123 846 1182 ter
873 1125 1023 1212 spueret
1049 1137 1161 1212 supra
1186 1108 1323 1185 dictam
1345 1135 1495 1184 crucem
1516 1123 1553 1184 et
1577 1107 1811 1214 ymaginem,

383 1237 488 1342 quod
509 1235 596 1313 fecit
616 1236 664 1312 de
681 1255 857 1343 precepto
875 1267 961 1327 suo;
977 1255 1014 1314 et
1029 1257 1173 1343 postea,
1193 1239 1239 1315 de
1255 1256 1431 1345 precepto
1447 1238 1620 1345 ejusdem
1631 1239 1815 1344 recipien-

382 1367 445 1454 tis,
470 1367 656 1444 osculatus
671 1367 743 1446 luit
764 1397 851 1444 eum
867 1369 905 1445 in
922 1368 1089 1447 inferiori
1105 1387 1208 1476 parte
1225 1370 1332 1476 spine
1353 1369 1472 1457 dorsi,
1493 1369 1661 1448 secundo
1677 1369 1717 1446 in
1731 1399 1814 1448 nm·

342 1588 346 1602 „
382 1496 513 1584 bilico,
529 1499 733 1576 ettertioin
746 1527 828 1586 ore;
844 1500 981 1578 etdixit
992 1529 1061 1605 per
1070 1503 1329 1607 juramentum
1341 1529 1454 1579 suum
1467 1501 1590 1608 quod,
1607 1501 1678 1577 hoc
1694 1500 1809 1590 lacto,

382 1628 567 1734 recipiens
598 1631 767 1736 precepit
792 1632 825 1708 ei
855 1631 961 1738 quod
990 1630 1145 1710 baberet
1174 1661 1255 1710 rem
1282 1661 1368 1710 cum
1394 1631 1572 1710 fratribus
1591 1632 1754 1721 ordini's,
1782 1635 1810 1708 si

308 1817 314 1826 .
381 1759 505 1848 vellet,
530 1778 566 1836 et
585 1778 739 1866 propter
757 1762 830 1840 boc
850 1763 1005 1840 credens
1025 1763 1095 1841 sibi
1113 1763 1225 1841 licere
1242 1765 1322 1842 sine
1339 1782 1508 1870 peccato,
1530 1761 1590 1840 bis
1606 1764 1813 1842 immiscuit

381 1919 420 1966 se
442 1889 640 1968 carnaliter
659 1921 744 1970 cum
773 1895 937 2000 quodam
960 1894 1027 1999 qui
1051 1913 1202 1972 vocatur
1226 1895 1338 1972 frater
1357 1893 1605 1983 Guillermus,
1633 1893 1722 1970 dicti
1751 1922 1812 1971 or·

382 2019 496 2110 dinis,
525 2020 593 2098 sed
617 2023 734 2100 nescit
757 2023 821 2100 ubi
851 2041 1018 2102 moratur
1040 2053 1151 2102 nunc.
1177 2027 1279 2103 Dixit
1307 2025 1424 2103 eciam
1450 2025 1556 2131 quod
1580 2023 1811 2130 intelligebat

381 2153 569 2228 racionem
590 2153 748 2257 predicti
767 2154 929 2232 mandati
950 2154 1023 2232 sibi
1042 2155 1145 2244 lacti,
1163 2156 1268 2262 quod
1287 2157 1316 2234 si
1338 2155 1432 2233 illud
1451 2155 1587 2233 vicium
1607 2155 1812 2232 commisis-

380 2299 436 2356 set
456 2311 542 2360 cum
567 2283 641 2360 alio
669 2284 736 2389 qui
766 2313 842 2362 non
870 2301 967 2362 esset
991 2285 1039 2362 de
1066 2285 1215 2374 ordine,
1242 2303 1434 2393 peccatum
1459 2286 1623 2374 fecisset,
1650 2287 1811 2364 sednon

380 2442 464 2488 cum
486 2414 560 2490 illis
581 2415 627 2490 de
646 2415 792 2493 ordine.

436 2547 651 2650 Requisitus
661 2575 727 2650 per
735 2541 1114 2652 juramentumsuum
1128 2564 1256 2624 utrum
1272 2549 1319 2637 vi,
1336 2546 1392 2622 vel
1400 2564 1806 2636 metutormentorum,

379 2675 435 2752 vel
445 2678 582 2753 timore
597 2676 752 2783 alicujus
766 2706 879 2782 pene,
894 2706 961 2754 seu
977 2676 1046 2754 alia
1063 2705 1299 2784 quacumque
1317 2678 1364 2756 de
1383 2705 1509 2766 causa,
1526 2678 1690 2783 aliquam
1709 2677 1808 2754 felsi-

379 2825 492 2882 tatem
512 2806 663 2884 dixisset
679 2807 734 2882 vel
756 2807 1019 2884 immiscuisset
1034 2809 1073 2885 in
1098 2837 1164 2886 sua
1188 2808 1447 2914 deposicione,
1471 2807 1529 2884 vel
1547 2810 1739 2886 veritatem
1757 2825 1811 2884 ta-

379 2938 531 3026 cuisset,
549 2937 640 3014 dixit
658 2966 725 3042 per
734 2937 993 3043 juramentum
1013 2967 1123 3015 suum
1136 2938 1241 3044 quod
1259 2966 1354 3026 non,
1377 2936 1444 3016 sed
1458 2964 1590 3043 puram
1613 2954 1651 3015 et
1667 2967 1808 3016 merem

378 3069 570 3144 veritatem
591 3067 733 3145 dixerat
747 3069 827 3145 sine
849 3067 1016 3146 salsitate.

435 3329 526 3406 ltem
541 3327 653 3405 frater
669 3329 844 3406 Terricus
865 3329 912 3405 de
928 3330 1054 3406 Remis
1066 3337 1264 3435 preceptor
1278 3329 1414 3407 domus
1428 3330 1475 3407 de
1490 3330 1661 3435 Pruneyo
1676 3329 1809 3406 Ebroi-

378 3459 497 3534 censis
518 3459 692 3548 diocesis,
722 3460 827 3536 etatis
853 3460 1124 3566 quinquaginta
1144 3487 1328 3568 annorum
1349 3459 1406 3535 vel
1426 3461 1540 3547 circa,
1564 3489 1682 3548 anno,
1709 3463 1808 3538 indi-

376 3589 501 3676 cione,
522 3618 666 3678 mense,
685 3591 762 3678 die,
783 3589 1004 3696 pontificatu
1018 3608 1056 3667 et
1071 3619 1169 3668 anno
1183 3589 1379 3695 predictis,
1395 3589 1537 3666 indicti
1556 3591 1804 3696 inquisitoris,

376 3739 544 3800 nostrum
560 3721 792 3800 notariorum
808 3739 844 3798 et
856 3723 1007 3799 testium
1025 3719 1346 3828 infrascriptorum
1358 3721 1551 3826 presencia
1563 3719 1808 3826 personaliter

376 3853 620 3939 constitutus,
643 3853 778 3930 eodem
799 3853 914 3930 modo
934 3853 1082 3958 juratus
1107 3853 1231 3930 dicere
1251 3852 1298 3929 de
1323 3880 1363 3928 se
1389 3868 1427 3928 et
1454 3850 1499 3928 de
1527 3851 1606 3928 aliis
1633 3852 1672 3926 in
1698 3877 1806 3928 causa

376 3981 465 4060 lidei
487 3985 695 4071 veritatem,
718 3999 755 4060 et
775 3984 1025 4088 interrogatus
1046 3983 1092 4060 de
1108 4000 1278 4088 tempore
1293 3999 1330 4060 et
1349 3981 1466 4060 modo
1479 4010 1547 4060 sue
1563 3980 1803 4086 recepcionis‚

378 4113 469 4190 dixit
487 4142 555 4218 per
570 4114 827 4219 juramentum
848 4143 958 4190 suurn
978 4114 1084 4220 quod
1109 4130 1282 4219 receptus
1305 4111 1377 4190 fuit
1395 4113 1538 4203 Remis,
1563 4139 1632 4216 per
1653 4109 1804 4188 fratrem

377 4244 584 4322 Jobannem
595 4242 790 4351 leVerjus,
809 4243 855 4320 de
868 4243 1041 4322 mandato
1052 4243 1174 4323 fratris
1182 4243 1419 4349 Arnulphide
1428 4241 1661 4328 Wissemale,
1674 4241 1803 4346 viginti

376 4392 461 4450 octo
475 4377 560 4450 anni
580 4379 639 4452 vel
659 4376 754 4452 circa
769 4393 856 4452 sunt
875 4375 1006 4481 elapsi,
1023 4375 1259 4481 presentibus
1272 4374 1383 4452 fratre
1397 4372 1581 4452 Richardo
1598 4373 1645 4450 de
1662 4371 1802 4460 Remis,

375 4505 543 4609 ejusdem
565 4505 726 4592 ordinis,
749 4523 786 4582 et
803 4506 884 4584 aliis
905 4506 1110 4612 dequibus
1135 4535 1211 4584 non
1230 4504 1373 4583 recolit
1400 4505 1501 4582 Dixit
1523 4503 1640 4580 eciem
1660 4529 1726 4607 per
1741 4503 1803 4608 ju·

374 4653 584 4714 ramentum
603 4665 716 4716 suum
736 4637 840 4744 quod
860 4665 905 4714 eo
926 4655 1075 4742 recepto
1094 4655 1131 4714 et
1145 4636 1305 4714 clamide
1325 4636 1396 4714 sibi
1416 4636 1567 4724 tradita,
1584 4650 1669 4740 post
1682 4633 1800 4710 multa

374 4785 547 4874 precepta
568 4769 656 4846 dicti
680 4769 823 4846 ordinis
842 4768 912 4846 sibi
932 4767 1025 4846 lacte
1046 4795 1159 4873 super
1182 4767 1430 4846 observanciis
1448 4765 1606 4852 ordinis,
1626 4765 1801 4872 magister

373 4902 557 5008 recipiens
577 4900 723 4980 fecitse
742 4929 914 5004 pereum
932 4899 1088 4978 osculari
1110 4901 1149 4976 in
1170 4899 1244 4978 [ine
1265 4900 1372 5004 spine
1392 4898 1494 4978 dorsi
1519 4898 1594 4984 sui,
1615 4913 1744 5000 postea
1759 4897 1801 4972 in
