4486 5890
775 500 971 594 esocis
998 519 1093 592 nas
1118 515 1422 591 rennuens.
1740 517 1807 589 157

385 663 497 741 visset
515 662 733 742 societatem
766 659 912 739 ordinis
932 676 970 738 et
989 657 1153 738 finaliter
1180 659 1214 736 ei
1249 683 1423 736 concessa
1450 653 1596 744 luisset,
1630 654 1810 762 imposuit

326 796 336 816 '
386 791 509 872 dictus
528 807 699 899 receptor
712 790 784 868 sibi
800 789 1043 882 mantellum,
1060 789 1226 896 quodam
1246 785 1454 896 presbitero
1474 784 1686 878 assistente,
1704 789 1809 894 eujus

385 949 527 1001 nomen
548 939 587 1000 et
603 949 815 1028 cognomen
835 922 998 1029 ignorat,
1020 920 1168 998 dicente
1193 919 1374 1027 quasdam
1390 916 1598 1007 oraciones,
1621 932 1659 994 et
1678 944 1809 996 omnes

386 1069 547 1130 astantes
565 1051 721 1129 bierunt
738 1078 828 1128 eum
849 1051 1007 1129 osculati
1034 1051 1073 1127 in
1092 1077 1170 1129 ore.
1196 1048 1445 1128 Postmodum
1463 1047 1552 1126 fecit
1569 1073 1658 1124 eum
1679 1075 1808 1124 vovere

387 1197 426 1258 et
447 1182 574 1290 jurare
593 1181 699 1288 quod
719 1198 817 1260 esset
843 1179 1027 1260 obediens
1049 1180 1228 1258 omnibus
1248 1178 1506 1286 superioribus
1530 1177 1626 1265 suis,
1649 1193 1687 1254 et
1705 1180 1808 1285 quod

387 1328 548 1388 servaret
577 1310 801 1398 castitatem,
823 1326 862 1388 et
879 1311 1020 1388 viveret
1038 1309 1120 1387 sine
1140 1310 1314 1416 proprio,
1342 1327 1380 1388 et
1404 1309 1507 1417 quod
1532 1337 1609 1388 non
1629 1307 1810 1386 revelaret

385 1458 526 1518 secreta
545 1439 808 1548 capitulorum.
829 1439 978 1519 Deinde
997 1439 1165 1546 precepit
1181 1439 1215 1516 ei
1237 1439 1360 1518 dictus
1385 1456 1557 1546 receptor
1576 1439 1681 1546 quod
1700 1467 1809 1546 spue-

386 1587 444 1648 ret
462 1599 576 1678 super
601 1569 806 1677 quamdam
826 1597 976 1648 crucem
997 1570 1037 1646 in
1060 1585 1161 1647 terra
1182 1569 1358 1676 positam,
1381 1569 1499 1646 nescit
1523 1596 1592 1676 per
1621 1597 1736 1676 quem
1756 1571 1809 1648 al·

387 1698 500 1778 latam
526 1727 597 1778 nec
621 1699 745 1810 qualis
764 1717 877 1794 esset,
898 1701 1030 1808 pocius
1056 1717 1184 1778 umen
1213 1700 1335 1778 credit
1359 1699 1466 1806 quod
1492 1717 1590 1778 esset
1617 1699 1809 1779 metallina

385 1859 499 1938 quam
525 1830 616 1925 alia,
639 1847 677 1909 et
704 1832 784 1939 ipse
810 1832 917 1910 testis
941 1832 1042 1939 spuit
1068 1859 1146 1910 non
1175 1857 1289 1939 super
1317 1831 1385 1908 sed
1411 1830 1516 1938 juxta
1546 1859 1641 1908 eam.
1660 1831 1808 1909 Deinde

387 1962 556 2068 precepit
570 1961 605 2038 ei
625 1961 748 2039 dictus
767 1977 941 2068 receptor
956 1961 1063 2068 quod
1083 1961 1315 2039 oscularetur
1339 1989 1428 2039 eum
1449 1961 1490 2039 in
1516 1988 1607 2038 anca
1629 1961 1670 2038 in
1699 1990 1808 2038 carne

386 2091 506 2180 nuda,
528 2108 566 2169 et
589 2091 700 2170 certis
720 2090 926 2170 astantibus
948 2090 1159 2170 levantibus
1178 2091 1260 2199 ejus
1276 2107 1412 2180 vestes,
1442 2089 1515 2168 fuit
1533 2091 1573 2168 in
1596 2090 1694 2169 (licta
1719 2120 1808 2170 anca

387 2220 577 2300 osculatus
593 2222 785 2301 eumdem.
805 2223 894 2301 Post
921 2248 996 2329 que
1022 2222 1116 2300 dixit
1135 2222 1168 2299 ei
1190 2220 1297 2329 qnod
1309 2235 1457 2328 poterat
1473 2247 1560 2298 cum
1585 2219 1667 2297 aliis
1686 2219 1809 2298 fratri-

387 2352 459 2432 bus
478 2351 622 2430 ordinis
650 2352 846 2430 carnaliter
869 2353 1103 2432 commisceri
1133 2352 1262 2459 stipsi
1287 2379 1374 2429 cum
1402 2379 1466 2440 eo;
1488 2351 1560 2428 boc¹
1578 2367 1706 2428 tamen
1730 2379 1807 2431 non

387 2481 498 2576 fecit,
526 2510 597 2561 nec
625 2485 694 2562 scit
721 2511 793 2563 nec
811 2483 954 2563 audivit
973 2484 1046 2562 dici
1073 2482 1179 2592 quod
1205 2481 1245 2560 in
1269 2481 1402 2561 ordine
1430 2481 1555 2570 lieret,
1571 2509 1642 2558 nec
1662 2481 1753 2560 dixit
1772 2486 1807 2561 ei

387 2612 510 2692 dictus
529 2631 701 2720 receptor
726 2612 784 2692 vel
817 2613 913 2694 alius
940 2616 1043 2722 quod
1071 2614 1240 2722 predicta
1261 2629 1385 2692 essent
1414 2613 1463 2690 de
1482 2611 1634 2718 punctis
1663 2613 1807 2692 ordinis

388 2742 446 2819 vel
465 2743 505 2820 in
528 2743 662 2822 ordine
686 2741 770 2822 lieri
798 2762 986 2824 consueta.
1007 2745 1139 2826 Credit
1162 2763 1288 2824 tamen
1310 2744 1416 2852 quod
1435 2743 1602 2850 predicta
1621 2740 1750 2820 illicita
1771 2762 1809 2820 et

388 2900 464 2952 non
485 2872 557 2953 alia
576 2875 846 2954 intervenirent
858 2877 1112 2955 communiter
1132 2876 1170 2954 in
1186 2872 1471 2982 recepcionibus
1491 2871 1648 2950 fratrum
1663 2874 1808 2952 ordinis

386 3005 445 3083 vel
471 3023 571 3112 post,
600 3034 671 3113 pro
691 3033 738 3085 eo
764 3008 854 3112 qnia
878 3008 949 3087 sibi
974 3007 1119 3085 dictum
1148 3020 1187 3085 et
1204 3023 1423 3113 preceptum
1450 3003 1523 3082 fuit
1548 3003 1653 3110 quod
1671 3002 1808 3083 laceret

387 3129 615 3237 supradicta,
637 3149 677 3209 et
704 3134 794 3239 quia
821 3135 915 3212 vidit
942 3151 981 3212 et
1012 3135 1153 3214 audivit
1181 3136 1288 3242 quod
1310 3136 1593 3213 intervenenmt
1618 3134 1659 3210 in
1678 3161 1807 3242 recep-

383 3251 496 3380 cione'
518 3257 642 3338 fratris
659 3259 821 3340 Deodati
836 3264 1005 3373 llugonis
1023 3264 1280 3342 Rutheneusis
1299 3263 1477 3353 diocesis,
1508 3264 1717 3356 servientis,
1741 3267 1806 3373 qui

249 3441 253 3448 -
385 3389 518 3500 affugit
536 3391 575 3468 in
605 3391 781 3499 capcione
810 3392 990 3487 aliorum,
1024 3411 1062 3472 et
1089 3393 1211 3474 luerat
1237 3409 1412 3502 receptus
1436 3394 1476 3471 in
1502 3391 1643 3500 capella
1671 3394 1808 3473 domus

385 3520 537 3629 Templi
559 3521 606 3598 de
625 3521 780 3630 Spelieu
806 3523 905 3600 dicte
931 3523 1108 3612 diocesis,
1135 3541 1225 3602 sunt
1246 3521 1393 3602 circiter
1412 3539 1497 3602 octo
1518 3522 1627 3615 anni,
1649 3549 1717 3628 per
1735 3523 1807 3602 ira-

383 3671 480 3730 trem
503 3651 718 3762 Guigonem
740 3653 918 3732 Ademari
941 3653 1103 3732 militem
1124 3653 1334 3762 quondam,
1360 3653 1589 3732 visitatorem
1613 3669 1704 3730 tunc
1723 3655 1807 3732 Pro

382 3784 519 3875 vincie,
544 3783 787 3890 presentibus
813 3781 992 3862 fratribus
1010 3783 1134 3862 tribus
1153 3783 1212 3862 vel
1232 3797 1313 3860 11110'
1329 3781 1545 3871 deffunctis,
1572 3782 1620 3860 de
1642 3811 1806 3890 quorum

382 3913 602 3994 nominibus
623 3942 701 3993 non
719 3913 870 4004 recolit,
892 3915 991 3993 inter
1009 3942 1106 4022 quos
1134 3913 1206 3994 luit
1225 3915 1381 4021 quidam
1414 3911 1523 3992 miles
1549 3941 1666 4020 nepos
1686 3912 1807 3992 fratris

383 4041 560 4123 Ademari
580 4045 629 4124 de
656 4045 841 4152 Peyrucza
865 4043 964 4122 dicte
988 4043 1159 4124 diocesis.
1195 4044 1308 4134 Item,
1338 4043 1428 4122 dixit
1460 4069 1499 4120 se
1529 4043 1682 4122 credere
1702 4043 1807 4150 quod

382 4171 515 4254 fratres
550 4175 696 4255 ordinis
722 4175 821 4254 bene
855 4174 1054 4254 crederent
1089 4174 1347 4254 ecclesiasticis
1376 4173 1637 4266 sacramentis,
1668 4175 1808 4282 quibus

382 4303 462 4411 ipse
483 4304 679 4392 credebat,
702 4322 740 4384 et
758 4305 864 4411 quod
889 4331 1021 4384 eorum
1042 4305 1254 4384 sacerdotes
1281 4303 1409 4383 debite
1430 4303 1676 4384 celebrarent.
1699 4307 1807 4384 lura-

382 4435 475 4515 bant
507 4437 680 4516 ordinem
712 4463 790 4514 non
819 4436 931 4515 exire.
966 4435 1102 4514 Statim
1134 4463 1204 4543 pro
1239 4433 1415 4542 prolessis
1442 4435 1691 4528 habebantur,
1721 4465 1806 4544 pro·

380 4583 466 4673 pter
484 4568 589 4676 quod
613 4567 702 4646 fecit
728 4567 826 4646 dieta
855 4566 985 4644 illicita
1014 4568 1112 4645 sicut
1140 4566 1252 4656 dixit,
1288 4566 1377 4675 quia
1408 4564 1517 4644 aliter
1551 4594 1630 4645 non
1657 4566 1807 4648 fecisset

381 4695 560 4803 predicta.
590 4696 833 4776 Clandestine
862 4695 1152 4803 recipiebantur,
1181 4695 1298 4774 nullis
1324 4695 1565 4804 presentibus
1592 4696 1666 4775 nisi
1685 4725 1805 4776 sacer-

383 4824 538 4904 dotibus
567 4827 729 4917 ordinis,
763 4853 807 4904 ex
838 4855 916 4933 quo
951 4826 1071 4904 credit
1098 4826 1201 4932 quod
1238 4841 1338 4904 esset
1368 4824 1529 4933 suspicio
1563 4843 1691 4906 contra
1728 4853 1803 4904 eos.
