4242 5890
679 540 1320 634 saocnsnnsrauamuas.
1451 653 1453 656 ¹
1635 561 1708 634 ssa

345 701 446 778 Dixit
465 700 581 778 eciam
601 700 706 808 quod
725 701 913 780 osculatus
931 699 1001 776 fuit
1015 698 1159 776 dietum
1179 699 1422 807 recipientem
1437 697 1476 774 in
1495 726 1560 776 ore
1574 699 1708 778 solum.

344 834 436 910 Item
464 831 554 908 dixit
581 859 649 936 per
667 833 924 940 juramentum
956 859 1069 908 suum
1099 831 1203 936 quod
1237 829 1420 936 recipiens
1442 829 1612 936 precepit
1640 830 1710 908 sibi

288 963 392 1069 quod
412 979 613 1071 exponeret
632 991 672 1040 se
694 962 869 1042 fratribus
888 961 982 1050 suis,
1005 960 1036 1038 si
1060 961 1198 1038 vellent
1215 987 1297 1037 rem
1319 959 1458 1038 habere
1471 987 1567 1074 'cnm
1588 987 1650 1049 eo,
1668 943 1711 1038 et

288 1093 361 1171 hoc
380 1093 482 1172 idem
503 1094 556 1172 eis
575 1095 726 1184 faceret,
744 1095 775 1170 si
790 1094 918 1183 vellet3
940 1092 1005 1170 sed
1027 1093 1107 1199 ipse
1129 1092 1222 1170 dixit
1243 1119 1313 1198 per
1326 1091 1583 1198 juramentum
1602 1118 1711 1168 suum

288 1225 392 1330 quod
412 1224 503 1302 dixit
526 1225 629 1302 idem
650 1225 844 1331 recipienti
860 1223 964 1331 quod
981 1249 1173 1330 nunquam
1189 1239 1365 1329 precepto
1380 1221 1601 1328 hujusmodi
1622 1221 1714 1300 obe·

288 1355 403 1444 diret,
426 1382 494 1434 nec
511 1353 608 1433 illud
627 1373 821 1461 peccatum
837 1353 1042 1446 commisit,
1061 1370 1105 1431 ut
1121 1354 1223 1431 dicit.

344 1488 436 1564 Item
456 1485 548 1584 dixit
567 1486 671 1593 quod
691 1485 812 1564 credit
833 1485 936 1591 quod
963 1483 1025 1562 alii
1046 1483 1178 1562 fratres
1201 1484 1289 1562 dicti
1316 1481 1460 1562 ordinis
1481 1484 1713 1590 recipiuntur

286 1643 354 1720 per
374 1615 552 1694 eumdem
576 1616 747 1694 modum.
1328 1611 1331 1619 ’

343 1749 435 1824 ltem
458 1747 550 1824 dixit
568 1775 636 1855 per
650 1746 907 1853 juramentum
923 1745 1148 1852 suumquod
1169 1747 1222 1833 vi,
1239 1744 1297 1822 vel
1316 1759 1712 1822 metutormentorunt

286 1878 344 1954 vel
362 1877 450 1955 alias
470 1905 546 1954 non
567 1876 660 1953 dixit
675 1876 780 1956 aliud
798 1905 910 1984 quam
925 1877 1136 1965 veritatem,
1154 1903 1225 1954 nec
1238 1877 1279 1952 in
1298 1875 1489 1982 premissis
1507 1873 1714 1952 immiscuit

287 2005 453 2114 aliquam
469 2006 685 2097 falsitatem,
707 2025 747 2084 et
761 2007 865 2114 quod
879 2033 1011 2114 puram
1036 2006 1227 2084 veritatem
1255 2006 1347 2086 dixit
1366 2031 1434 2111 pro
1455 2005 1571 2082 salute
1591 2005 1712 2082 anime

287 2163 365 2213 sue.
766 2163 769 2172 ’

345 2401 438 2476 Item
474 2399 588 2478 frater
616 2398 837 2508 Radulphus
870 2399 918 2477 de
951 2395 1216 2478 Grandivillari
1247 2397 1508 2477 Ambianensis
1534 2395 1712 2486 diocesis,

287 2531 394 2607 etatis
416 2531 567 2637 triginta
591 2548 753 2637 quatuor
776 2558 962 2608 annorum
986 2529 1045 2608 vel
1064 2530 1179 2621 circa,
1200 2555 1349 2608 morans
1369 2545 1407 2604 et
1436 2553 1560 2605 curam
1582 2523 1714 2637 gerens

287 2679 493 2740 aratrorum
522 2663 561 2740 in
581 2663 695 2742 domo
719 2662 766 2740 de
784 2664 913 2741 Monte
933 2663 1210 2755 Suessionensi,
1240 2662 1374 2740 eodem
1398 2660 1515 2738 modo
1540 2660 1714 2738 constitu·

285 2808 362 2879 tus,
380 2793 527 2899 juratus
547 2809 585 2870 et
603 2793 825 2900 requisitus,
848 2792 941 2870 dixit
955 2819 1023 2898 per
1036 2793 1293 2900 juramentum
1311 2819 1422 2870 suum
1437 2790 1542 2898 quod
1558 2791 1597 2866 in
1615 2789 1713 2870 festo

285 2921 490 3000 Natiuitatis
508 2922 618 3001 beate
634 2925 748 3000 Maria
767 2923 902 3000 ultimo
917 2923 1098 3028 preterito
1113 2923 1266 3000 fuerunt
1283 2921 1415 3000 decem
1429 2921 1517 2998 anni
1532 2921 1589 3000 vel
1600 2913 1712 3010 circa,

285 3053 391 3158 quod
409 3052 482 3132 fuit
500 3069 672 3160 receptus
699 3054 739 3130 in
766 3054 880 3133 domo
901 3050 949 3130 de
975 3055 1095 3132 Bosco
1113 3080 1232 3160 prope
1251 3054 1455 3144 Frainices,
1477 3079 1544 3158 per
1563 3052 1714 3131 fratrem

286 3182 465 3261 Garinum
496 3185 544 3262 de
571 3182 829 3263 Grandivillari
860 3184 1080 3292 magistrum
1104 3183 1256 3262 ballivis
1281 3183 1605 3274 viromandensis,
1631 3211 1715 3290 pre-

286 3312 456 3391 sentibus
480 3313 592 3391 fratre
618 3313 790 3391 Johanne
814 3314 862 3390 de
886 3313 1106 3403 Crevecuer‚
1133 3313 1245 3392 fratre
1270 3315 1380 3392 Petro
1408 3330 1645 3420 preceptore,
1677 3331 1714 3390 et

285 3443 396 3522 fratre
416 3447 525 3522 Petro
543 3444 647 3522 socio
668 3445 766 3522 dicte
783 3443 921 3523 domus
935 3443 982 3521 de
998 3446 1129 3522 Bosco.
1427 3437 1430 3443 ¹

341 3576 434 3652 Item
456 3574 548 3651 dixit
567 3601 635 3682 per
646 3574 904 3682 juramentum
924 3601 1034 3652 suum
1050 3574 1175 3680 quod,
1194 3601 1240 3651 eo
1260 3591 1423 3680 recepto,
1435 3575 1653 3682 juramento
1667 3575 1714 3651 ab

286 3733 332 3782 eo
346 3706 503 3810 prestito
519 3705 567 3782 de
583 3705 728 3783 statutis
741 3722 779 3782 et
793 3705 944 3782 secretis
964 3703 1108 3782 ordinis
1120 3703 1379 3795 observandis,
1401 3721 1440 3783 et
1452 3704 1627 3782 mantello
1642 3703 1712 3782 sibi

284 3835 331 3912 ad
353 3836 490 3914 collum
510 3836 650 3943 posito,
673 3834 796 3913 dictus
811 3835 995 3941 recipiens
1015 3834 1120 3913 duxit
1138 3859 1225 3912 eum
1241 3836 1288 3913 ad
1303 3853 1447 3943 partem
1467 3852 1567 3913 retro
1585 3834 1711 3925 altare,

286 3983 322 4040 et
342 3965 507 4044 ostendit
523 3966 593 4043 sibi
610 3965 812 4072 quamdam
834 3993 984 4044 crucem
1007 3981 1219 4072 argenteam
1244 3993 1330 4042 curn
1351 3966 1523 4074 ymagine
1547 3964 1713 4044 crucifixi

284 4097 322 4171 in
349 4125 393 4174 eo
421 4096 578 4202 sculpta,
594 4113 726 4202 petens
751 4095 798 4173 ab
822 4125 867 4175 eo
894 4098 961 4204 qui
986 4096 1154 4204 loquitur
1177 4125 1291 4203 quem
1311 4099 1480 4176 crederet
1506 4125 1586 4176 esse
1607 4095 1711 4175 illum

285 4225 392 4331 cujus
415 4253 549 4335 ymago
572 4227 741 4333 predicta
762 4245 841 4307 erat
864 4229 903 4305 in
930 4227 1027 4306 dicta
1053 4255 1182 4317 cruce,
1205 4245 1243 4306 et
1268 4227 1348 4334 ipse
1370 4227 1437 4336 qui
1461 4227 1631 4335 loquitur
1654 4255 1714 4306 re·

284 4357 438 4461 spondit
455 4358 559 4464 quod
581 4357 754 4436 credebat
768 4358 874 4465 quod
891 4376 988 4436 esset
1001 4359 1157 4439 Domini
1169 4358 1286 4438 Jhesu
1298 4358 1453 4450 Christi,
1470 4358 1519 4436 ad
1534 4359 1640 4465 qnod
1653 4387 1712 4436 re-

283 4485 424 4592 cipiens
445 4487 516 4565 sibi
538 4486 630 4565 dixit
656 4489 761 4596 quod
778 4488 878 4567 male
903 4489 1097 4582 eredebat;
1118 4489 1246 4566 dicens
1269 4489 1376 4597 quod
1401 4489 1480 4597 ipse
1504 4489 1610 4597 cujus
1636 4506 1714 4568 erat

282 4642 417 4723 ymago
446 4618 616 4724 predicta
638 4619 762 4697 suerat
786 4647 884 4697 unm
904 4619 1018 4699 salsus
1045 4619 1255 4728 propheta3
1282 4620 1492 4728 precipiens
1511 4619 1583 4698 sibi
1608 4618 1713 4727 quod

281 4745 492 4854 abnegaret
514 4777 604 4827 eum
623 4765 693 4840 ter,
718 4765 755 4826 et
769 4765 829 4827 ter
849 4769 1001 4856 spueret
1016 4780 1127 4860 supra
1145 4777 1295 4828 crucem
1317 4780 1337 4828 e
1354 4751 1568 4860 ymaginem
1585 4748 1712 4856 predi-

252 4951 267 4968 ,
284 4894 376 4966 etas,
395 4895 433 4956 et
450 4895 544 4957 tunc
558 4879 637 4988 ipse
658 4880 723 4986 qui
740 4879 910 4987 loquitur
926 4881 1121 4992 abnegarit
1135 4897 1193 4960 ter
1212 4882 1335 4989 ipsum
1355 4882 1464 4989 cujus
1477 4907 1611 4988 ymago
1621 4907 1711 4986 pre·

370 5037 475 5116 esocis
490 5055 544 5097 urs
559 5055 781 5108 anscausus-
790 5057 822 5098 u.
1500 5037 1540 5103 ts
