4208 5886
399 525 473 596 aro
695 487 700 495 ’
786 493 1443 595 100010000110111010.
1512 462 1516 472 ’

395 662 607 740 macionem
635 661 802 766 recipere
836 660 1066 767 pleniorem,
1103 660 1301 768 dictusque
1329 661 1505 740 dominus
1532 661 1747 768 Bajocensis
1772 663 1821 741 de
1923 707 1928 715 ·

394 795 562 871 Romana
581 790 684 868 curia
708 792 899 883 rediisset,
925 810 962 868 et
986 808 1084 868 esset
1104 821 1191 870 cum
1213 792 1370 870 domino
1390 819 1476 899 rege
1501 792 1658 870 Francis
1683 791 1821 871 illustri

394 923 496 1029 apud
523 923 789 1013 Pontissaranr,
820 923 888 1000 ubi
917 922 1194 1027 parlamentum
1219 922 1366 1029 regium
1394 919 1605 1014 tenebatur,
1633 949 1821 1000 unacum

395 1053 603 1130 reverendo
636 1070 740 1159 patre
768 1052 925 1130 1οωίοο
959 1051 1005 1130 G.
1034 1051 1105 1130 Dei
1132 1052 1255 1159 gracia
1274 1052 1555 1157 archiepiscopo
1570 1053 1819 1142 Narbonensi,

398 1183 537 1290 collega
552 1211 699 1272 eorum,
717 1200 753 1258 et
766 1183 854 1259 dicti
869 1182 1013 1259 (1010101
1028 1181 1327 1289 archiepiscopus
1344 1200 1381 1258 et
1395 1183 1590 1288 episcopus
1609 1184 1822 1288 Bajocensis

397 1341 476 1390 non
510 1329 662 1419 possent
696 1311 1268 1418 convenienter'parlamentum
1297 1311 1445 1418 regium
1475 1311 1667 1388 dimittere
1699 1341 1823 1419 supra·

399 1442 557 1534 dictum,
581 1459 618 1518 et
637 1470 706 1547 pro
728 1441 920 1547 premissis
948 1439 1144 1544 explendis
1164 1440 1327 1516 Parisius
1347 1440 1541 1530 accedere,
1573 1439 1639 1518 ubi
1666 1439 1823 1546 inquisi-

271 1611 279 1624 ·
397 1571 514 1648 cionis
542 1570 760 1675 hujusmodi
786 1597 982 1675 processus
1016 1567 1135 1646 luerat
1168 1569 1339 1646 incoatus
1369 1586 1407 1646 et
1434 1568 1551 1646 eciam
1575 1587 1818 1673 prosecutus,

396 1698 527 1805 prelati
564 1699 709 1776 domini
740 1698 904 1804 episcopi
938 1696 1212 1774 lemovicensis
1242 1714 1281 1774 01
1301 1696 1550 1784 Μ1100100010,
1580 1697 1753 1775 Matbeus
1772 1698 1821 1778 de

396 1827 551 1934 Neapoli
573 1844 610 1904 et
637 1827 922 1905 archidiaconus
942 1825 1208 1917 Tridentinus,
1240 1826 1289 1904 ad
1314 1853 1445 1932 preces
1468 1842 1507 1902 et
1530 1826 1820 1932 requisicionem

397 1957 556 2063 predicti
586 1956 732 2034 domini
752 1958 865 2064 regis,
885 1956 933 2032 ad
953 1956 1058 2063 cujus
1073 1955 1190 2032 eciam
1215 1955 1454 2046 instanciam,
1475 1972 1519 2032 111
1536 1955 1724 2047 dicebant,
1747 1956 1821 2036 dis-

315 2107 317 2112 '
397 2085 562 2164 tulerant
594 2087 709 2162 linem
747 2088 943 2193 imponere
971 2087 1011 2161 in
1044 2086 1241 2191 predictis,
1274 2113 1471 2192 quousque
1504 2085 1607 2164 idem
1642 2086 1820 2166 dominus

397 2217 608 2324 bajocensis
634 2216 750 2294 etalii
774 2215 932 2321 predicti
954 2215 1100 2294 domini
1121 2214 1365 2321 regiinuncii
1392 2214 1439 2292 de
1460 2217 1627 2292 Romana
1642 2217 1745 2294 curia
1763 2246 1821 2294 re-

399 2345 569 2437 diissent,
593 2344 837 2424 contulerunt
862 2373 901 2421 se
922 2343 1169 2450 personaliter
1190 2344 1251 2420 die
1275 2343 1419 2422 sabbati
1445 2360 1531 2450 post
1554 2345 1817 2435 Pentecosten,

398 2503 470 2580 (100
499 2474 570 2552 1011
599 2475 737 2580 quinta
761 2474 841 2552 dies
871 2474 1011 2550 mensis
1040 2475 1160 2564 lunii,
1193 2474 1242 2550 ad
1279 2473 1474 2554 abbaciam
1502 2473 1668 2582 regalem
1701 2502 1819 2582 prope

398 2605 665 2694 Pontissaram,
692 2605 740 2682 ad
767 2603 1038 2682 conferendum
1059 2603 1105 2680 de
1122 2604 1299 2710 predictis
1325 2632 1412 2680 cum
1441 2603 1608 2682 dominis
1635 2631 1741 2713 rege,
1763 2633 1821 2680 ar-

398 2735 638 2840 chiepiscopo
669 2750 706 2810 et
739 2735 915 2838 episcopo
943 2733 1184 2839 supradictis,
1223 2735 1263 2810 in
1291 2733 1375 2811 loco
1402 2732 1647 2811 existentibus
1674 2761 1820 2812 memo·

399 2880 498 2950 rat03
516 2881 553 2940 01
572 2862 699 2940 habita
719 2861 818 2938 inter
837 2891 876 2939 se
896 2861 1101 2941 collacione
1120 2879 1158 2940 et
1177 2861 1456 2940 deliberacione
1477 2861 1665 2969 diligenti,
1686 2861 1820 2969 prelati

402 2993 547 3070 domini
579 2993 877 3098 archiepiscopus
905 3007 942 3068 et
968 2993 1149 3097 episcopi,
1174 2992 1347 3070 Nlatheus
1368 2991 1414 3070 de
1444 2989 1599 3096 Neapoli
1633 3008 1671 3068 et
1699 2993 1820 3070 archi-

399 3121 578 3200 diaconus
606 3121 852 3200 Tridentinus
879 3120 1114 3198 considerato
1143 3120 1263 3225 quod,
1295 3148 1362 3225 per
1395 3121 1653 3198 attestaciones
1680 3121 1820 3200 ducen-

397 3269 524 3328 torum
552 3250 703 3358 triginta
729 3249 897 3326 etunius
921 3247 1358 3353 testium,perquorum
1387 3245 1533 3350 aliquos
1560 3243 1820 3348 deponebatur

398 3380 445 3457 10
472 3380 757 3485 reeepcionibus
781 3379 886 3458 lactis
905 3377 1002 3454 ultra
1019 3403 1121 3452 mare
1143 3377 1182 3452 in
1199 3373 1365 3481 presenti
1385 3373 1650 3482 inquisicione,
1673 3391 1712 3450 et
1728 3375 1820 3451 alic·

396 3537 479 3586 rum
506 3511 546 3586 in
574 3509 728 3587 diversis
749 3506 881 3584 mundi
903 3504 1072 3612 partibus
1099 3505 1417 3595 examinatorum,
1440 3521 1569 3582 contra
1587 3504 1762 3581 ordinem
1782 3521 1820 3581 01

397 3666 466 3745 pro
486 3639 584 3745 ipso,
610 3667 792 3718 unacum
813 3635 1046 3744 septuaginta
1072 3635 1221 3713 duobus
1250 3633 1467 3712 examinatis
1490 3661 1559 3737 per
1578 3633 1721 3710 dictum
1750 3634 1819 3710 do-

397 3769 551 3854 minum¹
572 3771 733 3874 Pappam
764 3785 803 3844 01
831 3767 976 3872 aliquos
1006 3765 1181 3842 dominos
1201 3763 1409 3842 cardinales
1433 3764 1473 3840 in
1504 3791 1620 3871 regno
1640 3763 1816 3854 Francis,

398 3915 571 4004 poterant
587 3897 746 4003 reperiri
778 3923 823 3972 ea
850 3923 924 4000 que
945 3895 1200 4000 reperirentur
1227 3893 1460 3999 perplures,
1493 3893 1523 3968 si
1553 3892 1676 3969 adhuc
1701 3891 1820 3969 admi-

398 4027 645 4102 nistrarentur
672 4025 837 4112 dominis
867 4023 1130 4100 commissariis
1158 4024 1356 4102 antedictis
1375 4038 1414 4100 et
1437 4023 1738 4099 examinarentur
1754 4050 1821 4126 per

399 4181 483 4242 0001
505 4153 1331 4262 0010010οῐ00,100010110011110100100100
1354 4169 1445 4230 tunc
1467 4179 1544 4229 non
1564 4149 1819 4229 offerebantur

400 4284 469 4370 eis,
489 4311 557 4388 per
576 4311 671 4389 quos
689 4300 843 4389 possent
862 4282 1054 4360 informari
1076 4283 1123 4359 de
1144 4281 1431 4389 reeepcionibus
1450 4280 1555 4358 lactis
1574 4281 1673 4357 ultra
1697 4309 1817 4366 mare,

400 4430 438 4491 ct
452 4414 556 4519 (1001
569 4441 636 4518 per
655 4415 903 4492 reverendum
929 4415 968 4490 in
994 4413 1142 4491 Christo
1168 4429 1312 4518 patrem
1332 4411 1533 4489 dominum
1559 4409 1818 4515 Stephanum,

399 4542 470 4620 Dei
489 4543 610 4650 gracia
632 4541 730 4624 tituli
758 4544 883 4622 Sancti
909 4543 1042 4620 Ciriaci
1067 4542 1106 4618 in
1127 4543 1276 4620 Termis
1299 4540 1552 4649 presbiterum
1572 4538 1815 4629 cardinalem,

403 4673 583 4778 scriptum
598 4672 720 4752 suerat
736 4675 900 4751 dominis
917 4673 1174 4750 lemovicensi
1191 4690 1228 4748 01
1243 4671 1454 4748 Mimatensi
1469 4669 1710 4776 1110110110,οῑ
1727 4670 1822 4746 dice-

404 4802 515 4893 bant,
542 4803 647 4909 quod
673 4833 888 4908 processum
921 4803 1115 4881 mitterent
1142 4801 1314 4880 celeriter
1345 4799 1593 4890 antedictum,
1623 4816 1821 4904 pensantes
