4486 5890
630 486 700 560 ua
1012 472 1204 566 rnocns
1231 492 1327 563 ons
1352 489 1656 564 rnurcinns

623 630 848 735 percussisse
869 629 962 706 alios
981 630 1111 709 fratres
1131 631 1189 708 vel
1210 629 1339 708 fecisse
1359 629 1502 737 aliquas
1522 628 1830 709 inobedicncias:
1853 629 1959 735 «Ego
1979 629 2041 706 ab·

623 760 726 836 solvo
751 787 817 836 vos
836 758 1054 836 auctoritate
1078 759 1240 867 Magistri
1262 757 1397 850 nostri,
1423 760 1488 865 qui
1513 759 1628 838 habet
1651 785 1765 866 super
1783 757 1858 835 hoc
1883 773 2043 863 potesta-

623 906 701 964 tem
721 919 740 964 a
761 889 869 994 Papa.
886 925 898 956 v
919 888 1134 994 Requisitus
1155 888 1203 965 de
1223 885 1442 966 nominibirs
1464 887 1619 966 illorum
1641 917 1710 995 per
1733 916 1829 995 quos
1846 885 1940 963 vidit
1964 885 2039 964 [ieri

625 1019 846 1124 supradicta,
865 1035 902 1094 et
917 1018 964 1094 de
980 1017 1072 1096 locis
1087 1035 1125 1096 et
1139 1018 1312 1126 capitulis
1331 1019 1371 1095 in
1386 1018 1526 1125 quibus
1540 1018 1682 1097 fiebant
1695 1007 1873 1126 predicta,
1893 1044 2041 1124 respon-

625 1149 683 1225 dit
696 1148 942 1255 quodlratres
956 1151 1088 1228 Petrus
1101 1151 1148 1230 de
1159 1149 1345 1238 Mandito‚
1368 1148 1559 1228 Gerardus
1570 1151 1617 1228 de
1627 1152 1795 1240 sarzeia,
1808 1165 1847 1226 et
1859 1151 2042 1256 Raymun-

625 1279 696 1356 dus
718 1278 764 1355 de
787 1278 943 1356 Marolio
968 1298 1207 1386 preceptores
1229 1278 1402 1356 Alvernie
1428 1281 1649 1372 successive,
1675 1279 1850 1356 dicebant
1874 1295 1912 1356 ct
1932 1277 2041 1354 facie·

623 1409 715 1485 bant
743 1410 908 1514 predicta
935 1412 1087 1516 quando
1114 1409 1295 1488 tenebant
1322 1437 1454 1486 eorum
1487 1410 1664 1516 capitolia
1687 1411 1726 1485 in
1753 1409 1853 1487 dicto
1884 1409 1969 1485 loco
1996 1409 2039 1486 de

625 1538 826 1628 Paulhac03
850 1568 927 1617 non
948 1557 1075 1616 tamen
1096 1540 1229 1618 recolit
1247 1538 1295 1616 de
1315 1538 1492 1617 fratribus
1510 1567 1607 1644 quos
1628 1538 1879 1618 absolverunt.
1904 1539 2039 1644 Requi-

624 1669 715 1744 situs
734 1668 765 1743 si
786 1667 918 1745 fratres
933 1668 1078 1745 ordinis
1096 1669 1302 1746 credebant
1318 1695 1398 1746 esse
1419 1668 1583 1746 absoluti
1604 1666 1651 1746 de
1666 1667 1826 1774 peccatis
1841 1694 1974 1745 eorum
1994 1668 2037 1744 de

625 1797 764 1902 quibus
793 1814 899 1874 erant
926 1798 1083 1876 convicti
1108 1797 1166 1876 vel
1187 1827 1262 1904 que
1285 1798 1435 1904 publice
1455 1797 1605 1875 lucrant
1632 1796 1791 1877 confessi
1816 1825 1941 1874 coram
1961 1826 2039 1905 pre-

625 1927 733 2004 dictis
752 1926 854 2003 laicis
874 1955 943 2032 per
963 1927 1244 2006 absolucionem
1268 1957 1418 2018 eorum,
1442 1927 1637 2035 respondit
1655 1956 1695 2005 se
1715 1925 1900 2004 audivisse
1921 1926 2037 2032 aplu-

623 2057 728 2135 ribus
747 2057 924 2134 fratribus
939 2058 1098 2149 ordinis,
1117 2057 1164 2134 de
1180 2087 1345 2165 quorum
1360 2057 1580 2136 nominibus
1595 2085 1672 2135 non
1688 2057 1918 2145 recordatur,
1935 2056 2036 2163 quod

622 2186 785 2264 absoluti
810 2215 889 2264 esse
915 2185 1118 2264 credebant
1144 2204 1299 2295 propter
1323 2189 1510 2296 predicta,
1540 2205 1577 2266 et
1602 2186 1707 2296 quod
1735 2214 1813 2264 non
1841 2183 2038 2263 credebant

622 2317 728 2422 quod
755 2317 913 2396 ulterius
941 2334 1039 2396 esset
1065 2319 1118 2396 eis
1144 2319 1351 2397 necessaria
1376 2319 1569 2397 absolucio
1598 2315 1820 2408 sacerdotis,
1849 2315 1937 2392 licet
1963 2313 2036 2422 ipse

621 2447 726 2524 testis
745 2465 917 2552 argueret
938 2475 1001 2524 eos
1021 2447 1251 2524 contrarium
1270 2447 1482 2525 asserendo.
1499 2448 1614 2538 Item,
1634 2445 1727 2522 dixit
1745 2445 1852 2550 quod
1865 2443 2038 2552 jurabant

623 2577 795 2654 ordinem
812 2605 890 2654 non
908 2578 1023 2667 exire,
1046 2591 1085 2655 et
1104 2579 1209 2685 quod
1228 2579 1352 2656 statim
1367 2607 1438 2685 pro
1456 2575 1630 2684 professis
1651 2574 1903 2666 habebantur3
1924 2593 1962 2652 et
1984 2601 2037 2650 re-

623 2706 858 2812 cipiebantur
883 2706 1136 2799 clandestine,
1168 2707 1284 2784 nullis
1310 2708 1549 2815 presentibus
1576 2707 1648 2784 nisi
1675 2704 1854 2784 fratribus
1880 2703 2036 2789 ordinis,

623 2865 665 2910 ex
691 2864 767 2942 quo
793 2836 912 2913 credit
937 2837 1042 2941 quod
1067 2853 1164 2913 esset
1188 2837 1348 2944 suspicio
1374 2853 1503 2918 contra
1523 2863 1598 2912 eos.
1622 2831 1799 2913 Cordulis
1818 2830 1920 2910 unde
1940 2833 2038 2912 vole-

622 2963 713 3040 bant
737 2965 937 3072 assumptis
961 2951 1217 3074 cingebantur,
1247 2993 1291 3042 ex
1315 2982 1491 3072 precepto
1511 2963 1770 3070 superiorum,
1793 2989 1907 3069 super
1929 2963 2039 3040 cami·

623 3095 694 3202 sias
708 3123 795 3172 cum
811 3094 950 3200 quibus
962 3094 1147 3202 jacebant.
1164 3096 1432 3204 injungebatur
1452 3095 1524 3186 eis,
1545 3123 1614 3202 per
1629 3110 1904 3170 sacramentum
1921 3110 1960 3169 et
1974 3094 2039 3171 sub

622 3251 718 3328 pena
743 3225 916 3314 carceris,
943 3226 1048 3332 quod
1074 3253 1150 3302 non
1170 3226 1378 3304 revelarent
1397 3240 1538 3304 secreta
1558 3224 1810 3330 capitulorum
1831 3222 1946 3300 eciam
1968 3221 2040 3301 illis
2083 3219 2087 3228 ’

621 3353 798 3432 fratribus
817 3355 882 3461 qui
903 3382 980 3431 uon
999 3354 1196 3432 adfirerant
1210 3357 1250 3432 in
1266 3356 1424 3447 eisdem,
1448 3357 1495 3434 de
1515 3354 1633 3432 modo
1652 3351 1882 3460 recepcionis
1900 3351 1941 3427 in
1963 3381 2041 3458 spe·

622 3484 705 3560 ciali
733 3513 809 3562 non
835 3485 960 3562 habita
986 3485 1195 3562 mencione.
1224 3484 1495 3592 lnjungebatur
1519 3485 1574 3561 eis
1601 3511 1648 3561 ne
1675 3481 1945 3562 confiterentur
1972 3482 2041 3559 nisi

620 3615 877 3693 sacerdotibus
897 3614 1056 3706 ordinis,
1082 3614 1221 3722 quibus
1241 3616 1458 3694 absentibus
1477 3630 1651 3721 poterant
1673 3611 1844 3692 confiteri
1864 3609 2043 3689 fratribus

621 3745 833 3823 carmelitis.
861 3747 970 3834 Item,
1000 3746 1094 3822 dixit
1117 3745 1221 3851 quod
1246 3748 1293 3825 de
1320 3744 1429 3823 dictis
1454 3745 1594 3822 illicitis
1621 3743 1836 3822 consessatis
1859 3771 1928 3849 per
1953 3770 2041 3819 eum

619 3876 692 3952 fuit
719 3875 931 3964 confessus,
958 3875 1051 3951 infra
1076 3874 1277 3953 biennium
1305 3876 1568 3982 arecepcione
1588 3903 1671 3964 sua,
1694 3871 1916 3964 Lemovicis,
1938 3871 2041 3948 fratri

620 4006 767 4113 Hugoni
797 4006 844 4083 de
873 4003 1069 4082 Camalicis
1097 4003 1242 4081 ordinis
1274 4004 1465 4083 Minorum
1498 4003 1705 4092 deffuncm,
1733 4031 1754 4078 a
1783 4029 1860 4108 quo
1889 3999 2041 4078 absolu-

618 4153 681 4210 tus
711 4135 868 4224 exstitit,
895 4135 961 4210 sed
989 4161 1066 4211 non
1093 4134 1226 4212 recolit
1251 4162 1365 4240 quam
1395 4134 1645 4241 penitenciam
1666 4133 1828 4242 injunxit
1852 4131 1898 4210 ei.
1928 4133 2037 4217 ltem,

621 4264 713 4344 dixit
726 4265 832 4372 quod
845 4264 976 4343 fratres
990 4264 1151 4342 scientes
1169 4293 1313 4343 errores
1332 4265 1522 4372 predictos
1537 4263 1691 4341 luerunt
1706 4261 1938 4371 negligentes
1953 4260 2039 4365 quia

619 4421 695 4471 non
723 4413 963 4474 correxerunt
988 4423 1052 4474 eos
1079 4424 1149 4473 nec
1174 4393 1493 4472 denunciaverunt
1517 4393 1703 4480 Ecclesie‚
1731 4410 1769 4469 et
1794 4390 1914 4468 credit
1937 4389 2037 4496 quod

618 4524 707 4601 dicti
729 4552 875 4602 errores
895 4544 1019 4604 essent
1039 4525 1224 4604 manifesti
1244 4527 1439 4635 Magistro,
1466 4523 1723 4630 superioribus
1752 4540 1789 4600 et
1815 4521 1897 4598 aliis
1920 4519 2038 4596 lratri·

616 4656 688 4732 bus
714 4655 874 4744 ordinis,
902 4657 1030 4763 etqui
1059 4686 1103 4734 ex
1127 4683 1260 4755 eorum
1285 4654 1528 4734 ordinacione
1556 4670 1793 4734 servarentur
1820 4653 1859 4728 in
1889 4649 2031 4729 ordine.

614 4786 847 4866 Elemosinas
868 4804 905 4865 et
926 4786 1217 4894 hospitalitatem
1244 4785 1359 4894 aliqui
1387 4784 1581 4863 servabant
1601 4803 1638 4864 et
1663 4783 1846 4860 iaciebant
1871 4780 1969 4858 bene
1995 4779 2031 4856 in
