4208 5886
399 525 473 600 ass
619 581 622 588 .
694 555 698 560 -
781 501 1439 599 rnoebsossrnnrcrsns.

398 663 599 772 assumptis
629 661 876 770 cingebantur
907 691 1021 771 super
1051 665 1219 744 camisias
1250 696 1338 744 cum
1367 666 1508 773 quibus
1525 665 1713 775 jacebant.
1744 671 1819 766 Qui

396 797 620 876 revelassent
651 811 790 872 secreta
825 795 1108 901 capituliorum,
1142 797 1301 904 graviter
1320 795 1443 905 puniti
1472 795 1642 878 fuissent.
1672 801 1821 880 Fratres

398 929 543 1006 ordinis
567 927 632 1034 qui
661 925 829 1003 sciebant
857 925 977 1004 dictos
1004 952 1150 1004 errores
1175 926 1332 1006 fuerunt
1351 927 1601 1036 negligentes,
1628 931 1821 1037 quianon

398 1073 640 1136 correxerunt
661 1083 725 1132 eos
745 1084 814 1132 nec
834 1056 1158 1133 denunciaverunt
1181 1056 1359 1136 Ecclesie.
1378 1057 1432 1134 Ex
1451 1075 1631 1165 precepto
1650 1062 1821 1167 superio-

396 1219 482 1267 rum
502 1215 659 1267 suorum
683 1184 798 1262 fiebat
825 1186 1031 1264 elemosina
1055 1186 1241 1293 generalis
1264 1205 1324 1265 ter
1341 1187 1383 1263 in
1402 1186 1615 1268 ebdomada
1643 1191 1822 1270 omnibus

395 1320 633 1397 venientibus
658 1335 695 1394 et
716 1317 852 1394 cotidie
878 1317 1103 1424 peregrinis,
1122 1334 1161 1394 et
1183 1317 1462 1425 precipiebatur
1481 1319 1589 1424 quod
1604 1349 1738 1400 eorum
1761 1351 1820 1401 ca-

395 1450 513 1557 pellas
531 1451 628 1527 bene
645 1465 819 1525 tenerent
838 1465 1003 1536 ornatas,
1026 1464 1064 1524 et
1076 1450 1184 1555 quod
1208 1476 1286 1527 non
1306 1449 1547 1556 acquirerent
1568 1451 1741 1530 indebite
1757 1481 1820 1532 or·-

395 1581 487 1658 dini.
505 1578 691 1686 Capitulis
704 1577 798 1655 vidit
813 1578 951 1666 teneri,
968 1578 1081 1656 missa
1096 1578 1299 1671 celebrata,
1314 1579 1353 1656 iu
1369 1607 1517 1669 aurora,
1528 1581 1654 1688 januis
1668 1581 1817 1673 clausis,

394 1729 432 1789 et
449 1710 718 1817 providebatur
734 1736 782 1784 ne
802 1707 997 1786 audiretur
1017 1709 1178 1788 exterius
1193 1711 1301 1816 quod
1320 1709 1479 1788 interius
1496 1710 1687 1818 agebatur.
1705 1713 1819 1792 Ordi-

393 1859 479 1918 nata
495 1870 564 1946 per
574 1839 798 1945 'Magistrum
811 1867 899 1914 cum
916 1856 1101 1918 conventu
1115 1856 1294 1918 servasset
1305 1857 1409 1918 totus
1425 1841 1538 1931 ordo,
1560 1859 1689 1920 contra
1703 1871 1818 1950 quem

393 2001 496 2050 nunc
514 1970 668 2080 grandia
692 1969 882 2061 scandala,
904 1970 1067 2076 suspicio
1095 1988 1132 2048 et
1157 1970 1311 2048 infamia
1336 1989 1423 2050 sunt
1443 1989 1592 2066 exorta3
1618 1989 1657 2050 et
1678 1974 1820 2052 audivit

393 2102 468 2179 dici
479 2131 500 2178 a
511 2100 686 2178 fratribus
696 2099 860 2178 Geraldo
874 2100 1068 2180 laVernha
1079 2117 1300 2209 preceptore
1317 2102 1365 2180 de
1381 2103 1692 2210 Petragoricinic‚
1707 2106 1819 2182 etPe

390 2250 450 2311 tro
466 2232 599 2311 Daubo
619 2248 711 2310 tunc
724 2249 944 2337 preceptore
959 2233 1000 2308 in
1014 2232 1208 2324 Vienesio,
1225 2233 1474 2312 servientibus
1493 2233 1710 2324 deffunctis,
1730 2254 1818 2313 sunt
1846 2305 1849 2314 .

392 2364 537 2442 circiter
550 2389 600 2442 vu
611 2362 718 2452 anni,
732 2361 823 2438 dum
840 2362 955 2440 simul
964 2361 1177 2468 equitarent
1188 2362 1235 2440 de
1248 2362 1426 2471 Villagast
1441 2363 1543 2470 apud
1557 2363 1693 2471 Civray
1703 2365 1817 2442 Picta-

388 2493 512 2571 vensis
533 2493 708 2578 diocesis,
730 2490 835 2597 quod
856 2492 945 2570 dicti
967 2521 1112 2570 errores
1127 2520 1204 2571 non
1221 2493 1445 2571 duraverant
1459 2493 1573 2600 longo
1589 2511 1760 2600 tempore
1776 2496 1817 2574 in

390 2623 541 2713 ordine,
569 2640 606 2698 et
629 2621 751 2727 quod,
778 2622 807 2697 si
833 2622 915 2698 Deo
943 2621 1123 2727 placeret,
1148 2623 1395 2730 corrigerent,
1417 2640 1456 2700 et
1475 2622 1595 2700 credit
1612 2623 1692 2729 ipse
1709 2625 1817 2702 testis

389 2754 496 2860 quod
510 2753 572 2828 alii
582 2751 713 2828 fratres
727 2751 871 2829 ordinis
882 2751 1136 2830 communiter
1148 2753 1285 2830 scirent
1298 2753 1417 2830 dictos
1430 2780 1578 2832 errores
1589 2751 1817 2832 confessatos

389 2911 458 2989 per
474 2911 579 2974 eum,
598 2898 635 2958 et
648 2880 753 2988 quod
766 2881 944 2988 Magister
956 2897 995 2956 et
1009 2881 1073 2957 alii
1089 2879 1220 2958 fratres
1238 2882 1382 2960 ordinis
1402 2882 1535 2959 eadem
1552 2882 1628 2960 sint
1643 2883 1814 2962 confessi.

389 3016 473 3092 Non
499 3012 690 3091 obtulerat
709 3041 748 3088 se
769 3013 816 3088 ad
837 3011 1109 3088 deffensionem
1131 3013 1292 3102 ordinis,
1316 3041 1386 3090 nec
1407 3013 1529 3090 fuerat
1548 3011 1649 3090 ultra
1668 3041 1785 3092 mare.

445 3141 661 3248 Requisitus
674 3141 705 3218 si
718 3142 771 3217 sic
785 3140 1010 3246 deposuerat
1022 3169 1149 3247 prece,
1165 3158 1361 3248 precepto,
1376 3142 1533 3231 timore,
1549 3169 1694 3234 amore,
1707 3145 1814 3232 odio,

388 3273 447 3352 vel
462 3271 660 3378 temporali
679 3271 839 3348 comodo
860 3272 989 3350 habito
1006 3273 1065 3350 vel
1082 3273 1276 3367 habendo,
1297 3274 1493 3380 respondit
1505 3273 1613 3381 quod
1629 3301 1727 3367 uon,
1748 3275 1816 3353 sed

387 3434 458 3511 pro
477 3403 631 3481 veritate
658 3401 838 3490 dicenda3
860 3401 920 3478 cui
944 3400 1017 3480 luit
1039 3402 1253 3509 injunctum
1276 3401 1383 3510 quod
1408 3431 1487 3480 nou
1512 3401 1695 3482 revelaret
1719 3406 1816 3482 hanc

388 3564 493 3614 suam
511 3531 810 3639 deposicionem‚
828 3561 1025 3640 quousque
1047 3533 1307 3612 attestaciones
1322 3532 1463 3610 brerint
1477 3532 1689 3638 publicate;
1708 3552 1747 3612 et
1763 3535 1815 3612 in·

387 3663 581 3773 telligebat
600 3662 788 3741 Latinum.

443 3932 573 4006 Frater
587 3925 816 4004 Guillelmus
831 3925 969 4031 Aprilis
984 3926 1163 4018 serviens,
1181 3927 1500 4007 Claramontensis
1517 3926 1693 4020 diocesis,
1710 3927 1815 4005 testis
1933 4011 1936 4016 ,

387 4087 501 4164 supra
514 4058 679 4165 juratus,
701 4055 961 4162 sexagenarius
978 4055 1037 4132 vel
1052 4055 1164 4148 circa,
1186 4057 1252 4164 qui
1274 4058 1447 4136 habitum
1472 4057 1683 4136 voluntarie
1701 4056 1815 4135 dimi·
1893 4067 1898 4076 '

387 4204 486 4268 serat
506 4203 544 4264 et
560 4185 641 4262 radi
656 4183 795 4262 fecerat
811 4185 882 4264 sibi
900 4183 1075 4276 barbam,
1094 4215 1180 4264 cum
1200 4216 1278 4295 quo
1300 4187 1522 4294 inquisitum
1545 4187 1686 4275 fuerat,
1706 4187 1814 4265 abso—

386 4317 488 4396 lutus
504 4333 542 4394 et
556 4313 817 4393 reconciliatus
832 4344 901 4422 per
921 4316 1120 4394 dominum
1139 4317 1358 4425 episcopum
1377 4317 1742 4406 Claramontensem,
1761 4316 1815 4395 le-

270 4517 275 4524 .
386 4447 453 4526 ctis
464 4464 502 4524 et
513 4445 714 4552 diligenter
729 4446 904 4552 expositis
918 4445 990 4524 sibi
1005 4447 1184 4526 omnihus
1199 4467 1237 4526 et
1249 4446 1406 4554 singulis
1422 4446 1605 4538 articulis,
1618 4447 1814 4552 respondit

385 4607 424 4656 se
442 4577 603 4669 nescire,
625 4606 695 4654 nec
719 4577 889 4668 credere,
919 4607 989 4656 nec
1014 4579 1195 4658 audivisse
1219 4579 1293 4657 dici
1320 4580 1368 4657 de
1395 4579 1583 4657 contentis
1605 4579 1645 4654 in
1665 4577 1719 4655 eis
1741 4577 1813 4656 nisi

385 4708 491 4818 quod
511 4709 701 4814 sequitur:
726 4707 902 4786 videlicet
920 4709 1025 4816 quod
1054 4710 1133 4816 ipse
1151 4711 1258 4788 testis
1277 4709 1402 4789 suerat
1429 4725 1602 4818 receptus
1618 4709 1659 4786 in
1672 4706 1814 4815 capella

386 4839 522 4919 domus
546 4835 695 4944 Templi
722 4837 770 4914 de
794 4835 939 4916 Barleta
965 4837 1004 4915 in
1029 4837 1182 4944 Apulia,
1213 4845 1301 4918 sunl
1324 4839 1472 4918 circiter
1497 4865 1590 4920 xxxv
1610 4838 1720 4929 anui,
1747 4865 1815 4946 per
