4486 5890
772 499 970 592 esocis
996 514 1093 587 nas
1118 514 1419 586 assensus.
1739 515 1808 588 us

383 687 450 766 pra
470 627 635 766 juratus,
664 657 888 736 mantellum
909 655 1054 736 ordinis
1071 671 1109 733 et
1127 655 1281 733 barbam
1304 655 1507 748 defferens,
1530 655 1811 765 quinquagena-

383 789 463 866 rius
477 786 536 866 rel
552 787 666 874 circa,
687 815 773 864 cum
789 816 865 895 quo
883 787 1006 866 fuerat
1020 785 1261 892 inquisitum,
1284 785 1478 872 absolutus
1497 803 1535 864 et
1551 787 1811 866 reconciliatus

382 947 452 1026 per
466 917 664 996 dominum
685 919 906 1025 episcopum
923 917 1287 1008 Claramontonsem,
1304 916 1410 993 lectis
1423 933 1460 994 et
1480 915 1681 1027 diligenter
1701 946 1812 1024 expo-

383 1049 464 1128 sitis
484 1049 557 1127 sibi
573 1049 751 1128 omnibus
766 1067 804 1127 et
818 1047 976 1156 singulis
995 1047 1179 1140 articulis,
1199 1048 1413 1154 respondit,
1435 1049 1710 1154 protestacione
1726 1078 1810 1154 pre-

383 1181 494 1258 missa
515 1179 619 1287 quod
633 1207 711 1258 non
725 1180 890 1257 intendit
904 1178 1082 1258 recedere
1096 1207 1117 1256 a
1134 1178 1373 1285 deposicione
1389 1207 1457 1287 per
1473 1207 1561 1258 eum
1577 1177 1670 1256 sacta
1686 1206 1809 1256 coram

384 1309 487 1388 dicto
509 1309 665 1388 domino
687 1309 863 1416 episcopo
883 1308 1197 1395 Claramontcnsi,
1219 1337 1259 1386 se
1280 1309 1440 1399 nescire,
1458 1336 1528 1386 nec
1550 1308 1719 1398 credere,
1742 1337 1812 1386 nec

384 1440 568 1518 audivisse
589 1439 663 1516 dici
685 1438 732 1516 de
756 1440 941 1516 contentis
964 1439 1003 1515 in
1029 1436 1083 1514 eis
1106 1436 1178 1514 nisi
1198 1437 1303 1544 quod
1322 1438 1503 1544 sequitur.
1528 1438 1631 1516 Dixit
1652 1437 1811 1516 enimse

383 1569 499 1648 luisse
519 1586 713 1676 receptum
729 1568 769 1646 in
778 1567 927 1675 capella
942 1569 1080 1646 domus
1097 1566 1248 1673 Templi
1264 1566 1381 1644 delas
1399 1567 1553 1676 Mayhez
1568 1567 1812 1647 Bituricensis

385 1700 567 1790 diocesis,
597 1700 692 1779 circa
717 1700 860 1778 instans
886 1697 1024 1778 festum
1051 1699 1190 1775 Pasche
1212 1715 1322 1776 erunt
1347 1675 1597 1776 circiterxxx·
1617 1700 1722 1788 anni,
1744 1729 1811 1807 per

385 1829 537 1911 fratrem
567 1833 720 1910 Petrum
749 1832 798 1910 de
821 1833 919 1908 Faus
949 1830 1201 1936 presbiterum
1231 1830 1442 1936 quondam,
1463 1830 1528 1936 qui
1555 1831 1698 1937 recepit
1722 1861 1809 1908 eum

387 1961 434 2038 de
456 1961 634 2040 mandato
655 1960 778 2038 fratris
795 1960 1000 2038 Franconis
1016 1960 1063 2036 de
1083 1961 1173 2038 Bort
1197 1961 1387 2067 quondam
1404 1960 1551 2053 militis,
1572 1963 1812 2067 presentibus

385 2090 562 2171 fratribus
577 2090 785 2172 Guillelmo
800 2091 848 2168 de
862 2090 1088 2168 Petralevata
1108 2091 1385 2170 Lemovicensis
1401 2091 1579 2181 diocesis,
1601 2121 1715 2199 quem
1738 2123 1810 2171 cre·

387 2222 444 2298 dit
455 2221 594 2312 vivere,
613 2238 651 2298 et
667 2219 875 2300 Guillelmo
892 2220 1077 2311 Arnaudi,
1096 2237 1133 2298 et
1146 2220 1341 2311 Vicencio,
1359 2221 1465 2328 cujus
1486 2249 1695 2330 cognomen
1712 2224 1812 2332 igno

385 2368 457 2441 rat,
480 2350 728 2430 servientibus
741 2350 957 2440 deffimctis,
980 2350 1019 2428 in
1039 2349 1141 2428 bunc
1158 2351 1316 2429 modum
1332 2347 1443 2428 :bam
1461 2352 1588 2459 petitis
1608 2352 1758 2430 caritate
1775 2373 1811 2430 et

386 2483 561 2560 societate
581 2482 739 2560 fratrum
760 2482 921 2571 ordinis,
945 2499 983 2558 et
998 2496 1084 2588 post
1098 2481 1234 2558 multas
1251 2481 1504 2594 exortaciones
1518 2482 1590 2559 sibi
1608 2486 1808 2572 concessis,

387 2614 548 2720 prescito
564 2643 651 2693 cum
662 2614 745 2721 ipso
755 2641 823 2719 per
830 2615 1088 2723 juramentum
1102 2612 1207 2719 quod
1222 2641 1298 2690 non
1314 2629 1393 2690 erat
1407 2611 1549 2690 servilis
1561 2614 1809 2703 condicionis,

387 2771 457 2820 nec
471 2743 733 2834 matrimonio,
752 2743 811 2822 vel
824 2744 931 2822 alteri
952 2742 1145 2851 religioni,
1170 2771 1238 2822 seu
1259 2741 1397 2821 debitis
1411 2771 1485 2850 que
1505 2770 1583 2820 non
1597 2761 1723 2851 posset
1740 2747 1814 2823 sol-

386 2901 472 2951 vere
489 2874 692 2983 obligatus,
713 2901 783 2951 nec
806 2873 969 2953 babebat
988 2874 1167 2952 latentem
1193 2863 1472 2965 infirmitatem,
1497 2873 1621 2952 dictus
1642 2894 1814 2982 receptor

387 3001 475 3081 lecit
493 3031 581 3082 eum
593 3032 725 3084 vovere
742 3022 780 3083 et
795 3005 924 3112 jurare
944 3004 1170 3094 castitatem,
1190 3002 1469 3092 obedienciam,
1490 2995 1814 3112 vivere'sine-pr‘s

387 3134 486 3234 prio,
504 3149 542 3209 et
555 3133 660 3239 quod
680 3151 841 3214 servaret
860 3134 982 3212 bonos
1001 3161 1090 3212 usus
1106 3149 1143 3210 et
1157 3134 1276 3212 bonas
1291 3132 1601 3222 consuetudines,
1622 3151 1659 3211 et
1674 3135 1814 3212 elemo-

387 3260 485 3338 sinas
505 3278 543 3339 et
556 3262 642 3370 jura
658 3262 813 3340 ordinis.
833 3263 921 3357 Quo
941 3263 1037 3340 lacto
1055 3262 1238 3371 imposuit
1257 3263 1328 3341 sibi
1346 3263 1586 3353 mantellum,
1608 3280 1646 3341 et
1665 3282 1812 3342 ostensa

387 3390 459 3470 sibi
485 3391 647 3500 quadam
675 3421 783 3470 cruce
812 3393 951 3502 lignea,
973 3411 1016 3471 ut
1035 3393 1107 3471 sibi
1126 3395 1284 3482 videtur,
1312 3394 1351 3469 in
1370 3422 1443 3502 qua
1467 3413 1546 3472 erat
1566 3424 1699 3504 ymago
1720 3398 1814 3477 Cru-

386 3522 485 3600 cifixi
510 3522 676 3629 depicta,
702 3552 816 3630 quarn
843 3524 947 3602 idern
975 3542 1146 3632 receptor
1173 3524 1328 3602 tenebat
1353 3525 1392 3602 in
1420 3553 1552 3615 manu,
1584 3528 1750 3634 precepit
1778 3531 1810 3604 ei

386 3650 492 3760 quod
511 3670 663 3759 spueret
682 3681 911 3760 supeream,
933 3655 1022 3761 quia
1042 3656 1209 3732 hocerat
1226 3653 1273 3731 de
1292 3655 1477 3761 preceptis
1492 3655 1653 3745 ordinis,
1672 3673 1710 3732 et
1722 3675 1813 3734 tunc

386 3785 466 3890 ipse
484 3784 590 3863 testis
609 3785 710 3892 spuit
726 3785 832 3893 juxta
855 3785 991 3863 dictam
1015 3813 1162 3864 crucem
1184 3811 1260 3864 non
1281 3813 1410 3892 supra,
1437 3786 1565 3863 dicens
1584 3784 1687 3862 idem
1706 3789 1812 3864 testis

387 3916 491 4022 quod
518 3914 641 3994 dictus
665 3933 835 4023 receptor
861 3916 954 3993 dixit
976 3916 1010 3994 ei
1032 3915 1137 4023 quod
1157 3943 1235 3994 non
1257 3916 1592 3995 debebatcredere
1613 3915 1810 3994 indictam

387 4027 537 4124 erucem
558 4073 628 4123 neo
647 4045 688 4123 in
707 4043 949 4125 Crucifixum.
970 4048 1082 4140 ltem,
1100 4047 1196 4124 dixit
1210 4047 1315 4153 quod
1333 4046 1455 4124 dictus
1473 4063 1645 4153 receptor
1665 4047 1757 4124 dixit
1777 4051 1811 4126 ei

387 4175 492 4282 quod
511 4193 659 4282 poterat
677 4175 910 4255 commisceri
930 4177 1126 4254 carnaliter
1146 4175 1324 4256 fratribus
1344 4176 1487 4256 ordinis
1503 4177 1625 4284 stipsi
1642 4207 1728 4255 cum
1745 4207 1808 4268 eo,

387 4305 466 4412 ipse
486 4323 612 4384 tamen
633 4306 707 4384 hoc
726 4334 804 4385 non
823 4306 911 4386 lecit
930 4335 1000 4384 nec
1020 4305 1093 4384 suit
1111 4285 1331 4415 requisitus,
1361 4335 1432 4385 neo
1451 4308 1571 4385 credit
1590 4311 1695 4415 quod
1716 4309 1812 4387 illud

386 4455 582 4544 peccatum
605 4437 906 4516 committeretur
925 4439 964 4514 in
985 4439 1139 4526 ordine.¹
1157 4438 1306 4516 Deinde
1328 4438 1450 4516 dictus
1470 4458 1643 4546 receptor
1661 4437 1733 4518 fuit
1752 4469 1812 4520 os-

387 4569 531 4646 culatus
550 4571 674 4675 ipsum
696 4587 832 4648 testem
852 4570 891 4646 in
912 4569 1045 4650 ordine
1066 4587 1105 4648 et
1124 4569 1218 4646 circa
1239 4568 1464 4648 umbilicum
1485 4598 1598 4676 super
1616 4588 1752 4662 vestes,
1776 4589 1813 4648 et

387 4716 548 4778 astantes
573 4717 703 4806 postea
728 4695 885 4778 luerunt
911 4728 999 4777 eum
1028 4699 1184 4778 osculati
1213 4700 1252 4776 in
1280 4727 1355 4780 ore.
1377 4700 1595 4807 Requisitus
1614 4701 1645 4780 si
1666 4702 1736 4780 alia
1757 4703 1813 4778 in-

388 4831 545 4908 honesta
571 4831 857 4908 intervenerunt
884 4831 922 4906 in
950 4859 1016 4908 sua
1043 4828 1263 4935 recepcione
1283 4829 1341 4906 vel
1367 4846 1466 4935 post,
1493 4831 1688 4937 respondit
1707 4833 1810 4938 quod
