4210 5882
711 539 909 634 procus
934 559 1031 632 ons
1056 560 1357 634 renarrans
1674 565 1748 639 trs

319 728 405 789 sua,
429 699 522 778 dixit
544 728 613 808 per
628 701 885 808 juramentum
906 729 1018 779 suurn
1046 702 1151 808 quod
1172 731 1271 794 non3
1295 705 1411 781 immo
1436 706 1528 784 dixit
1551 733 1682 812 puram
1711 727 1751 784 et

319 859 462 908 meram
481 831 686 910 veritatem.

374 1098 468 1172 ltem
488 1094 599 1172 frater
615 1096 747 1173 Petrus
763 1095 810 1172 de
824 1093 1053 1200 Laigneville
1081 1095 1315 1202 dispensator
1335 1096 1474 1174 domus
1496 1097 1562 1176 des
1577 1100 1746 1194 Quenoi,

318 1225 425 1304 etatis
440 1253 485 1306 xx
505 1213 689 1304 annorum
710 1225 770 1304 vel
794 1225 905 1314 circa,
924 1225 1074 1332 juratus
1099 1227 1234 1304 eodem
1267 1227 1382 1304 modo
1404 1228 1451 1304 de
1471 1255 1511 1304 se
1540 1245 1576 1306 et
1599 1229 1682 1306 aliis
1708 1232 1747 1307 in

318 1389 424 1438 causa
445 1357 536 1437 fidei
557 1357 682 1436 dicere
698 1357 907 1447 veritatem,
932 1374 970 1434 et
982 1358 1232 1466 interrogatus
1244 1358 1293 1436 de
1306 1377 1477 1464 tempore
1492 1378 1530 1436 et
1547 1362 1662 1439 modo
1681 1390 1747 1440 sue

317 1490 565 1598 recepeionis‚
584 1489 677 1568 dixit
694 1517 764 1595 per
772 1489 1027 1596 juramentum
1042 1517 1152 1568 suum
1173 1489 1278 1597 quod
1295 1489 1369 1570 fuit
1386 1507 1560 1598 receptus
1573 1492 1613 1568 in
1633 1493 1747 1572 domo

317 1624 365 1701 de
389 1622 602 1730 Latiguiaco
625 1621 751 1710 Sicco,
775 1622 815 1698 in
835 1621 1127 1731 Quadragesima
1144 1638 1255 1698 erunt
1276 1621 1354 1700 duo
1374 1623 1481 1712 anni,
1506 1651 1573 1729 per
1592 1621 1745 1702 fratrem

316 1757 359 1832 R.
381 1754 429 1832 de
454 1753 551 1846 Gisi,
573 1751 811 1860 presentibus
828 1751 939 1830 fratre
962 1751 1132 1829 Huberto
1164 1769 1384 1857 preceptore
1405 1752 1504 1830 dicte
1528 1753 1683 1843 domus,
1708 1774 1748 1834 et

317 1885 430 1964 fratre
445 1882 595 1962 Nicolao
617 1883 665 1962 de
692 1881 897 1970 Salleville,
919 1899 957 1958 et
973 1882 1149 1987 pluribus
1169 1882 1252 1961 aliis
1272 1883 1320 1961 de
1340 1911 1506 1991 qnorum
1523 1885 1746 1965 nominibus

317 2045 394 2096 non
406 2015 550 2094 recolit.
560 2013 661 2094 Dixit
675 2014 793 2092 eciam
807 2041 876 2120 per
883 2013 1138 2122 juramentum
1152 2041 1263 2091 suurn
1280 2013 1402 2120 quod,
1418 2030 1504 2120 post
1521 2015 1655 2092 multas
1666 2043 1746 2122 pro-

317 2147 515 2226 missiones
527 2145 573 2222 ab
593 2172 640 2224 eo
655 2142 767 2223 lactas
782 2144 831 2222 de
841 2143 1082 2224 observandis
1096 2144 1242 2222 statutis
1258 2162 1296 2222 et
1305 2144 1456 2222 secretis
1471 2143 1560 2222 dicti
1581 2147 1744 2238 ordinis,

316 2277 439 2356 dictus
463 2277 648 2382 recipiens
667 2275 849 2383 aportavit
862 2274 1055 2383 quoddam
1076 2275 1243 2364 missale,
1262 2293 1299 2352 et
1319 2274 1485 2352 ostendit
1497 2275 1567 2352 sibi
1586 2275 1744 2383 figuram

315 2407 577 2488 lhesuChristi
590 2405 756 2486 crucifixi
775 2407 961 2512 depictam
974 2407 1014 2484 in
1030 2434 1089 2496 eo,
1110 2423 1149 2482 et
1162 2406 1294 2513 petivit
1307 2406 1354 2483 ab
1374 2433 1420 2484 eo
1436 2423 1563 2483 utrum
1576 2407 1746 2485 erederet

316 2541 355 2617 in
371 2566 458 2618 eum
479 2539 586 2647 cujus
606 2538 726 2646 ligura
742 2554 821 2614 arat
840 2535 893 2616 ibi
915 2537 1080 2643 depicta,
1103 2536 1238 2642 etipse
1258 2535 1452 2642 respondit
1475 2537 1580 2643 quod
1600 2515 1673 2627 sic,
1708 2557 1745 2616 et

317 2673 433 2749 eciam
463 2669 556 2748 dixit
578 2668 683 2776 quod
703 2668 901 2774 oportebat
926 2667 1033 2774 quod
1056 2667 1258 2774 abnegaret
1277 2695 1382 2758 eum,
1400 2684 1439 2744 et
1457 2683 1608 2772 spueret
1633 2697 1744 2776 supra

316 2829 463 2880 crucem
481 2818 519 2878 et
534 2797 763 2907 ymaginem
784 2797 851 2904 qui
872 2797 1096 2876 contradixit
1114 2813 1296 2904 quantum
1312 2797 1451 2902 potuit,
1470 2813 1552 2874 tum
1569 2795 1743 2886 finaliter,

314 2935 402 3041 quia
424 2930 636 3009 minabatur
656 2959 744 3008 etun
763 2927 1003 3036 deponendo
1023 2956 1112 3006 eum
1134 2929 1173 3004 in
1186 2927 1249 3006 tali
1271 2955 1417 3006 carcere
1432 2929 1538 3036 quod
1557 2929 1605 3006 de
1620 2948 1744 3008 cetero

315 3091 391 3140 uon
410 3062 555 3140 videret
571 3060 688 3167 pedes
707 3087 810 3149 suos,
833 3058 921 3138 lecit
939 3058 1227 3166 abnegacionem
1240 3059 1358 3138 semel
1368 3089 1445 3150 ore,
1462 3077 1500 3137 et
1517 3087 1594 3137 non
1609 3060 1723 3138 corde
1735 3087 1749 3148 ‚⁴

314 3212 355 3270 ut
376 3195 485 3281 dixit,
510 3209 548 3270 et
569 3189 677 3268 linxit
696 3217 831 3296 spuere
854 3207 914 3267 ter
940 3219 1048 3296 supra
1074 3193 1302 3298 ymaginem,
1325 3192 1392 3268 sed
1416 3192 1575 3299 spuebat
1595 3192 1641 3267 ad
1666 3208 1744 3267 ter-

314 3353 409 3414 ram,
427 3343 469 3402 ut
489 3323 593 3400 dixit.
614 3322 716 3401 Dixit
735 3323 853 3400 eciam
873 3349 941 3427 per
949 3322 1206 3428 juramentum
1226 3351 1337 3400 suum
1356 3322 1463 3428 quod
1477 3321 1664 3400 osculatus
1673 3321 1745 3400 luit

315 3455 458 3530 eumin
479 3451 660 3532 umbilico
680 3470 717 3530 et
737 3454 776 3528 in
796 3479 863 3528 ore
882 3451 1133 3528 solummodo.
1151 3452 1252 3528 Dixit
1271 3452 1387 3528 eciam
1402 3479 1471 3558 per
1485 3453 1743 3560 juramentum

314 3613 425 3671 suum
438 3584 544 3689 quod
560 3583 683 3662 dictus
695 3583 879 3688 recipiens
890 3581 1058 3688 precepit
1067 3580 1137 3658 sibi
1149 3583 1254 3688 quod
1268 3583 1298 3658 si
1315 3581 1414 3660 calor
1426 3581 1603 3659 naturalis
1616 3609 1743 3658 move-

314 3734 371 3792 ret
389 3744 476 3796 eum
495 3714 542 3793 ad
557 3715 889 3804 incontinentiam,
911 3713 1016 3821 quod
1031 3713 1289 3792 commisceret
1304 3741 1344 3790 se
1360 3741 1445 3790 cum
1461 3711 1637 3790 iratribus
1654 3713 1742 3790 dicti

314 3847 473 3937 ordinis,
491 3863 530 3925 et
543 3845 634 3923 alios
652 3845 869 3922 admitteret
887 3845 935 3922 ad
946 3844 1064 3932 idem,
1087 3845 1117 3920 si
1133 3845 1400 3950 requireretur.
1418 3843 1519 3920 Dixit
1533 3862 1661 3920 tamen
1677 3871 1744 3948 per

309 3978 568 4084 juramentum
588 4003 699 4084 suum
719 3976 823 4082 quod
843 4001 1039 4084 nunquam
1059 3973 1161 4062 lecit,
1184 4003 1254 4052 nec
1276 3973 1348 4052 fuit
1373 3975 1586 4082 requisitus.

369 4111 462 4186 ltem
483 4107 575 4186 dixit
593 4107 699 4214 quod
718 4135 804 4186 cum
823 4134 870 4185 eo
890 4105 962 4184 fuit
979 4123 1152 4212 receptus
1173 4104 1326 4212 quidam
1353 4104 1467 4182 frater
1487 4105 1640 4182 nomine
1660 4104 1744 4180 Dal-

314 4239 468 4329 doinus,
496 4240 562 4345 qui
589 4265 656 4343 per
681 4238 860 4314 eumdem
885 4236 1041 4315 modurn
1069 4236 1223 4312 omnino
1245 4233 1315 4312 suit
1341 4251 1534 4341 receptus,
1559 4252 1597 4310 et
1624 4235 1742 4310 credit

312 4371 417 4476 quod
439 4395 571 4448 omues
587 4367 649 4445 alii
669 4365 780 4446 simili
801 4367 917 4446 modo
937 4367 1175 4472 recipiantur.
1195 4367 1445 4472 Interrogatus
1467 4382 1596 4443 utrum
1615 4367 1667 4452 ri,
1684 4366 1743 4442 vel

314 4519 418 4578 metu
445 4499 601 4578 carceris
620 4527 688 4576 seu
705 4515 1003 4585 tormentorum,
1030 4514 1094 4573 aut
1112 4495 1182 4572 alia
1208 4496 1255 4572 de
1273 4523 1402 4585 causa,
1424 4495 1587 4602 aliquam
1608 4496 1744 4573 dixerit

313 4631 510 4710 salsitatem
524 4631 579 4708 vel
600 4629 847 4707 immiscuerit
865 4628 905 4706 in
926 4628 1165 4734 deposicione
1181 4655 1265 4714 sua,
1288 4627 1379 4704 dixit
1399 4655 1467 4732 per
1482 4627 1741 4732 juramentum

313 4791 423 4840 suum
444 4763 548 4870 quod
564 4789 661 4852 non3
683 4762 802 4838 immo
820 4789 953 4866 puram
969 4777 1007 4837 et
1023 4787 1164 4836 meram
1180 4760 1322 4835 dixerat
1336 4760 1541 4836 veritatem.
