4486 5890
721 491 731 501 '
773 491 968 596 enonas
994 511 1089 584 uns
1114 511 1413 586 renarrans
1735 515 1805 587 ror

382 647 480 726 dicta
500 647 617 728 domo
633 649 769 731 Sancte
783 649 946 743 Eulalie,
964 653 1003 730 in
1023 681 1099 760 qua
1122 653 1243 732 extitit
1262 669 1532 742 commoratus,
1553 651 1647 732 vidit
1666 649 1807 732 elemo-

378 778 477 856 sinas
504 796 542 857 et
573 780 866 887 hospitalitatem
891 799 931 860 et
952 781 1152 864 luminaria
1181 782 1336 863 ecclesie
1364 782 1629 864 convenienter
1656 783 1738 860 lieri
1770 803 1806 862 et

377 911 536 1001 servaris
560 928 598 990 et
620 910 708 990 dicti
734 910 866 992 fratres
887 911 1048 994 Poncius
1068 931 1105 992 et
1124 912 1248 1024 Guigo
1271 913 1540 994 deffenderunt
1566 913 1635 1021 ipsi
1658 915 1744 993 testi
1769 933 1806 992 et

377 1039 460 1120 aliis
480 1040 657 1120 fratribus
674 1043 713 1120 in
729 1043 827 1122 dicta
843 1044 960 1124 domo
976 1044 1299 1126 commorantibus
1316 1073 1364 1124 ne
1380 1044 1548 1124 indebite
1567 1044 1804 1151 acquirerent

306 1217 309 1224 -
376 1170 513 1259 aliena,
534 1191 574 1252 et
586 1201 719 1272 omnes
738 1175 967 1256 curialitates
985 1175 1293 1256 concedebantur
1312 1178 1383 1267 eis,
1404 1193 1444 1256 et
1457 1174 1725 1254 incurialitates
1745 1206 1806 1252 ve-

376 1302 560 1382 tabantur.
583 1304 802 1412 Capitulum
826 1305 1057 1386 celebratum
1083 1335 1152 1414 pro
1174 1307 1392 1414 reccpcione
1414 1305 1505 1384 dicti
1530 1304 1689 1384 Deodati
1710 1307 1803 1384 vidit

374 1431 422 1509 de
446 1432 528 1522 dis,
549 1433 661 1522 clam,
685 1434 800 1513 nullis
823 1436 1063 1542 presentibus
1085 1437 1156 1515 nisi
1180 1435 1358 1515 fratribus
1377 1436 1539 1525 ordinis,
1561 1435 1693 1514 teneri.
1713 1437 1803 1514 Cre·
1860 1491 1863 1500 ι

374 1562 430 1640 dit
451 1563 555 1671 quod
579 1564 750 1644 ordinata
772 1594 840 1674 per
861 1566 1081 1676 Magistrum
1103 1595 1188 1644 cum
1209 1583 1393 1646 conventu
1419 1564 1576 1644 luissent
1599 1585 1741 1644 servata
1762 1549 1803 1644 inw

372 1710 453 1773 toto
474 1694 627 1783 ordine,
652 1711 921 1803 contraquam
948 1725 1050 1774 nunc
1069 1697 1222 1806 grandia
1246 1695 1437 1784 scandala,
1462 1696 1626 1802 suspicio
1651 1713 1688 1774 et
1708 1695 1765 1776 inf
1782 1741 1799 1759 -

373 1823 447 1900 mia
469 1841 558 1904 sunt
579 1841 726 1914 exorta,
755 1843 794 1904 ot
815 1843 945 1906 contra
967 1855 1081 1935 quem
1107 1855 1263 1935 magnus
1285 1826 1462 1934 Magister
1476 1843 1514 1904 et
1533 1824 1594 1904 alii
1621 1826 1800 1906 dicuntur

372 1952 496 2060 aliqua
517 1953 632 2032 fnisse
647 1954 817 2036 confessi

429 2085 644 2192 Requisitus
658 2086 688 2164 si
704 2088 757 2164 sic
773 2087 999 2196 deposuerat
1014 2115 1140 2194 prece,
1160 2089 1500 2195 precepto,timore
1511 2116 1675 2178 ,amore,
1693 2089 1796 2176 odio,

373 2214 430 2294 vel
445 2216 644 2324 temporali
665 2219 828 2298 comodo
850 2218 981 2298 habito
996 2218 1054 2299 vel
1073 2219 1267 2311 habendo,
1286 2218 1481 2326 respondit
1498 2219 1603 2326 quod
1619 2247 1712 2307 nou,
1731 2220 1798 2296 sad

371 2371 441 2451 pso
462 2347 616 2426 veritate
642 2347 824 2439 dieenda;
846 2350 907 2458 cui
928 2349 1001 2427 init
1025 2349 1239 2457 injunctum
1263 2343 1370 2456 quod
1395 2377 1471 2426 non
1498 2348 1679 2427 revelaret
1702 2349 1797 2425 hanc

372 2460 477 2554 suain
494 2476 791 2584 deposiciouem,
807 2508 1008 2588 quousque
1022 2477 1649 2589 attestacionesfrrerintprrblicate3
1666 2496 1703 2556 et
1719 2506 1795 2556 non

370 2605 559 2686 obtulerat
578 2635 618 2686 se
633 2611 681 2702 ad
698 2609 971 2692 deffensionem
988 2611 1077 2688 dicti
1093 2610 1250 2688 ordinis.

424 2870 553 2946 Frater
567 2873 811 2980 Rayrnnudns
829 2873 1010 2950 Arnalvini
1026 2875 1208 2958 serviens,
1227 2843 1481 2950 Ruthauensis
1497 2871 1675 2960 diocesis,
1690 2875 1795 2949 testis

367 3027 477 3106 supra
494 3000 662 3107 juratus,
683 3002 1001 3111 quadragenarius
1021 3002 1081 3080 vel
1104 3004 1218 3093 circa,
1245 3002 1471 3082 mantellum
1494 3001 1638 3080 ordinis
1655 3019 1693 3080 et
1708 3001 1794 3080 har-

364 3128 452 3206 bam
476 3130 681 3222 deflerem,
707 3161 792 3212 cum
816 3161 894 3240 quo
920 3134 1143 3241 inquisitum
1174 3133 1316 3224 suerat,
1347 3133 1543 3212 absolutus
1566 3149 1604 3210 et
1626 3134 1793 3209 reconci-

363 3258 476 3337 liatus
498 3289 569 3366 per
590 3262 791 3340 dominnm
816 3265 1035 3370 episcopum
1055 3264 1358 3351 Ruthenensem,
1385 3265 1451 3370 qui
1476 3281 1649 3370 receptus
1670 3262 1793 3340 suerat

228 3440 262 3489 ¹-
362 3392 402 3466 in
425 3389 566 3496 capella
595 3393 726 3471 Sancta
755 3393 899 3470 Eulalie
923 3393 1024 3471 dicte
1048 3394 1229 3485 diocesis,
1260 3423 1327 3500 per
1349 3393 1502 3471 fratrem
1531 3392 1714 3472 Poncinm
1744 3393 1791 3470 de

362 3520 528 3600 lirohcto
553 3521 715 3601 militem
732 3525 947 3630 quondam,
976 3524 1014 3600 in
1036 3525 1163 3602 hieme
1186 3525 1365 3632 preterita
1380 3523 1536 3602 luerunt
1551 3523 1789 3602 xruannirel

362 3654 478 3741 circa,
500 3655 739 3760 presentibus
754 3652 932 3733 iratribus
946 3655 1127 3732 lisneerio
1147 3655 1196 3734 de
1207 3655 1461 3732 Lemovicinio
1476 3653 1618 3746 milite,
1636 3653 1790 3732 Othone

361 3801 582 3890 preceptore
602 3785 835 3877 Tholosano,
858 3785 968 3892 cujus
987 3813 1197 3893 cognomen
1215 3785 1380 3892 ignorat,
1397 3811 1493 3891 quos
1507 3783 1627 3863 credit
1646 3783 1787 3874 virere,

336 3914 534 4021 .Gnigone
555 3913 731 3994 Ademsri
756 3915 896 4007 milite,
930 3931 968 3995 et
990 3917 1213 4024 Raymnndo
1236 3915 1444 3994 Bermnndi
1471 3933 1563 3992 tnnc
1585 3917 1788 3992 camerario

361 4043 449 4122 dicti
474 4043 567 4133 loci,
592 4046 841 4124 ser-viantibus
862 4045 1081 4135 deffnnotis,
1103 4063 1142 4124 et
1160 4048 1227 4152 qni
1251 4045 1402 4124 nullum
1426 4045 1544 4122 alium
1561 4045 1706 4124 viderat
1728 4075 1787 4122 re·

360 4175 434 4280 cipi
456 4177 493 4252 in
509 4176 660 4267 ordine,
678 4203 748 4254 nec
767 4176 936 4258 arffuerat
954 4177 1193 4284 generalibus
1214 4176 1385 4283 capitulis
1406 4176 1643 4254 eorumdem.
1665 4177 1787 4253 Lectis

360 4324 398 4384 et
410 4305 608 4414 diligenter
620 4309 796 4416 expositis
816 4308 887 4386 sibi
899 4307 1076 4386 omnibns
1094 4325 1132 4384 et
1151 4307 1307 4414 singulis
1327 4307 1511 4394 articulis,
1533 4306 1727 4412 respondit
1746 4336 1786 4384 se

358 4437 475 4516 nichil
494 4439 587 4515 scire
609 4464 678 4514 nec
697 4439 867 4530 credere,
889 4467 958 4517 nec
980 4438 1165 4517 audivisse
1187 4438 1262 4516 dici
1289 4438 1337 4515 de
1363 4438 1549 4516 contentis
1575 4437 1614 4515 in
1637 4439 1691 4514 cir
1714 4437 1786 4514 nisi

358 4569 463 4674 qnod
479 4570 662 4678 sequitur.
678 4569 861 4649 Videlicet
875 4570 978 4677 quod
999 4570 1036 4646 in
1057 4567 1139 4676 ejus
1153 4569 1374 4675 recepcione
1394 4585 1577 4675 receptor,
1595 4595 1681 4646 curn
1697 4595 1787 4646 con-

359 4700 528 4779 cessisset
547 4727 635 4778 eum
655 4701 842 4808 recipere,
866 4701 958 4778 dixit
970 4700 1094 4807 quod,
1113 4701 1151 4776 in
1171 4701 1325 4778 nomine
1343 4700 1462 4776 Patris
1476 4717 1514 4776 et
1539 4697 1622 4776 Filii
1643 4716 1681 4776 at
1701 4699 1786 4804 Spi-

357 4831 453 4910 ritus
470 4831 612 4923 Sancti,
633 4847 670 4909 et
685 4832 731 4909 ad
753 4832 937 4911 honorem
959 4832 1027 4908 Dei
1050 4847 1088 4907 et
1103 4831 1212 4908 beate
1235 4830 1370 4921 Mane,
1393 4827 1596 4937 recipiebat
1618 4857 1722 4916 eum,
1746 4847 1784 4906 et
