4242 5890
699 550 1348 646 proersmsrrmnms.
1594 534 1599 542 ’
1664 581 1738 652 ror

309 727 549 816 preceptores
579 710 780 789 castitatem
810 730 993 820 quantum
1024 711 1073 789 ad
1098 712 1292 804 mulieres,
1328 714 1493 792 dicentes
1523 717 1558 796 ei
1583 718 1739 824 quodsi

309 839 443 947 aliquis
472 838 571 919 color
596 841 773 920 neutralis
800 860 968 922 moveret
993 871 1098 933 eum,
1126 845 1231 952 quod
1255 863 1401 951 poterat
1429 875 1469 922 se
1499 847 1739 956 refrigescere

310 1001 394 1049 cum
415 972 542 1080 aliquo
556 972 604 1049 de
618 973 792 1052 fratribus
806 976 966 1066 ordinis3
987 976 1055 1053 scd
1068 975 1159 1052 dixit
1172 1004 1240 1081 per
1247 977 1503 1084 juramentum
1516 1007 1626 1056 suum
1635 981 1741 1086 quod

309 1131 504 1210 nunquam
519 1104 723 1182 immiscuit
741 1133 780 1183 sc
802 1135 887 1184 cum
908 1105 1035 1213 aliquo
1055 1104 1223 1184 homine.

365 1236 615 1343 Interrogatus
630 1235 678 1313 de
693 1237 840 1328 osculo,
856 1235 948 1314 dixit
961 1237 1293 1344 perjuramcntum
1309 1267 1418 1315 suum
1434 1239 1540 1345 quod
1553 1239 1740 1320 oscidates

309 1365 381 1443 tuit
394 1365 636 1472 recipientem
657 1384 694 1445 et
711 1367 803 1446 alios
821 1367 952 1445 fratres
970 1383 1162 1473 presentes
1183 1368 1222 1443 in
1243 1395 1307 1446 ore
1326 1369 1466 1459 solum,
1483 1387 1520 1448 et
1535 1386 1625 1450 tunc
1645 1371 1740 1452 reci-

308 1496 416 1600 piens
436 1496 553 1573 dixit:
571 1534 583 1565 a
599 1497 696 1576 Satis
714 1515 787 1588 est,
816 1527 945 1576 eunus
964 1527 1153 1603 pransum.
1171 1535 1184 1566 υ

365 1628 614 1734 interrogatus
633 1647 760 1706 utrum
779 1629 830 1719 vi,
857 1628 915 1706 vel
934 1647 1055 1718 metu,
1082 1628 1138 1708 vei
1158 1645 1262 1706 metu
1282 1647 1555 1708 tormentorum
1578 1631 1639 1710 vel
1663 1661 1743 1710 car-

309 1758 419 1848 ceris,
434 1757 491 1835 vel
508 1757 642 1836 alinde
660 1787 784 1849 causa,
801 1759 966 1866 aliquam
980 1758 1178 1838 salsitatem
1194 1760 1455 1852 immiscuerit,
1472 1777 1536 1839 aut
1548 1761 1740 1840 veritatem

309 1890 465 1968 tacuerit
483 1890 523 1966 in
543 1919 609 1967 sua
625 1889 884 1997 deposicione,
906 1889 1001 1968 dixit
1018 1921 1086 1998 per
1106 1892 1364 1999 juramentum
1388 1919 1499 1970 suurn
1520 1890 1624 1999 quod
1643 1920 1738 1986 non;

311 2020 387 2098 uno
407 2047 476 2126 pro
491 2019 607 2098 salute
628 2021 751 2099 anime
773 2050 839 2100 sue
860 2049 992 2129 puram
1015 2038 1052 2099 et
1071 2023 1254 2128 integram
1270 2023 1412 2100 dixerat
1431 2023 1635 2102 veritatem.

366 2285 459 2362 ltem
483 2283 597 2362 frater
624 2284 856 2364 Guidemrus
880 2286 927 2366 de
954 2285 1089 2394 Biceyo
1113 2287 1362 2392 Lingouensis
1389 2285 1564 2377 diocesis,
1587 2287 1743 2395 capella-

311 2442 382 2492 nus
402 2416 554 2524 majoris
579 2417 744 2523 Magistri
772 2417 861 2495 dicti
883 2417 1042 2505 ordinis,
1073 2415 1209 2528 eodem
1228 2417 1343 2494 modo
1358 2417 1507 2524 juratus
1527 2433 1565 2494 et
1581 2417 1742 2496 interro-

310 2563 416 2654 gatus
437 2546 484 2624 de
513 2565 682 2653 tempore
712 2566 750 2625 et
776 2546 893 2626 modo
914 2577 980 2625 sue
1000 2547 1245 2655 recepcionis,
1275 2546 1369 2624 dixit
1393 2575 1462 2654 per
1483 2547 1741 2654 juramentum

310 2707 421 2756 suum
440 2679 544 2785 quod
565 2678 767 2757 duodecim
787 2679 874 2756 anni
896 2677 954 2756 vel
974 2677 1070 2755 circa
1090 2695 1178 2755 sunt
1197 2677 1310 2784 elapsi
1329 2676 1435 2784 quod
1454 2678 1534 2783 ipse
1555 2676 1627 2754 suit
1645 2705 1744 2755 rece·

310 2825 395 2914 ptus
415 2808 516 2917 apud
538 2810 790 2918 Espeilleyum
815 2809 914 2887 dicte
936 2807 1096 2887 diocesis
1116 2808 1381 2915 Lingouensis,
1404 2835 1472 2914 per
1490 2807 1643 2886 fratrem
1667 2810 1744 2886 Hu-

310 2966 447 3046 gonem
472 2941 520 3018 de
544 2940 715 3019 Pereudo
740 2959 998 3049 preceptorem
1022 2957 1113 3017 tune
1137 2939 1287 3018 ballivie
1312 2939 1483 3028 Francie,
1507 2938 1743 3046 presentibus

311 3067 421 3148 fratre
449 3071 639 3177 Stephano
660 3070 851 3178 capellano
872 3071 971 3148 dicte
989 3071 1135 3148 domus.
1153 3070 1256 3148 Dixit
1275 3071 1392 3148 eciam
1403 3098 1473 3178 per
1486 3070 1742 3177 juramentmn

310 3227 421 3278 suum
438 3201 561 3308 quod,
575 3219 662 3309 post
679 3200 815 3279 multas
833 3201 1100 3308 promissiones
1115 3200 1163 3278 dc
1183 3201 1329 3279 statutis
1350 3218 1388 3278 et
1407 3200 1558 3278 secretis
1577 3200 1665 3278 dicti
1687 3228 1742 3278 or·

312 3329 410 3407 dinis
424 3329 664 3408 observandis
676 3329 788 3408 factas
801 3330 847 3408 ab
865 3359 927 3422 eo,
944 3329 1163 3410 mantellum
1177 3329 1248 3408 tuit
1260 3329 1333 3407 sibi
1346 3329 1510 3436 positum
1523 3329 1571 3408 ad
1582 3329 1757 3420 collum.

312 3476 350 3536 et
369 3460 557 3538 osculatus
574 3460 648 3539 fuit
667 3462 769 3540 idem
791 3478 964 3568 receptus
987 3461 1230 3568 recipientem
1250 3460 1289 3536 in
1311 3488 1375 3538 ore
1397 3475 1435 3538 et
1454 3478 1584 3567 postea
1604 3461 1643 3536 in
1663 3458 1739 3538 [ine

310 3591 416 3696 spine
437 3590 550 3669 dorsi.
571 3591 672 3671 Dixit
692 3593 807 3670 eciam
821 3621 889 3700 per
900 3594 1156 3700 juramentum
1176 3619 1288 3669 snum
1302 3590 1409 3697 quod
1422 3591 1545 3668 dictus
1557 3590 1742 3696 recipiens

310 3722 478 3829 precepit
496 3722 568 3800 sibi
583 3723 688 3831 quod
699 3723 899 3830 abnegaret
914 3723 1057 3802 dictum
1074 3722 1231 3800 Jhesum
1246 3721 1455 3809 Christum,
1466 3735 1505 3797 et
1517 3737 1577 3796 ter
1589 3738 1740 3826 spueret

311 3881 421 3958 supra
446 3882 610 3944 crucem,
638 3855 880 3962 despiciendo
908 3855 1115 3934 Dominum
1140 3854 1295 3930 Jhesum
1315 3851 1506 3930 Christum
1525 3851 1591 3957 qui
1611 3878 1740 3959 passus

311 3981 439 4061 init-in
453 4013 513 4076 eor
534 4014 607 4093 que
627 3983 716 4064 fecit
735 4014 816 4077 ore,
840 4005 877 4064 et
892 4015 969 4064 non
989 3985 1120 4075 corde,
1143 3985 1238 4062 sicut
1261 3983 1365 4062 dixit.

368 4115 617 4222 Interrogatus
629 4133 756 4194 utrum
768 4116 872 4195 aliud
881 4116 954 4194 fuit
968 4116 1038 4195 sibi
1052 4115 1276 4224 injunctum,
1292 4113 1384 4193 dixit
1398 4139 1466 4219 per
1474 4113 1735 4220 juramentum

312 4274 422 4324 suum
442 4245 546 4353 quod
565 4247 635 4338 sic;
657 4275 743 4323 nam
770 4247 864 4327 dixit
882 4276 951 4353 per
970 4248 1225 4355 juramentum
1246 4273 1358 4322 suum
1380 4242 1483 4350 quod
1505 4243 1628 4321 dictus
1646 4243 1740 4320 reci·

312 4376 419 4483 piens
437 4378 605 4485 precepit
626 4376 696 4454 sibi
716 4378 823 4485 quod
846 4379 877 4455 si
904 4377 1038 4486 aliqnis
1061 4376 1217 4454 fratrum
1237 4376 1325 4454 dicti
1347 4373 1490 4452 ordinis
1513 4373 1625 4452 vellet
1654 4401 1736 4454 rem

312 4508 451 4587 habere
465 4508 657 4586 cunaliter
676 4537 763 4586 cum
783 4536 846 4598 eo,
868 4509 972 4616 quod
989 4508 1068 4615 ipse
1088 4506 1340 4615 permitteret;
1360 4505 1428 4584 sed
1442 4506 1524 4613 ipse
1544 4531 1740 4613 nunquam

312 4641 499 4746 permisit,
519 4660 564 4719 ut
583 4641 688 4744 dixit,

367 4773 617 4880 interrogatus
645 4788 773 4850 utrum
805 4787 904 4848 esset
934 4769 1134 4878 presbyter.
1158 4795 1245 4846 eum
1277 4768 1424 4847 intravit
1457 4766 1630 4846 ordinem
1662 4791 1742 4872 pre·

314 4901 471 4992 dietum,
492 4903 586 4981 dixit
604 4931 672 5010 per
686 4903 944 5011 juramentum
965 4929 1074 4980 suum
1096 4900 1202 5008 quod
1217 4899 1282 4977 sic.

419 5060 526 5122 esocis
539 5079 592 5121 oss
608 5077 779 5122 renatum„
796 5091 837 5104 -
853 5077 886 5118 n.
974 5138 978 5146 ι
1534 5051 1575 5114 38
