4242 5890
710 555 905 648 rsocss
930 572 1027 647 nss
1053 541 1357 648 rssrmsss.
1673 585 1746 658 sss

319 718 376 798 vel
392 735 686 807 tormentorum,
704 717 867 824 aliquam
883 716 1018 793 dixerit
1032 717 1228 795 falsitatem
1238 719 1294 796 vel
1304 719 1749 831 immiscueritindeposi-

320 852 519 939 cionesua,
532 848 1077 956 dixitperjuramentumsuum
1087 850 1191 956 quod
1205 877 1298 937 non;
1317 850 1432 929 immo
1443 851 1746 932 dixitveritatem.

375 1115 468 1190 ltem
491 1111 604 1188 frater
626 1113 837 1218 Stephanus
867 1112 913 1188 de
943 1112 1111 1188 Domont
1141 1111 1229 1189 dicti
1251 1113 1409 1201 ordiniS,
1438 1114 1544 1190 etatis
1563 1114 1749 1222 quinque-

318 1243 419 1350 ginta
439 1270 642 1332 annorum,
673 1243 821 1350 juratus
847 1243 982 1320 eodem
1009 1243 1123 1320 modo
1146 1259 1183 1318 et
1210 1243 1414 1349 requisitus
1443 1245 1490 1323 de
1514 1263 1684 1352 tempore
1712 1265 1750 1323 et

318 1373 433 1451 modo
446 1401 511 1450 sue
525 1373 769 1480 receptionis,
793 1373 885 1450 dixit
900 1401 969 1479 per
978 1373 1234 1481 juramentum
1256 1400 1366 1451 suum
1388 1375 1490 1482 quod
1510 1375 1589 1482 ipse
1604 1375 1676 1454 fuit
1690 1404 1750 1453 re-

318 1521 447 1610 ceptus
462 1503 563 1611 apud
576 1503 758 1582 Castelier
768 1505 808 1581 in
819 1503 1074 1594 Viromandis,
1092 1505 1221 1613 viginti
1237 1505 1322 1580 anni
1337 1521 1422 1582 sunt
1434 1505 1547 1612 elapsi
1564 1505 1620 1584 vel
1635 1507 1746 1596 circa,

250 1729 254 1736 ¹
317 1663 385 1740 per
403 1633 555 1712 fratrem
583 1634 796 1714 Jobannem
824 1635 871 1712 ds
903 1633 1133 1714 Maimbressi
1161 1634 1318 1711 militem
1346 1634 1435 1712 dicti
1463 1636 1619 1713 ordinis.
1647 1637 1750 1714 Dixit

320 1766 435 1844 eciam
450 1793 518 1873 per
526 1766 785 1873 juramentum
796 1793 905 1844 suum
920 1765 1042 1871 quod,
1054 1783 1141 1872 post
1154 1765 1290 1842 multas
1301 1767 1571 1871 promissiones
1586 1767 1676 1844 dicti
1687 1795 1749 1845 or-

318 1896 437 1986 dinis,
455 1895 578 1973 dietus
596 1897 780 2002 recipiens
791 1898 959 2003 precepit
974 1896 1044 1974 sibi
1067 1913 1105 1974 et
1123 1896 1283 2002 injunxit
1297 1895 1403 2004 quod
1419 1898 1575 1974 omnino
1594 1897 1751 1975 abstine·
1871 1901 1876 1912 ’
1964 1877 1968 1884 ’

319 2023 376 2104 iet
399 2055 439 2106 se
458 2055 479 2104 a
498 2026 737 2116 mulieribus,
766 2044 804 2105 et
824 2028 939 2133 quod,
966 2028 997 2104 si
1024 2027 1126 2104 calor
1144 2027 1321 2104 naturalis
1341 2045 1507 2104 moveret
1526 2055 1630 2116 eum,
1648 2055 1749 2106 com-

312 2157 491 2238 misceret
511 2185 550 2236 ss
571 2186 657 2236 cum
677 2157 854 2235 fratribus
879 2157 967 2235 suis.
994 2157 1097 2234 Dixit
1132 2157 1248 2232 eciam
1273 2185 1341 2261 per
1361 2157 1618 2263 juramentum
1638 2185 1748 2236 suum

318 2288 423 2396 quod
443 2289 565 2367 dictus
577 2289 762 2394 recipiens
777 2287 941 2365 ostendit
958 2287 1030 2364 sibi
1044 2285 1246 2393 quamdam
1267 2313 1415 2361 crucem
1431 2287 1469 2361 in
1484 2287 1650 2393 quodam
1667 2291 1751 2364 mis-

319 2418 385 2498 sali
404 2421 444 2496 in
463 2449 537 2528 qua
557 2436 637 2497 erat
649 2447 783 2527 ymago
799 2417 916 2496 Jhesu
932 2417 1087 2506 Christi,
1107 2435 1144 2494 et
1158 2417 1245 2495 fecit
1265 2445 1352 2495 eum
1371 2437 1428 2494 ter
1442 2447 1575 2524 negare
1593 2421 1749 2497 Jhesum

319 2549 525 2640 Christum,
539 2567 576 2628 et
588 2577 722 2658 spuere
735 2567 794 2628 ter
803 2577 915 2655 supra
926 2548 1150 2656 ymaginem.
1167 2551 1417 2654 Interrogatus
1434 2549 1481 2626 de
1495 2549 1639 2637 osculo,
1657 2550 1751 2626 dixit

319 2707 386 2785 per
400 2681 656 2788 jurameutum
685 2707 795 2757 suum
819 2678 923 2786 quod
944 2677 1129 2756 osculatus
1155 2678 1229 2755 suit
1246 2706 1335 2755 eum
1365 2679 1405 2755 in
1425 2673 1500 2756 fine
1520 2679 1626 2784 spine
1648 2678 1749 2756 dorsi

265 2841 267 2846 ·
319 2826 356 2885 ct
376 2811 414 2886 in
435 2811 629 2889 umbilico.
647 2811 750 2890 Dixit
770 2811 887 2888 eciam
909 2839 978 2915 per
991 2810 1247 2917 juramentum
1267 2837 1378 2888 suum
1399 2811 1503 2916 quod
1522 2809 1615 2886 vidit
1633 2809 1748 2916 recipi

319 2940 520 3046 quemdam
531 2941 681 3019 fratrem
694 2958 866 3020 vocatum
875 2940 1101 3029 Robertum,
1118 2957 1293 3046 nepotem
1305 2939 1426 3018 fratris
1438 2939 1565 3019 Garini
1576 2940 1623 3018 de
1637 2939 1752 3019 Gran-

320 3070 493 3161 divillari,
522 3089 559 3148 et
580 3070 672 3148 dixit
694 3099 762 3178 per
777 3073 1033 3180 juramentum
1053 3101 1165 3148 suum
1182 3073 1292 3179 quod¹
1308 3073 1444 3150 eodem
1465 3073 1580 3150 modo
1600 3072 1672 3150 fuit
1690 3099 1749 3150 re·

320 3220 449 3307 ceptus
469 3229 538 3306 per
556 3200 777 3278 avunculum
801 3202 1015 3308 predictum
1040 3201 1192 3280 fratrem
1212 3201 1406 3280 Garinum.
1428 3201 1642 3309 Requisitus
1659 3229 1751 3308 qua-

319 3331 406 3408 liter
431 3330 501 3407 scit
526 3330 630 3437 quod
654 3331 705 3407 ita
732 3329 803 3408 fuit
822 3350 1009 3436 receptus,
1043 3333 1134 3408 dixit
1161 3333 1263 3437 quod
1290 3350 1557 3437 presenserat,
1588 3348 1626 3409 et
1644 3332 1747 3408 vidit.

320 3461 533 3565 Requisitus
562 3478 689 3537 utrum
708 3461 759 3549 vi,
791 3459 850 3538 vel
880 3479 984 3538 metu
1008 3463 1166 3538 carceris
1188 3461 1245 3536 vel
1267 3479 1556 3549 tormentorum,
1587 3461 1749 3567 aliquam

319 3591 455 3667 dixerit
474 3590 666 3668 salsitatem
688 3592 745 3668 vel
763 3592 1011 3670 immiscuerit
1030 3592 1069 3667 iu
1091 3591 1330 3697 depositione
1350 3619 1432 3681 sua,
1455 3591 1547 3667 dixit
1562 3617 1631 3696 per
1644 3581 1749 3698 jura-

320 3735 489 3797 mentum
510 3748 619 3798 suum
635 3721 740 3828 quod
755 3747 854 3812 non3
871 3724 989 3800 immo
1011 3723 1102 3800 dixit
1115 3723 1320 3800 veritatem.

375 3983 469 4059 Item
494 3981 606 4059 frater
625 3982 836 4061 Bernardus
861 3983 909 4061 de
940 3984 1101 4061 Parisios
1124 3982 1318 4089 presbyter
1344 3981 1433 4058 dicti
1459 3983 1616 4074 ordinis,
1644 3984 1749 4060 etatis

320 4112 587 4219 quinquaginta
606 4139 806 4200 annorum,
826 4113 974 4219 juratus
1001 4112 1137 4190 eodem
1159 4113 1272 4189 modo
1298 4129 1335 4188 et
1361 4113 1564 4218 requisitus
1584 4112 1631 4190 de
1653 4129 1751 4191 tem-

319 4267 411 4344 pore
432 4257 470 4317 at
488 4241 605 4317 modo
619 4269 687 4317 sue
707 4241 952 4347 recepcionis,
971 4241 1062 4318 dixit
1077 4269 1145 4346 per
1154 4241 1411 4348 juramentum
1428 4271 1536 4320 suum
1556 4245 1659 4349 quod
1678 4245 1751 4321 fuit

319 4386 492 4476 receptus
511 4371 611 4477 apud
626 4371 878 4476 Latigniacum
899 4371 1065 4460 Siccum,
1086 4397 1155 4477 per
1172 4369 1323 4448 fratrem
1342 4373 1582 4479 Radulpbum
1600 4374 1648 4450 de
1669 4374 1749 4454 Gisi

321 4499 410 4576 dicti
440 4499 600 4591 ordinis,
622 4517 852 4607 receptorem
874 4502 1091 4608 Campanie,
1113 4502 1152 4577 in
1172 4503 1376 4609 septimana
1396 4521 1481 4610 post
1503 4505 1658 4584 Cineres
1682 4506 1752 4581 erit

320 4657 454 4717 annus,
469 4632 705 4737 presentibus
719 4631 830 4710 fratre
842 4631 953 4710 Petro
965 4632 1012 4710 ds
1024 4633 1126 4710 Sivre
1139 4632 1255 4710 milite
1269 4633 1358 4710 dicti
1370 4637 1525 4726 ordinis,
1538 4655 1575 4712 et
1585 4637 1750 4744 quodam

321 4759 511 4866 capellano
523 4779 652 4840 vocato
671 4762 782 4839 fratre
798 4764 920 4842 Petro.
937 4763 1041 4842 Dixit
1053 4763 1170 4840 eciam
1180 4789 1248 4869 per
1257 4765 1513 4871 juramentum
1526 4793 1636 4843 suum
1647 4764 1750 4872 quod

320 4891 563 4998 recipientem
584 4893 771 4972 osculatus
790 4891 862 4971 fuit
886 4893 924 4970 in
946 4894 1141 4984 umbilico;
1164 4913 1200 4971 et
1220 4912 1345 5000 postea
1369 4896 1460 4972 dixit
1479 4925 1546 5004 per
1560 4899 1751 5003 juramen-

1513 5047 1562 5111 dr.
