4242 5890
703 577 901 668 999999
926 593 1023 667 oss
1049 593 1351 667 9999999999.
1668 595 1743 665 999

312 755 407 826 tem,
434 752 488 825 et,
515 750 664 812 ostensa
684 733 755 813 sibi
776 735 938 843 quedam
959 762 1069 812 cruce
1090 762 1176 813 cum
1196 732 1320 843 effigie
1339 733 1457 810 Jhesu
1481 730 1636 820 Christi,
1658 761 1745 838 pre·

313 884 496 975 ceperunt
523 866 557 944 ei
582 865 689 974 quod
715 867 918 976 abnegaret
936 867 1145 956 Christum,
1170 883 1207 944 et
1223 883 1375 973 spueret
1391 891 1502 971 supra
1528 892 1677 942 crucem
1706 882 1745 941 et

313 998 477 1107 effigiem
497 995 636 1078 Christi
656 998 696 1074 in
717 1025 761 1076 ea
781 997 978 1106 depictam.
1006 997 1121 1093 Quod
1146 998 1227 1104 ipse
1247 995 1468 1104 aliquandiu
1496 994 1616 1074 facere
1635 1023 1745 1072 recu·

312 1131 420 1220 savit,
447 1146 491 1207 ut
509 1128 618 1220 dixit;
648 1145 687 1208 et
709 1113 865 1208 tnndem
886 1129 1150 1236 compulerunt
1168 1157 1256 1207 eum
1286 1129 1467 1237 abnegare
1492 1125 1688 1206 Christum
1705 1144 1743 1203 ct

312 1287 447 1366 spuere
468 1287 580 1367 supra
600 1258 738 1338 dictam
759 1288 929 1352 crucem,
947 1263 1052 1368 quod
1071 1287 1148 1338 999
1163 1258 1252 1337 19919
1265 1259 1395 1348 corde,
1417 1259 1514 1336 sicut
1529 1257 1637 1345 dixit,
1658 1255 1744 1332 licet

313 1419 390 1469 ore.
417 1391 518 1469 Dixit
538 1391 654 1467 eciam
674 1421 743 1497 per
756 1392 1017 1501 juramentum
1037 1420 1150 1470 suurn
1183 1391 1289 1498 quod
1315 1390 1439 1468 statim
1465 1387 1653 1466 osculatus
1672 1387 1746 1478 luit

313 1522 454 1602 dictum
475 1521 719 1627 recipientem
734 1523 774 1600 19
793 1523 974 1602 umbilico
990 1541 1029 1600 99
1043 1523 1082 1600 19
1097 1550 1163 1601 999
1179 1517 1435 1599 solummodo.
1456 1522 1504 1598 Et
1518 1518 1613 1594 dixit
1627 1517 1742 1594 eciam
1803 1611 1807 1622 ¹

186 1707 193 1718 ι
313 1654 435 1734 dictus
453 1651 567 1732 l'rater
580 1653 625 1732 G.
646 1653 753 1760 quod
773 1654 897 1733 dictus
917 1654 1101 1760 recipiens
1120 1652 1212 1730 dixit
1232 1652 1303 1731 sibi
1323 1649 1428 1759 quod
1443 1650 1524 1755 ipse
1541 1666 1580 1727 ct
1594 1647 1655 1725 9111
1674 1646 1747 1725 lra-

312 1801 386 1861 tres
406 1783 595 1862 debebant
613 1811 652 1862 99
675 1785 883 1866 adinvicem
899 1786 1043 1892 juvare.
1065 1784 1284 1891 Requisitus
1308 1781 1355 1859 de
1382 1809 1459 1889 quo
1477 1779 1668 1888 juvamine
1689 1779 1746 1854 19-

311 1912 549 2023 telligebaot,¹
567 1915 660 1992 dixit
676 1940 747 2022 par
757 1918 1016 2024 juramentum
1034 1945 1148 1994 suum
1174 1916 1280 2024 quod
1300 1913 1421 1992 credit
1439 1912 1542 2020 quod
1565 1909 1746 2018 intellige·

312 2044 515 2152 bantquod
524 2044 809 2124 commiscerent
824 2075 864 2126 99
879 2046 1086 2124 adinvicem
1100 2045 1311 2135 carnalitem
1332 2062 1459 2120 tumen
1473 2071 1551 2120 non
1561 2041 1747 2153 ¹expressit

313 2175 438 2254 verbe.
456 2175 670 2282 11999191999
690 2177 720 2253 91
741 2204 909 2284 unquam
929 2177 1021 2254 vidit
1041 2205 1162 2254 unum
1186 2177 1308 2283 capud
1328 2174 1435 2282 quod
1454 2174 1646 2252 consuevit
1661 2201 1747 2279 por·

312 2308 381 2384 tari
400 2304 448 2384 ad
468 2307 630 2414 capitula
649 2323 687 2384 99
707 2307 832 2386 exhibi
850 2307 1043 2397 fratribus,
1066 2305 1159 2384 dixit
1183 2305 1288 2413 quod
1311 2305 1405 2382 vidit
1423 2305 1548 2412 ipsum
1568 2303 1626 2382 bis
1645 2304 1747 2380 Pari-

312 2437 390 2515 sius
414 2437 452 2513 19
477 2436 628 2515 duobus
650 2437 837 2545 capitulis,
863 2453 900 2515 99
926 2437 1021 2515 dixit
1040 2465 1110 2543 999
1122 2437 1378 2544 juramentum
1399 2463 1509 2512 suum
1528 2434 1635 2540 quod
1653 2433 1745 2512 vidit

313 2567 407 2646 illud
426 2569 548 2674 capud
566 2597 635 2676 999
652 2567 785 2648 fratres
800 2569 890 2647 dicti
912 2569 1057 2646 ordinis
1076 2567 1235 2645 adorari.

369 2701 621 2806 Interrogatus
636 2699 666 2778 si
683 2729 865 2808 umquam
885 2700 975 2778 lecit
991 2699 1051 2777 vel
1069 2700 1209 2806 9999919
1223 2698 1371 2805 9119999
1389 2697 1521 2776 fratres
1538 2697 1578 2774 19
1592 2697 1743 2784 ordine,

314 2829 406 2906 dixit
429 2859 498 2937 per
519 2831 777 2939 juramentum
805 2860 918 2909 suum
938 2829 1043 2939 quod
1070 2832 1122 2908 sic
1142 2831 1255 2920 duos,
1286 2855 1451 2938 quorum
1476 2855 1575 2906 unus
1595 2845 1747 2906 vocatur

313 2961 539 3052 Pictavinus,
560 2963 772 3071 presbyten
790 2961 839 3040 de
850 2964 1005 3042 nomine
1021 2962 1174 3041 alterius
1186 2989 1261 3040 non
1276 2961 1496 3040 recordatur
1508 2959 1617 3037 bene.
1634 2960 1747 3038 19999-

312 3109 463 3198 rogatus
480 3110 607 3171 utrum
627 3093 716 3172 lecit
735 3111 773 3172 et
791 3095 934 3202 recepit
951 3092 1037 3172 11199
1055 3122 1124 3201 999
1143 3094 1254 3172 illurn
1272 3092 1433 3171 modum
1451 3117 1520 3200 per
1539 3117 1654 3197 quem
1674 3089 1747 3169 fuit

311 3240 499 3332 receptus,
522 3223 615 3300 dixit
632 3226 737 3330 quod
753 3225 820 3315 sic,
845 3226 933 3332 quia
947 3226 978 3302 91
992 3225 1100 3304 911999
1113 3224 1277 3314 19919999,
1296 3225 1441 3331 positus
1461 3221 1592 3300 fixisset
1608 3222 1647 3300 19
1667 3251 1746 3299 999-

313 3379 398 3431 cere
418 3371 620 3460 perpetuo,
643 3355 672 3432 si
689 3355 753 3432 alii
769 3355 971 3434 scivissent.

368 3483 619 3590 interrogatus
647 3501 772 3562 utrum
792 3486 844 3578 vi,
871 3485 929 3596 vel
954 3503 1059 3562 metu
1080 3485 1236 3562 carceris
1261 3501 1325 3560 aut
1352 3499 1649 3568 tormentorum,
1680 3498 1743 3560 eut

313 3612 384 3690 9119
398 3612 447 3690 da
461 3639 584 3704 causa,
597 3613 762 3722 aliquem
780 3614 976 3694 [deitatem
991 3614 1268 3702 immiscuisset,
1284 3630 1349 3691 aut
1361 3613 1538 3692 tacuisset
1551 3613 1742 3689 veritatem

314 3743 354 3821 in
373 3771 441 3821 sua
464 3743 720 3850 deposicione,
745 3745 838 3823 dixit
862 3773 930 3851 per
945 3747 1202 3854 juramentum
1229 3773 1342 3822 suum
1367 3743 1473 3851 quod
1496 3769 1593 3833 nom
1624 3742 1742 3818 immo

313 3901 445 3980 puram
466 3889 503 3951 et
521 3875 702 3983 integram
721 3875 864 3954 dixerat
881 3878 1076 3955 veritatem
1094 3893 1249 3982 propter
1268 3874 1424 3952 salutem
1444 3874 1567 3951 anime
1587 3901 1666 3951 sue.

370 4137 463 4213 ltem
483 4135 597 4214 199999
616 4137 849 4216 Guillermus
869 4140 918 4217 ds
939 4137 1127 4244 Herbleyo
1148 4136 1431 4215 elemosinarius
1447 4135 1595 4212 domini
1611 4136 1742 4241 Regis,

315 4265 422 4343 etatis
441 4267 684 4373 quadraginta
707 4297 894 4346 annorum
917 4269 977 4346 vel
1002 4269 1112 4358 circa,
1144 4267 1373 4356 utdicebat,
1396 4267 1533 4344 eodem
1552 4265 1668 4344 modo
1681 4266 1747 4372 ju·

314 4411 415 4472 retus
435 4412 473 4472 ct
490 4395 739 4506 interrogatus
754 4400 804 4477 de
821 4417 993 4506 tempore
1014 4416 1051 4476 et
1076 4399 1191 4478 modo
1206 4405 1278 4478 ‚suc
1298 4397 1545 4504 recepcionis‚
1568 4396 1659 4476 dixit
1677 4423 1749 4503 per

309 4524 569 4632 juramentum
595 4557 707 4608 suum
729 4532 834 4638 quod
853 4529 924 4608 luit
944 4547 1118 4637 recaptus
1135 4530 1265 4637 viginti
1286 4531 1375 4606 9991
1395 4527 1549 4606 luerunt
1572 4526 1686 4635 elapsi
1705 4527 1748 4604 in

313 4655 410 4736 festo
435 4659 551 4736 sancti
577 4661 769 4740 Michaelis
800 4691 921 4770 nuper
945 4661 1143 4769 preterito,
1175 4661 1278 4768 apud
1301 4663 1439 4738 Furcas
1468 4659 1506 4736 19
1536 4657 1748 4737 6999199919

315 4787 476 4866 diocesis
495 4789 739 4882 8999999919,
757 4820 827 4899 999
847 4792 998 4872 fratrem
1017 4793 1228 4870 1919999999
1250 4792 1297 4869 de
1317 4793 1448 4868 Turno
1468 4789 1744 4867 thesaurarium

316 4918 507 5026 quondam
527 4923 674 5030 Templi
695 4924 872 5014 Parisius,
893 4942 1065 5054 99999999
1086 4923 1198 5001 199999
1218 4923 1384 5003 Roberto
1409 4937 1629 5028 preceptore
1656 4937 1745 4998 tuuc
1779 4986 1785 5004 .

1545 5067 1595 5128 38.
