4242 5890
373 559 447 633 aea
535 531 537 538 ’
761 539 1408 630 procssonsrsurmsns

372 700 419 778 de
450 698 532 800 Ysis
562 696 750 806 Sagiensis
775 698 949 786 diocesis,
978 697 1085 776 etatis
1107 697 1378 805 quinquaginta
1406 723 1591 778 annorum
1611 701 1670 778 vel
1693 703 1803 792 circa,

371 849 413 909 ut
433 831 601 921 dicebat,
628 829 732 907 testis
758 829 894 907 codem
918 828 1036 906 modo
1055 829 1203 937 juratus
1229 829 1276 907 de
1301 856 1341 908 se
1368 845 1406 908 ct
1424 827 1506 906 aliis
1525 830 1565 907 in
1586 859 1696 911 causa
1714 831 1804 914 fidei

371 962 497 1041 dicere
517 961 728 1051 veritatem3
750 976 788 1038 et
807 961 1056 1066 interrogatus
1078 959 1125 1036 de
1145 977 1315 1067 tempore
1335 977 1373 1039 et
1391 959 1508 1039 modo
1529 989 1595 1040 sue
1616 965 1806 1072 recepcio·

370 1095 445 1183 nis,
473 1092 566 1171 dixit
592 1121 660 1198 per
680 1092 936 1199 juramentum
955 1119 1067 1168 suurn
1095 1090 1200 1198 quod
1225 1109 1398 1198 receptus
1423 1090 1495 1170 fuit
1521 1093 1679 1173 infesto
1703 1093 1805 1176 beati

370 1223 529 1303 Dionisii
559 1222 716 1302 fuerunt
749 1223 878 1329 viginti
910 1238 1074 1330 quatuor
1101 1222 1190 1298 anni
1220 1221 1352 1330 elapsi,
1382 1222 1561 1315 Parisios,
1595 1225 1635 1302 in
1665 1227 1804 1336 capella

372 1355 507 1434 domus
527 1355 693 1462 Templi,
708 1383 777 1462 per
795 1353 948 1433 fratrem
968 1353 1179 1432 Johannem
1201 1355 1249 1432 de
1270 1354 1402 1432 Turno
1418 1372 1511 1434 tunc
1528 1356 1804 1437 thesaurarium

370 1486 632 1576 Parisiensem,
655 1502 694 1564 et
713 1485 819 1593 quod
835 1484 992 1563 fuerunt
1010 1512 1098 1562 cum
1115 1512 1161 1562 eo
1181 1485 1321 1592 recepti
1341 1484 1457 1564 frater
1474 1485 1520 1566 G.
1536 1486 1649 1566 Canis
1667 1489 1804 1569 desun-
1854 1543 1866 1566 .

370 1635 469 1712 ctus,
485 1635 524 1696 ct
542 1634 704 1724 quatuor
724 1617 785 1695 alii
805 1617 872 1725 qui
898 1644 1027 1694 omnes
1047 1632 1136 1694 sunt
1155 1616 1314 1706 mortui;
1341 1633 1381 1695 ct
1397 1615 1489 1695 dixit
1509 1619 1614 1726 quod
1632 1639 1802 1728 aporiato

368 1748 467 1826 libro
486 1747 673 1854 recipiens
691 1746 780 1825 iecit
800 1775 887 1824 eum
899 1747 1028 1855 jurare
1045 1763 1180 1825 statuta
1200 1745 1364 1854 quedam
1385 1747 1529 1826 ordinis
1549 1751 1745 1830 observare
1766 1771 1803 1831 ct

369 1879 527 1958 osculari
556 1879 715 1970 librum,
743 1895 782 1957 et
803 1896 932 1984 postea
957 1877 1061 1956 idem
1086 1877 1272 1985 recipiens
1298 1894 1447 1958 ostensa
1472 1881 1544 1959 sibi
1572 1910 1685 1960 cruce
1714 1912 1801 1962 cum

366 2011 540 2119 ymagine
556 2010 694 2089 Christi
717 2009 907 2088 existentis
928 2009 968 2086 in
993 2008 1094 2089 dicto
1112 2007 1227 2100 libro,
1244 2009 1413 2117 precepit
1428 2011 1463 2088 ei
1478 2012 1583 2118 quod
1603 2011 1802 2122 abnegaret

366 2142 575 2232 Christum,
595 2142 702 2251 quod
720 2141 823 2233 iecit,
846 2158 890 2220 ut
903 2140 1007 2219 dixit.

422 2274 677 2382 Interrogatus
708 2273 890 2381 quociens
923 2273 1135 2381 abnegavit,
1170 2273 1270 2366 dixit
1298 2301 1366 2381 per
1395 2275 1654 2384 juramentum
1689 2305 1800 2356 suum

366 2405 476 2513 quod
492 2405 628 2495 semel,
649 2424 687 2484 et
709 2404 825 2484 semel
845 2404 947 2511 spuit
965 2433 1078 2512 supra
1099 2433 1250 2483 crucem
1264 2424 1300 2484 ct
1312 2407 1538 2515 ymaginem.
1553 2408 1657 2488 Dixit
1671 2426 1800 2488 tamen

365 2537 470 2644 quod
490 2538 610 2616 credit
629 2537 733 2644 quod
753 2535 902 2614 fecisset
919 2565 1009 2616 eum
1029 2536 1214 2644 abnegare
1236 2553 1273 2616 et
1291 2565 1428 2644 spuere
1447 2537 1606 2645 pluries,
1628 2539 1698 2619 sed
1715 2539 1800 2648 plu-

364 2697 425 2746 res
444 2667 600 2747 iirerarnt
618 2669 759 2775 recepti
780 2696 866 2745 cum
889 2696 950 2757 eo,
973 2666 1147 2745 videlicet
1165 2668 1352 2774 quinque,
1368 2685 1412 2746 ut
1430 2669 1580 2748 videtur
1599 2668 1688 2760 sibi,
1706 2688 1744 2748 ct
1758 2690 1801 2750 ut

365 2801 552 2908 recipiens
571 2801 764 2907 expediret
782 2827 838 2889 se,
856 2827 933 2877 non
952 2798 1042 2876 iecit
1062 2827 1151 2876 cum
1167 2798 1350 2906 abnegare
1371 2817 1409 2878 ct
1423 2827 1559 2908 spuere
1575 2800 1647 2879 nisi
1663 2803 1797 2894 scurel,

367 2950 403 3008 et
423 2950 503 3010 erat
520 2933 613 3010 hora
634 2932 795 3040 prandii.

422 3067 675 3173 interrogatus
693 3081 823 3142 utrum
844 3062 906 3139 alii
926 3061 1073 3140 fixerant
1093 3090 1162 3169 per
1181 3062 1344 3140 similem
1361 3062 1520 3142 modum
1532 3065 1690 3172 recepti,
1707 3065 1800 3146 dixit

366 3195 471 3302 quod
490 3196 625 3286 nescit,
640 3195 728 3303 quia
746 3194 870 3274 statim
888 3193 1077 3272 duxerunt
1089 3220 1178 3270 eum
1195 3209 1295 3272 extra
1308 3192 1504 3302 capellam,
1518 3212 1563 3274 ut
1576 3195 1800 3276 indueretur

365 3325 531 3404 vestibus
546 3326 702 3405 ordinis.
1300 3433 1304 3440 .

317 3537 325 3550 ‚
422 3461 682 3570 interrogatus.
693 3477 821 3538 utrum
847 3487 979 3538 omnes
1005 3456 1068 3535 alii
1089 3459 1155 3566 qui
1175 3457 1411 3566 recipiuntur
1433 3459 1510 3537 sint
1531 3487 1601 3568 per
1623 3458 1799 3540 eumdem

365 3591 523 3669 modum
545 3593 704 3698 recepti,
728 3592 821 3670 dixit
835 3589 940 3704 quod
959 3590 1081 3670 credit
1099 3590 1259 3668 firmiter
1273 3590 1378 3698 quod
1398 3589 1463 3668 sic.
1480 3591 1583 3669 Dixit
1599 3592 1716 3670 eciam
1733 3619 1800 3700 per

361 3723 618 3829 juramentum
633 3751 746 3802 suum
761 3721 866 3832 quod
880 3721 944 3800 iile
954 3720 1021 3830 qui
1033 3749 1120 3800 eum
1135 3721 1278 3828 recepit
1298 3721 1390 3801 dixit
1402 3721 1473 3799 sibi
1489 3737 1529 3800 et
1542 3721 1626 3801 aliis
1638 3723 1703 3830 qui
1718 3721 1801 3801 fue-

274 3907 283 3927 .
367 3871 456 3931 runt
469 3855 610 3961 recepti
632 3867 716 3933 cum
735 3883 797 3945 eo,
815 3854 921 3962 quod
941 3854 971 3931 si
987 3853 1124 3961 aliquis
1143 3853 1246 3933 calor
1260 3851 1441 3932 naturalis
1456 3871 1625 3932 moveret
1644 3881 1730 3932 eum
1752 3855 1800 3931 ad

366 3985 598 4075 coeundum,
613 3984 719 4091 quod
734 3983 870 4062 melius
890 4000 969 4060 crat
986 3982 1093 4091 quod
1111 3981 1243 4060 fratres
1262 3983 1320 4060 sui
1341 3982 1484 4061 ordinis
1503 3983 1643 4062 scirent
1660 4001 1799 4062 secreta

366 4143 432 4192 sua
448 4145 562 4222 quam
582 4115 777 4205 mulieres,
804 4131 843 4192 et
860 4112 980 4192 credit
999 4113 1103 4222 quod
1124 4141 1192 4222 per
1218 4115 1292 4194 hoc
1315 4113 1576 4222 injungeretur
1598 4113 1668 4193 sibi
1696 4115 1801 4224 quod

365 4247 446 4352 ipsc
465 4265 503 4326 ct
522 4249 584 4324 alii
602 4248 734 4326 fratres
752 4247 1040 4326 commiscerent
1058 4275 1098 4324 se
1116 4244 1313 4325 carnaliter
1326 4245 1549 4326 adinvicem.
1563 4245 1668 4326 Dixit
1683 4247 1800 4326 eciam

366 4406 434 4485 per
452 4379 711 4486 juramentum
736 4407 848 4456 suum
869 4378 975 4485 quod
999 4377 1046 4480 de
1067 4377 1257 4486 premissis
1277 4375 1409 4456 dolens
1428 4394 1468 4456 et
1486 4377 1692 4456 contrictos
1711 4407 1801 4456 con-

366 4511 485 4589 sessus
504 4511 578 4591 tuit
601 4512 674 4590 hoc
697 4510 964 4620 penitenciario
989 4509 1090 4586 bone
1115 4509 1298 4587 memorie
1327 4508 1473 4587 domini
1497 4508 1686 4616 chulphi
1709 4527 1801 4589 tunc

366 4643 531 4748 episcopi
553 4641 787 4733 Parisiensis,
809 4640 874 4748 qui
894 4639 1096 4718 vocabatur
1115 4637 1229 4718 frater
1247 4638 1434 4729 Nicotaus,
1451 4639 1517 4746 qui
1539 4669 1628 4720 eum
1648 4640 1697 4719 de
1715 4669 1802 4748 pre·

366 4773 491 4862 dictis,
517 4789 702 4881 quatenus
721 4787 868 4880 poterat
888 4770 993 4849 etad
1015 4799 1104 4848 eum
1125 4771 1353 4878 pertinebat,
1373 4769 1547 4862 absolvit,
1565 4788 1611 4850 ut
1630 4771 1740 4862 dixit,
1761 4791 1802 4852 ct

366 4905 524 5012 injrmxit
544 4905 613 4984 sibi
630 4903 878 5014 penitenciam
904 4903 1119 4993 salutarem,
1136 4901 1458 4984 et'nichilominus
1475 4903 1564 5013 quia
1589 4903 1712 4984 adhuc
1730 4905 1801 4981 ha-
