4210 5882
678 519 873 612 rnoets
899 538 995 610 ors
1021 539 1319 611 reuellens.
1638 543 1711 612 377

349 681 395 756 Et
414 705 482 784 ego
502 678 667 756 Amisius
685 680 732 756 de
747 679 948 757 Aureliano
970 679 1090 756 dictus
1104 680 1139 756 le
1160 681 1260 758 Ratis
1266 741 1274 770 ,
1292 679 1463 769 clericus,
1485 697 1713 757 sacrosancte

293 811 456 887 Romane
470 809 634 886 Ecclesie
649 811 867 888 auctoritate
881 810 1046 886 notarius
1062 811 1249 915 publicus,
1268 809 1458 917 premissis
1476 809 1715 887 confessioni-

291 939 363 1016 bus
383 969 425 1016 ac
450 939 623 1016 omnibus
644 957 681 1016 et
708 940 864 1048 singulis
890 940 987 1032 aliis,
1008 957 1122 1046 prout
1140 943 1178 1017 in
1198 942 1360 1046 presenti
1374 959 1412 1018 et
1428 939 1715 1046 precedentibus

290 1070 407 1175 peciis
422 1070 534 1146 simul
547 1070 640 1146 sutis
659 1071 763 1177 signo
784 1098 869 1148 meo
889 1070 1039 1176 signatis
1059 1072 1309 1160 continentur,
1331 1099 1406 1147 una
1426 1100 1512 1148 cum
1532 1071 1715 1177 magistris

292 1199 475 1278 Gaufrido
495 1201 682 1306 Enguelor
701 1201 802 1278 dicto
822 1200 983 1304 Chalop,
1005 1200 1101 1276 Phili
1121 1219 1158 1276 et
1175 1202 1313 1280 Jacobo
1331 1201 1377 1278 de
1395 1203 1541 1280 Virtuto
1564 1201 1727 1278 notariis*

291 1330 468 1436 publicis,
491 1347 529 1406 et
544 1331 703 1408 testibus
724 1329 996 1436 suprascriptis,
1018 1358 1170 1434 presens
1185 1330 1353 1418 interfui,
1381 1361 1437 1420 ac,
1466 1331 1513 1406 de
1541 1331 1715 1407 mandato

293 1460 381 1538 dicti
398 1461 644 1567 inquisitoris,
664 1460 751 1537 huic
764 1461 1013 1537 instrumento
1027 1489 1087 1538 me
1104 1460 1302 1565 subscripsi
1316 1461 1354 1537 in
1369 1461 1624 1539 testimonium
1637 1491 1717 1568 pre-

293 1591 512 1681 missorum,
534 1591 703 1696 illudque
724 1592 830 1698 signo
849 1619 936 1669 meo
956 1591 1065 1669 solito
1086 1591 1225 1696 signavi
1240 1609 1400 1696 rogatus.

349 1853 395 1927 Et
416 1878 484 1957 ego
504 1851 663 1928 lacobus
680 1851 728 1926 de
742 1851 888 1928 Virtute
906 1852 1060 1928 clericus
1074 1850 1380 1928 Cathalaunensis
1399 1850 1575 1940 diocesis,
1596 1851 1733 1956 publi·

295 2010 361 2058 cus
373 1980 558 2086 imperiali
578 1981 793 2058 auctoritate
812 1980 994 2070 notarius,
1017 1980 1207 2085 premissis
1227 1979 1521 2058 confessionibus
1541 1999 1577 2058 et
1597 1983 1718 2058 omni-

293 2112 363 2190 bus
376 2111 473 2199 aliis,
486 2128 527 2187 ut
541 2112 579 2186 in
588 2111 750 2216 presenti
762 2127 858 2188 carta
869 2139 936 2188 seu
948 2111 1052 2216 pecie
1064 2127 1100 2186 et
1112 2110 1327 2216 precedenti
1340 2111 1444 2216 signo
1460 2138 1546 2187 meo
1556 2111 1716 2215 signatis,
1779 2121 1783 2140 “

294 2270 476 2320 unacum
503 2271 613 2346 supra
640 2260 678 2319 et
705 2239 944 2346 infrascriptis
967 2241 1124 2319 testibus
1149 2258 1185 2316 et
1207 2240 1360 2318 notariis
1387 2241 1545 2346 publicis
1565 2271 1718 2348 presens

295 2373 467 2464 interfui,
496 2389 549 2462 et,
577 2373 820 2451 demandato
841 2373 929 2449 dicti
950 2371 1195 2477 inquisitoris,
1226 2372 1264 2448 in
1286 2372 1358 2448 hoc
1380 2371 1629 2449 instrumento
1655 2401 1716 2450 me

295 2502 496 2608 subscripsi
527 2503 564 2578 in
592 2503 862 2580 testimonium·
876 2501 1160 2608 premissorum,
1183 2501 1352 2607 illudque
1377 2505 1481 2608 signo
1503 2530 1587 2580 meo
1607 2502 1717 2579 solito

295 2634 432 2740 signavi
455 2649 615 2738 rogatus.

352 2895 398 2970 Et
415 2920 484 3000 ego
503 2894 651 2970 Evenus
666 2892 773 3000 Phily
786 2893 833 2969 de
853 2894 986 2970 Sancto
1002 2893 1145 2969 Nicasio
1167 2892 1324 2969 clericus
1338 2892 1625 2999 Corisopitensis
1639 2873 1739 2970 ἀίοὲ

297 3025 404 3110 cesis,
423 3022 621 3126 apostolice
641 3022 811 3127 publicus
832 3023 1050 3098 auctoritate
1068 3021 1255 3112 notarius,
1271 3021 1461 3127 premissis
1482 3021 1721 3100 confessioni·

294 3152 365 3228 bus
390 3167 428 3228 et
453 3149 628 3226 omnibus
648 3149 728 3226 aliis
751 3149 789 3224 in
808 3151 970 3256 presenti
991 3165 1090 3226 carta
1110 3177 1176 3228 seu
1198 3150 1302 3256 pecia
1322 3168 1360 3227 et
1377 3153 1592 3256 precedenti
1613 3152 1719 3258 signo

296 3309 381 3358 meo
402 3280 570 3388 signatis,
592 3307 667 3354 una
682 3306 766 3355 cum
779 3280 1034 3385 suprascriptis
1054 3279 1207 3356 notariis
1221 3307 1375 3384 presens
1395 3279 1562 3368 interfui,
1584 3280 1645 3356 bic
1658 3309 1720 3356 me

297 3411 513 3515 subscripsi,
526 3427 561 3486 et
575 3410 792 3514 injunctura
805 3411 989 3514 presentis
998 3427 1097 3486 carte
1109 3428 1145 3486 et
1157 3411 1422 3515 subsequentis
1433 3411 1580 3517 signum
1593 3438 1719 3487 meum

297 3541 451 3646 apposui
470 3554 631 3648 rogatus.

354 3805 395 3877 In
409 3801 546 3879 Christi
559 3801 711 3877 nomine
728 3829 848 3878 amen.
861 3803 986 3878 Pateat
995 3801 1178 3879 universis
1192 3829 1260 3908 per
1274 3803 1347 3879 hoc
1361 3829 1517 3908 presens
1528 3802 1721 3908 publicum

298 3933 585 4008 instrumentum
605 3930 709 4035 quod
729 3957 828 4007 enno
848 3931 1000 4006 Domini
1021 3931 1221 4008 millesmio
1242 3947 1322 4009 ccc⁰
1336 3933 1511 4037 septimo,
1533 3931 1720 4008 indicione

298 4077 411 4149 sexta,
434 4058 669 4165 pontificatus
689 4060 907 4137 sanctissimi
928 4061 1043 4167 patris
1063 4079 1102 4138 et
1121 4060 1265 4137 domini
1286 4061 1431 4137 domini
1448 4059 1652 4138 Clementis
1667 4061 1721 4136 di·

297 4192 379 4267 vina
405 4190 642 4295 providencia
668 4217 761 4296 pape
788 4191 909 4296 quinti
940 4219 1035 4267 anno
1063 4191 1247 4280 secund0,
1279 4190 1477 4270 undecima
1500 4190 1561 4268 die
1584 4181 1739 4267 mensis

297 4319 529 4408 novembris,
553 4320 592 4396 in
617 4319 781 4425 religiosi
803 4338 840 4396 et
869 4319 1017 4398 honesti
1041 4320 1109 4396 viri
1135 4320 1257 4398 fratris
1287 4321 1427 4399 Nicolai
1456 4323 1503 4398 de
1525 4321 1722 4398 Anessiaco

298 4451 441 4528 ordinis
455 4449 609 4527 fratrum
621 4451 918 4538 Predicatorum,
937 4451 1177 4528 commissarii
1192 4452 1266 4528 dati
1284 4479 1303 4527 a
1321 4451 1497 4558 religioso
1511 4468 1549 4528 et
1563 4452 1722 4530 honesto

296 4581 375 4658 viro
395 4580 507 4656 fratre
529 4579 731 4658 Guillelmo
753 4580 800 4656 de
825 4580 987 4659 Parisios
1011 4580 1099 4658 dicti
1126 4580 1286 4670 ordinis,
1308 4582 1529 4687 inquisitore
1555 4583 1720 4660 heretice

297 4712 483 4816 pravitatis
501 4713 540 4785 in
561 4725 676 4815 regno
698 4710 848 4786 Francie
869 4711 1088 4788 auctoritate
1109 4710 1311 4816 apostolica
1334 4712 1530 4816 deputato,
1551 4727 1722 4789 nostrum

298 4840 527 4917 notariorum
544 4855 581 4914 et
600 4839 752 4915 testium
774 4837 1091 4946 ipfrascriptorum
1108 4840 1301 4946 presencia
1321 4841 1566 4947 personaliter
1585 4842 1722 4920 consti-

296 4977 306 4994 '
383 4984 489 5042 rnocbs
505 5003 558 5044 nes
574 5001 794 5046 restauras-
807 5003 839 5043 rr.
1519 4987 1559 5054 ts
