<?xml version="1.0" encoding="UTF-8"?>
<!DOCTYPE html PUBLIC "-//W3C//DTD XHTML 1.0 Transitional//EN"
    "http://www.w3.org/TR/xhtml1/DTD/xhtml1-transitional.dtd">
<html xmlns="http://www.w3.org/1999/xhtml" xml:lang="en" lang="en">
 <head>
  <title>
</title>
<meta http-equiv="Content-Type" content="text/html;charset=utf-8" />
  <meta name='ocr-system' content='tesseract 3.04.00' />
  <meta name='ocr-capabilities' content='ocr_page ocr_carea ocr_par ocr_line ocrx_word'/>
</head>
<body>
  <div class='ocr_page' id='page_1' title='image "./procsdestemplie03defegoog/procsdestemplie03defegoog_0378.png"; bbox 0 0 4210 5882; ppageno 0'>
   <div class='ocr_carea' id='block_1_1' title="bbox 402 517 1431 642">
    <p class='ocr_par' dir='ltr' id='par_1_1' title="bbox 402 517 1431 642">
     <span class='ocr_line' id='line_1_1' title="bbox 402 517 1431 642; baseline -0.011 -33"><span class='ocrx_word' id='word_1_1' title='bbox 402 539 476 609; x_wconf 82' lang='lat' dir='ltr'><strong>aso</strong></span> <span class='ocrx_word' id='word_1_2' title='bbox 789 517 986 608; x_wconf 77' lang='lat' dir='ltr'><strong>ruocts</strong></span> <span class='ocrx_word' id='word_1_3' title='bbox 1012 531 1107 604; x_wconf 84' lang='lat' dir='ltr'><strong>uns</strong></span> <span class='ocrx_word' id='word_1_4' title='bbox 1133 529 1431 642; x_wconf 74' lang='lat' dir='ltr'><strong>rnurmnns.</strong></span> 
     </span>
    </p>
   </div>
   <div class='ocr_carea' id='block_1_2' title="bbox 399 663 1827 1404">
    <p class='ocr_par' dir='ltr' id='par_1_2' title="bbox 399 663 1827 912">
     <span class='ocr_line' id='line_1_2' title="bbox 399 663 1827 782; baseline -0.01 -29"><span class='ocrx_word' id='word_1_5' title='bbox 399 692 524 782; x_wconf 73' lang='lat' dir='ltr'><strong>geret,</strong></span> <span class='ocrx_word' id='word_1_6' title='bbox 547 674 638 752; x_wconf 89' lang='lat' dir='ltr'><strong>dixit</strong></span> <span class='ocrx_word' id='word_1_7' title='bbox 661 691 787 752; x_wconf 89' lang='lat' dir='ltr'><strong>tamen</strong></span> <span class='ocrx_word' id='word_1_8' title='bbox 810 701 879 780; x_wconf 89' lang='lat' dir='ltr'><strong>per</strong></span> <span class='ocrx_word' id='word_1_9' title='bbox 892 674 1151 781; x_wconf 89' lang='lat' dir='ltr'><strong>juramentum</strong></span> <span class='ocrx_word' id='word_1_10' title='bbox 1170 699 1283 749; x_wconf 86' lang='lat' dir='ltr'><strong>suum</strong></span> <span class='ocrx_word' id='word_1_11' title='bbox 1307 670 1413 777; x_wconf 92' lang='lat' dir='ltr'><strong>quod</strong></span> <span class='ocrx_word' id='word_1_12' title='bbox 1432 693 1626 774; x_wconf 84' lang='lat' dir='ltr'><strong>nunquam</strong></span> <span class='ocrx_word' id='word_1_13' title='bbox 1649 663 1759 754; x_wconf 71' lang='lat' dir='ltr'><strong>fecit,</strong></span> <span class='ocrx_word' id='word_1_14' title='bbox 1787 680 1827 740; x_wconf 90' lang='lat' dir='ltr'><strong>et</strong></span> 
     </span>
     <span class='ocr_line' id='line_1_3' title="bbox 400 801 1362 912; baseline -0.003 -31"><span class='ocrx_word' id='word_1_15' title='bbox 400 807 519 884; x_wconf 88' lang='lat' dir='ltr'><strong>credit</strong></span> <span class='ocrx_word' id='word_1_16' title='bbox 537 804 644 912; x_wconf 90' lang='lat' dir='ltr'><strong>quod</strong></span> <span class='ocrx_word' id='word_1_17' title='bbox 663 805 714 882; x_wconf 87' lang='lat' dir='ltr'><strong>ita</strong></span> <span class='ocrx_word' id='word_1_18' title='bbox 733 804 798 883; x_wconf 87' lang='lat' dir='ltr'><strong>fiat</strong></span> <span class='ocrx_word' id='word_1_19' title='bbox 815 803 895 882; x_wconf 83' lang='lat' dir='ltr'><strong>aliis</strong></span> <span class='ocrx_word' id='word_1_20' title='bbox 915 806 1010 882; x_wconf 89' lang='lat' dir='ltr'><strong>sicut</strong></span> <span class='ocrx_word' id='word_1_21' title='bbox 1030 802 1102 881; x_wconf 86' lang='lat' dir='ltr'><strong>luit</strong></span> <span class='ocrx_word' id='word_1_22' title='bbox 1120 801 1192 879; x_wconf 87' lang='lat' dir='ltr'><strong>sibi</strong></span> <span class='ocrx_word' id='word_1_23' title='bbox 1211 801 1362 880; x_wconf 85' lang='lat' dir='ltr'><strong>facturn.</strong></span> 
     </span>
    </p>

    <p class='ocr_par' dir='ltr' id='par_1_3' title="bbox 399 925 1825 1404">
     <span class='ocr_line' id='line_1_4' title="bbox 455 925 1825 1045; baseline -0.009 -31"><span class='ocrx_word' id='word_1_24' title='bbox 455 939 704 1045; x_wconf 78' lang='lat' dir='ltr'><strong>Interrogatus</strong></span> <span class='ocrx_word' id='word_1_25' title='bbox 720 952 849 1013; x_wconf 90' lang='lat' dir='ltr'><strong>utrum</strong></span> <span class='ocrx_word' id='word_1_26' title='bbox 864 935 915 1024; x_wconf 86' lang='lat' dir='ltr'><strong>vi,</strong></span> <span class='ocrx_word' id='word_1_27' title='bbox 934 934 992 1042; x_wconf 74' lang='lat' dir='ltr'><strong>uel</strong></span> <span class='ocrx_word' id='word_1_28' title='bbox 1009 950 1113 1011; x_wconf 91' lang='lat' dir='ltr'><strong>metu</strong></span> <span class='ocrx_word' id='word_1_29' title='bbox 1123 932 1280 1010; x_wconf 87' lang='lat' dir='ltr'><strong>carceris</strong></span> <span class='ocrx_word' id='word_1_30' title='bbox 1290 959 1358 1010; x_wconf 88' lang='lat' dir='ltr'><strong>seu</strong></span> <span class='ocrx_word' id='word_1_31' title='bbox 1368 945 1663 1014; x_wconf 90' lang='lat' dir='ltr'><strong>tormentorum,</strong></span> <span class='ocrx_word' id='word_1_32' title='bbox 1678 943 1742 1003; x_wconf 84' lang='lat' dir='ltr'><strong>ant</strong></span> <span class='ocrx_word' id='word_1_33' title='bbox 1756 925 1825 1004; x_wconf 85' lang='lat' dir='ltr'><strong>alia</strong></span> 
     </span>
     <span class='ocr_line' id='line_1_5' title="bbox 400 1056 1824 1172; baseline -0.007 -30"><span class='ocrx_word' id='word_1_34' title='bbox 400 1067 447 1142; x_wconf 94' lang='lat' dir='ltr'><strong>de</strong></span> <span class='ocrx_word' id='word_1_35' title='bbox 468 1095 594 1158; x_wconf 89' lang='lat' dir='ltr'><strong>causa,</strong></span> <span class='ocrx_word' id='word_1_36' title='bbox 624 1065 787 1172; x_wconf 85' lang='lat' dir='ltr'><strong>aliquam</strong></span> <span class='ocrx_word' id='word_1_37' title='bbox 808 1065 941 1142; x_wconf 83' lang='lat' dir='ltr'><strong>dixerit</strong></span> <span class='ocrx_word' id='word_1_38' title='bbox 959 1062 1157 1142; x_wconf 83' lang='lat' dir='ltr'><strong>salsitatem</strong></span> <span class='ocrx_word' id='word_1_39' title='bbox 1177 1063 1236 1140; x_wconf 81' lang='lat' dir='ltr'><strong>rel</strong></span> <span class='ocrx_word' id='word_1_40' title='bbox 1250 1061 1497 1140; x_wconf 81' lang='lat' dir='ltr'><strong>immiscuerit</strong></span> <span class='ocrx_word' id='word_1_41' title='bbox 1522 1061 1561 1136; x_wconf 93' lang='lat' dir='ltr'><strong>in</strong></span> <span class='ocrx_word' id='word_1_42' title='bbox 1586 1056 1824 1167; x_wconf 90' lang='lat' dir='ltr'><strong>deposicione</strong></span> 
     </span>
     <span class='ocr_line' id='line_1_6' title="bbox 399 1191 1825 1302; baseline -0.006 -30"><span class='ocrx_word' id='word_1_43' title='bbox 399 1225 479 1286; x_wconf 89' lang='lat' dir='ltr'><strong>sua,</strong></span> <span class='ocrx_word' id='word_1_44' title='bbox 509 1198 602 1274; x_wconf 83' lang='lat' dir='ltr'><strong>dixit</strong></span> <span class='ocrx_word' id='word_1_45' title='bbox 621 1225 688 1302; x_wconf 90' lang='lat' dir='ltr'><strong>per</strong></span> <span class='ocrx_word' id='word_1_46' title='bbox 701 1196 959 1302; x_wconf 88' lang='lat' dir='ltr'><strong>juramentum</strong></span> <span class='ocrx_word' id='word_1_47' title='bbox 985 1223 1096 1272; x_wconf 85' lang='lat' dir='ltr'><strong>suum</strong></span> <span class='ocrx_word' id='word_1_48' title='bbox 1115 1193 1220 1300; x_wconf 91' lang='lat' dir='ltr'><strong>quod</strong></span> <span class='ocrx_word' id='word_1_49' title='bbox 1240 1221 1336 1282; x_wconf 76' lang='lat' dir='ltr'><strong>non3</strong></span> <span class='ocrx_word' id='word_1_50' title='bbox 1358 1193 1475 1270; x_wconf 92' lang='lat' dir='ltr'><strong>immo</strong></span> <span class='ocrx_word' id='word_1_51' title='bbox 1499 1191 1591 1268; x_wconf 81' lang='lat' dir='ltr'><strong>dixit</strong></span> <span class='ocrx_word' id='word_1_52' title='bbox 1608 1217 1742 1300; x_wconf 81' lang='lat' dir='ltr'><strong>puram</strong></span> <span class='ocrx_word' id='word_1_53' title='bbox 1766 1215 1825 1264; x_wconf 88' lang='lat' dir='ltr'><strong>ve-</strong></span> 
     </span>
     <span class='ocr_line' id='line_1_7' title="bbox 399 1343 557 1404; baseline 0.025 -3"><span class='ocrx_word' id='word_1_54' title='bbox 399 1343 557 1404; x_wconf 80' lang='lat' dir='ltr'><strong>ritatem.</strong></span> 
     </span>
    </p>
   </div>
   <div class='ocr_carea' id='block_1_3' title="bbox 346 1585 1823 4924">
    <p class='ocr_par' dir='ltr' id='par_1_4' title="bbox 346 1585 1823 4924">
     <span class='ocr_line' id='line_1_8' title="bbox 456 1585 1823 1695; baseline -0.001 -29"><span class='ocrx_word' id='word_1_55' title='bbox 456 1591 549 1666; x_wconf 89' lang='lat' dir='ltr'><strong>Item</strong></span> <span class='ocrx_word' id='word_1_56' title='bbox 581 1588 693 1667; x_wconf 90' lang='lat' dir='ltr'><strong>lrater</strong></span> <span class='ocrx_word' id='word_1_57' title='bbox 726 1586 772 1668; x_wconf 89' lang='lat' dir='ltr'><strong>G.</strong></span> <span class='ocrx_word' id='word_1_58' title='bbox 803 1590 851 1667; x_wconf 92' lang='lat' dir='ltr'><strong>de</strong></span> <span class='ocrx_word' id='word_1_59' title='bbox 877 1587 963 1666; x_wconf 87' lang='lat' dir='ltr'><strong>Alto</strong></span> <span class='ocrx_word' id='word_1_60' title='bbox 997 1586 1171 1695; x_wconf 85' lang='lat' dir='ltr'><strong>Maynillo</strong></span> <span class='ocrx_word' id='word_1_61' title='bbox 1203 1586 1312 1664; x_wconf 86' lang='lat' dir='ltr'><strong>miles</strong></span> <span class='ocrx_word' id='word_1_62' title='bbox 1342 1585 1484 1664; x_wconf 83' lang='lat' dir='ltr'><strong>ordinis</strong></span> <span class='ocrx_word' id='word_1_63' title='bbox 1511 1585 1688 1694; x_wconf 85' lang='lat' dir='ltr'><strong>predicti,</strong></span> <span class='ocrx_word' id='word_1_64' title='bbox 1720 1587 1823 1664; x_wconf 85' lang='lat' dir='ltr'><strong>etatis</strong></span> 
     </span>
     <span class='ocr_line' id='line_1_9' title="bbox 397 1716 1823 1826; baseline -0.003 -30"><span class='ocrx_word' id='word_1_65' title='bbox 397 1720 526 1826; x_wconf 83' lang='lat' dir='ltr'><strong>viginti</strong></span> <span class='ocrx_word' id='word_1_66' title='bbox 551 1719 723 1826; x_wconf 88' lang='lat' dir='ltr'><strong>quinque</strong></span> <span class='ocrx_word' id='word_1_67' title='bbox 746 1745 927 1796; x_wconf 86' lang='lat' dir='ltr'><strong>annorum</strong></span> <span class='ocrx_word' id='word_1_68' title='bbox 953 1717 1012 1794; x_wconf 87' lang='lat' dir='ltr'><strong>vel</strong></span> <span class='ocrx_word' id='word_1_69' title='bbox 1036 1717 1148 1804; x_wconf 89' lang='lat' dir='ltr'><strong>circa,</strong></span> <span class='ocrx_word' id='word_1_70' title='bbox 1172 1717 1319 1823; x_wconf 88' lang='lat' dir='ltr'><strong>juratus</strong></span> <span class='ocrx_word' id='word_1_71' title='bbox 1344 1718 1481 1794; x_wconf 92' lang='lat' dir='ltr'><strong>eodem</strong></span> <span class='ocrx_word' id='word_1_72' title='bbox 1504 1717 1621 1797; x_wconf 92' lang='lat' dir='ltr'><strong>modo</strong></span> <span class='ocrx_word' id='word_1_73' title='bbox 1650 1716 1698 1792; x_wconf 89' lang='lat' dir='ltr'><strong>de</strong></span> <span class='ocrx_word' id='word_1_74' title='bbox 1726 1745 1764 1793; x_wconf 90' lang='lat' dir='ltr'><strong>se</strong></span> <span class='ocrx_word' id='word_1_75' title='bbox 1787 1735 1823 1792; x_wconf 89' lang='lat' dir='ltr'><strong>et</strong></span> 
     </span>
     <span class='ocr_line' id='line_1_10' title="bbox 398 1846 1823 1954; baseline -0.002 -29"><span class='ocrx_word' id='word_1_76' title='bbox 398 1849 479 1926; x_wconf 91' lang='lat' dir='ltr'><strong>aliis</strong></span> <span class='ocrx_word' id='word_1_77' title='bbox 502 1851 539 1924; x_wconf 92' lang='lat' dir='ltr'><strong>in</strong></span> <span class='ocrx_word' id='word_1_78' title='bbox 566 1877 672 1927; x_wconf 90' lang='lat' dir='ltr'><strong>causa</strong></span> <span class='ocrx_word' id='word_1_79' title='bbox 693 1847 787 1925; x_wconf 89' lang='lat' dir='ltr'><strong>fidei</strong></span> <span class='ocrx_word' id='word_1_80' title='bbox 807 1846 932 1926; x_wconf 86' lang='lat' dir='ltr'><strong>dicere</strong></span> <span class='ocrx_word' id='word_1_81' title='bbox 952 1848 1160 1936; x_wconf 85' lang='lat' dir='ltr'><strong>veritatem,</strong></span> <span class='ocrx_word' id='word_1_82' title='bbox 1188 1864 1226 1924; x_wconf 89' lang='lat' dir='ltr'><strong>et</strong></span> <span class='ocrx_word' id='word_1_83' title='bbox 1245 1847 1493 1954; x_wconf 84' lang='lat' dir='ltr'><strong>interrogatus</strong></span> <span class='ocrx_word' id='word_1_84' title='bbox 1517 1848 1565 1925; x_wconf 93' lang='lat' dir='ltr'><strong>de</strong></span> <span class='ocrx_word' id='word_1_85' title='bbox 1590 1865 1762 1953; x_wconf 90' lang='lat' dir='ltr'><strong>tempore</strong></span> <span class='ocrx_word' id='word_1_86' title='bbox 1787 1863 1823 1924; x_wconf 89' lang='lat' dir='ltr'><strong>et</strong></span> 
     </span>
     <span class='ocr_line' id='line_1_11' title="bbox 398 1977 1822 2085; baseline 0.001 -29"><span class='ocrx_word' id='word_1_87' title='bbox 398 1981 513 2058; x_wconf 88' lang='lat' dir='ltr'><strong>modo</strong></span> <span class='ocrx_word' id='word_1_88' title='bbox 530 2009 598 2058; x_wconf 90' lang='lat' dir='ltr'><strong>sue</strong></span> <span class='ocrx_word' id='word_1_89' title='bbox 618 1979 864 2085; x_wconf 88' lang='lat' dir='ltr'><strong>recepcionis,</strong></span> <span class='ocrx_word' id='word_1_90' title='bbox 891 1978 983 2055; x_wconf 84' lang='lat' dir='ltr'><strong>dixit</strong></span> <span class='ocrx_word' id='word_1_91' title='bbox 1001 2006 1069 2083; x_wconf 89' lang='lat' dir='ltr'><strong>per</strong></span> <span class='ocrx_word' id='word_1_92' title='bbox 1088 1979 1346 2085; x_wconf 84' lang='lat' dir='ltr'><strong>juramentum</strong></span> <span class='ocrx_word' id='word_1_93' title='bbox 1366 2007 1477 2056; x_wconf 91' lang='lat' dir='ltr'><strong>suum</strong></span> <span class='ocrx_word' id='word_1_94' title='bbox 1499 1979 1605 2085; x_wconf 91' lang='lat' dir='ltr'><strong>quod</strong></span> <span class='ocrx_word' id='word_1_95' title='bbox 1625 1977 1697 2056; x_wconf 86' lang='lat' dir='ltr'><strong>luit</strong></span> <span class='ocrx_word' id='word_1_96' title='bbox 1723 2005 1822 2058; x_wconf 88' lang='lat' dir='ltr'><strong>recc-</strong></span> 
     </span>
     <span class='ocr_line' id='line_1_12' title="bbox 396 2108 1822 2216; baseline -0.001 -28"><span class='ocrx_word' id='word_1_97' title='bbox 396 2130 482 2216; x_wconf 85' lang='lat' dir='ltr'><strong>ptus</strong></span> <span class='ocrx_word' id='word_1_98' title='bbox 510 2112 549 2186; x_wconf 93' lang='lat' dir='ltr'><strong>in</strong></span> <span class='ocrx_word' id='word_1_99' title='bbox 575 2111 691 2189; x_wconf 90' lang='lat' dir='ltr'><strong>domo</strong></span> <span class='ocrx_word' id='word_1_100' title='bbox 713 2109 760 2186; x_wconf 91' lang='lat' dir='ltr'><strong>de</strong></span> <span class='ocrx_word' id='word_1_101' title='bbox 781 2109 907 2187; x_wconf 68' lang='lat' dir='ltr'><strong>lauda</strong></span> <span class='ocrx_word' id='word_1_102' title='bbox 928 2109 976 2186; x_wconf 90' lang='lat' dir='ltr'><strong>de</strong></span> <span class='ocrx_word' id='word_1_103' title='bbox 996 2108 1119 2196; x_wconf 89' lang='lat' dir='ltr'><strong>Verti,</strong></span> <span class='ocrx_word' id='word_1_104' title='bbox 1140 2126 1216 2185; x_wconf 89' lang='lat' dir='ltr'><strong>tres</strong></span> <span class='ocrx_word' id='word_1_105' title='bbox 1236 2110 1326 2190; x_wconf 77' lang='lat' dir='ltr'><strong>anni</strong></span> <span class='ocrx_word' id='word_1_106' title='bbox 1348 2125 1459 2186; x_wconf 90' lang='lat' dir='ltr'><strong>erunt</strong></span> <span class='ocrx_word' id='word_1_107' title='bbox 1483 2110 1578 2186; x_wconf 86' lang='lat' dir='ltr'><strong>circa</strong></span> <span class='ocrx_word' id='word_1_108' title='bbox 1607 2109 1748 2188; x_wconf 84' lang='lat' dir='ltr'><strong>instans</strong></span> <span class='ocrx_word' id='word_1_109' title='bbox 1770 2109 1822 2186; x_wconf 84' lang='lat' dir='ltr'><strong>le-</strong></span> 
     </span>
     <span class='ocr_line' id='line_1_13' title="bbox 397 2237 1818 2344; baseline 0 -28"><span class='ocrx_word' id='word_1_110' title='bbox 397 2259 496 2316; x_wconf 87' lang='lat' dir='ltr'><strong>stum</strong></span> <span class='ocrx_word' id='word_1_111' title='bbox 517 2239 720 2318; x_wconf 79' lang='lat' dir='ltr'><strong>Natiuitatis</strong></span> <span class='ocrx_word' id='word_1_112' title='bbox 736 2238 910 2328; x_wconf 88' lang='lat' dir='ltr'><strong>Domini,</strong></span> <span class='ocrx_word' id='word_1_113' title='bbox 931 2266 1000 2344; x_wconf 89' lang='lat' dir='ltr'><strong>per</strong></span> <span class='ocrx_word' id='word_1_114' title='bbox 1016 2237 1169 2316; x_wconf 80' lang='lat' dir='ltr'><strong>fratrem</strong></span> <span class='ocrx_word' id='word_1_115' title='bbox 1182 2237 1398 2318; x_wconf 92' lang='lat' dir='ltr'><strong>Guidonem</strong></span> <span class='ocrx_word' id='word_1_116' title='bbox 1413 2239 1461 2316; x_wconf 88' lang='lat' dir='ltr'><strong>de</strong></span> <span class='ocrx_word' id='word_1_117' title='bbox 1478 2240 1630 2318; x_wconf 87' lang='lat' dir='ltr'><strong>Foresta</strong></span> <span class='ocrx_word' id='word_1_118' title='bbox 1643 2239 1818 2329; x_wconf 90' lang='lat' dir='ltr'><strong>militem,</strong></span> 
     </span>
     <span class='ocr_line' id='line_1_14' title="bbox 396 2368 1817 2476; baseline 0.001 -30"><span class='ocrx_word' id='word_1_119' title='bbox 396 2389 654 2476; x_wconf 85' lang='lat' dir='ltr'><strong>preceptorem</strong></span> <span class='ocrx_word' id='word_1_120' title='bbox 678 2369 775 2449; x_wconf 86' lang='lat' dir='ltr'><strong>dicte</strong></span> <span class='ocrx_word' id='word_1_121' title='bbox 806 2369 959 2460; x_wconf 89' lang='lat' dir='ltr'><strong>domus,</strong></span> <span class='ocrx_word' id='word_1_122' title='bbox 986 2397 1063 2446; x_wconf 92' lang='lat' dir='ltr'><strong>non</strong></span> <span class='ocrx_word' id='word_1_123' title='bbox 1093 2368 1225 2446; x_wconf 88' lang='lat' dir='ltr'><strong>recolit</strong></span> <span class='ocrx_word' id='word_1_124' title='bbox 1253 2369 1301 2446; x_wconf 92' lang='lat' dir='ltr'><strong>de</strong></span> <span class='ocrx_word' id='word_1_125' title='bbox 1328 2369 1548 2448; x_wconf 85' lang='lat' dir='ltr'><strong>nominibus</strong></span> <span class='ocrx_word' id='word_1_126' title='bbox 1571 2371 1817 2476; x_wconf 85' lang='lat' dir='ltr'><strong>presencium.</strong></span> 
     </span>
     <span class='ocr_line' id='line_1_15' title="bbox 395 2499 1819 2608; baseline 0.002 -30"><span class='ocrx_word' id='word_1_127' title='bbox 395 2501 496 2578; x_wconf 88' lang='lat' dir='ltr'><strong>Dixit</strong></span> <span class='ocrx_word' id='word_1_128' title='bbox 508 2501 625 2578; x_wconf 88' lang='lat' dir='ltr'><strong>eciam</strong></span> <span class='ocrx_word' id='word_1_129' title='bbox 640 2530 709 2607; x_wconf 90' lang='lat' dir='ltr'><strong>per</strong></span> <span class='ocrx_word' id='word_1_130' title='bbox 719 2500 975 2608; x_wconf 89' lang='lat' dir='ltr'><strong>juramentum</strong></span> <span class='ocrx_word' id='word_1_131' title='bbox 992 2527 1105 2576; x_wconf 91' lang='lat' dir='ltr'><strong>suum</strong></span> <span class='ocrx_word' id='word_1_132' title='bbox 1120 2499 1241 2607; x_wconf 91' lang='lat' dir='ltr'><strong>quod,</strong></span> <span class='ocrx_word' id='word_1_133' title='bbox 1255 2517 1340 2605; x_wconf 88' lang='lat' dir='ltr'><strong>post</strong></span> <span class='ocrx_word' id='word_1_134' title='bbox 1354 2499 1488 2578; x_wconf 89' lang='lat' dir='ltr'><strong>multas</strong></span> <span class='ocrx_word' id='word_1_135' title='bbox 1501 2500 1765 2606; x_wconf 90' lang='lat' dir='ltr'><strong>promissiones</strong></span> <span class='ocrx_word' id='word_1_136' title='bbox 1774 2501 1819 2581; x_wconf 86' lang='lat' dir='ltr'><strong>ab</strong></span> 
     </span>
     <span class='ocr_line' id='line_1_16' title="bbox 396 2629 1819 2720; baseline 0.001 -13"><span class='ocrx_word' id='word_1_137' title='bbox 396 2659 442 2710; x_wconf 92' lang='lat' dir='ltr'><strong>eo</strong></span> <span class='ocrx_word' id='word_1_138' title='bbox 466 2631 579 2710; x_wconf 84' lang='lat' dir='ltr'><strong>factas</strong></span> <span class='ocrx_word' id='word_1_139' title='bbox 594 2631 641 2708; x_wconf 90' lang='lat' dir='ltr'><strong>de</strong></span> <span class='ocrx_word' id='word_1_140' title='bbox 663 2630 902 2710; x_wconf 87' lang='lat' dir='ltr'><strong>observandis</strong></span> <span class='ocrx_word' id='word_1_141' title='bbox 922 2629 1069 2708; x_wconf 88' lang='lat' dir='ltr'><strong>statutis</strong></span> <span class='ocrx_word' id='word_1_142' title='bbox 1084 2648 1122 2707; x_wconf 93' lang='lat' dir='ltr'><strong>et</strong></span> <span class='ocrx_word' id='word_1_143' title='bbox 1139 2631 1290 2708; x_wconf 90' lang='lat' dir='ltr'><strong>secretis</strong></span> <span class='ocrx_word' id='word_1_144' title='bbox 1305 2630 1395 2708; x_wconf 89' lang='lat' dir='ltr'><strong>dicti</strong></span> <span class='ocrx_word' id='word_1_145' title='bbox 1414 2631 1572 2720; x_wconf 87' lang='lat' dir='ltr'><strong>ordinis,</strong></span> <span class='ocrx_word' id='word_1_146' title='bbox 1595 2649 1633 2708; x_wconf 92' lang='lat' dir='ltr'><strong>et</strong></span> <span class='ocrx_word' id='word_1_147' title='bbox 1643 2631 1819 2708; x_wconf 85' lang='lat' dir='ltr'><strong>mantello</strong></span> 
     </span>
     <span class='ocr_line' id='line_1_17' title="bbox 400 2759 1820 2868; baseline 0 -30"><span class='ocrx_word' id='word_1_148' title='bbox 400 2763 471 2841; x_wconf 89' lang='lat' dir='ltr'><strong>sibi</strong></span> <span class='ocrx_word' id='word_1_149' title='bbox 492 2763 541 2839; x_wconf 88' lang='lat' dir='ltr'><strong>ad</strong></span> <span class='ocrx_word' id='word_1_150' title='bbox 559 2759 697 2838; x_wconf 91' lang='lat' dir='ltr'><strong>collum</strong></span> <span class='ocrx_word' id='word_1_151' title='bbox 714 2762 854 2868; x_wconf 84' lang='lat' dir='ltr'><strong>posito,</strong></span> <span class='ocrx_word' id='word_1_152' title='bbox 876 2759 1000 2838; x_wconf 85' lang='lat' dir='ltr'><strong>dictus</strong></span> <span class='ocrx_word' id='word_1_153' title='bbox 1019 2760 1202 2866; x_wconf 89' lang='lat' dir='ltr'><strong>recipiens</strong></span> <span class='ocrx_word' id='word_1_154' title='bbox 1221 2760 1386 2839; x_wconf 84' lang='lat' dir='ltr'><strong>ostendit</strong></span> <span class='ocrx_word' id='word_1_155' title='bbox 1403 2760 1474 2838; x_wconf 89' lang='lat' dir='ltr'><strong>sibi</strong></span> <span class='ocrx_word' id='word_1_156' title='bbox 1495 2789 1646 2838; x_wconf 88' lang='lat' dir='ltr'><strong>crucem</strong></span> <span class='ocrx_word' id='word_1_157' title='bbox 1663 2761 1820 2838; x_wconf 84' lang='lat' dir='ltr'><strong>existen·</strong></span> 
     </span>
     <span class='ocr_line' id='line_1_18' title="bbox 396 2890 1818 2998; baseline 0.001 -32"><span class='ocrx_word' id='word_1_158' title='bbox 396 2909 474 2967; x_wconf 90' lang='lat' dir='ltr'><strong>tem</strong></span> <span class='ocrx_word' id='word_1_159' title='bbox 493 2892 532 2966; x_wconf 93' lang='lat' dir='ltr'><strong>in</strong></span> <span class='ocrx_word' id='word_1_160' title='bbox 550 2890 746 2980; x_wconf 88' lang='lat' dir='ltr'><strong>mantello,</strong></span> <span class='ocrx_word' id='word_1_161' title='bbox 770 2907 810 2968; x_wconf 91' lang='lat' dir='ltr'><strong>et</strong></span> <span class='ocrx_word' id='word_1_162' title='bbox 826 2891 994 2996; x_wconf 89' lang='lat' dir='ltr'><strong>precepit</strong></span> <span class='ocrx_word' id='word_1_163' title='bbox 1012 2890 1083 2969; x_wconf 88' lang='lat' dir='ltr'><strong>sibi</strong></span> <span class='ocrx_word' id='word_1_164' title='bbox 1101 2891 1206 2997; x_wconf 91' lang='lat' dir='ltr'><strong>quod</strong></span> <span class='ocrx_word' id='word_1_165' title='bbox 1230 2891 1432 2997; x_wconf 84' lang='lat' dir='ltr'><strong>abnegaret</strong></span> <span class='ocrx_word' id='word_1_166' title='bbox 1450 2891 1593 2980; x_wconf 89' lang='lat' dir='ltr'><strong>Deum,</strong></span> <span class='ocrx_word' id='word_1_167' title='bbox 1616 2908 1651 2968; x_wconf 87' lang='lat' dir='ltr'><strong>et</strong></span> <span class='ocrx_word' id='word_1_168' title='bbox 1671 2909 1818 2998; x_wconf 88' lang='lat' dir='ltr'><strong>spueret</strong></span> 
     </span>
     <span class='ocr_line' id='line_1_19' title="bbox 397 3020 1819 3128; baseline 0 -32"><span class='ocrx_word' id='word_1_169' title='bbox 397 3049 507 3127; x_wconf 85' lang='lat' dir='ltr'><strong>supra</strong></span> <span class='ocrx_word' id='word_1_170' title='bbox 520 3049 678 3098; x_wconf 89' lang='lat' dir='ltr'><strong>crucem</strong></span> <span class='ocrx_word' id='word_1_171' title='bbox 697 3021 905 3128; x_wconf 88' lang='lat' dir='ltr'><strong>predictam</strong></span> <span class='ocrx_word' id='word_1_172' title='bbox 929 3020 1098 3099; x_wconf 82' lang='lat' dir='ltr'><strong>montelli</strong></span> <span class='ocrx_word' id='word_1_173' title='bbox 1117 3021 1156 3097; x_wconf 91' lang='lat' dir='ltr'><strong>in</strong></span> <span class='ocrx_word' id='word_1_174' title='bbox 1177 3021 1355 3127; x_wconf 87' lang='lat' dir='ltr'><strong>despectu</strong></span> <span class='ocrx_word' id='word_1_175' title='bbox 1369 3022 1460 3113; x_wconf 91' lang='lat' dir='ltr'><strong>Dei,</strong></span> <span class='ocrx_word' id='word_1_176' title='bbox 1477 3039 1514 3099; x_wconf 89' lang='lat' dir='ltr'><strong>et</strong></span> <span class='ocrx_word' id='word_1_177' title='bbox 1536 3022 1610 3100; x_wconf 91' lang='lat' dir='ltr'><strong>hoc</strong></span> <span class='ocrx_word' id='word_1_178' title='bbox 1637 3022 1715 3128; x_wconf 86' lang='lat' dir='ltr'><strong>ipsc</strong></span> <span class='ocrx_word' id='word_1_179' title='bbox 1734 3021 1819 3099; x_wconf 86' lang='lat' dir='ltr'><strong>fecit</strong></span> 
     </span>
     <span class='ocr_line' id='line_1_20' title="bbox 397 3151 1818 3258; baseline 0.001 -32"><span class='ocrx_word' id='word_1_180' title='bbox 397 3178 477 3238; x_wconf 88' lang='lat' dir='ltr'><strong>ore,</strong></span> <span class='ocrx_word' id='word_1_181' title='bbox 497 3167 536 3227; x_wconf 91' lang='lat' dir='ltr'><strong>et</strong></span> <span class='ocrx_word' id='word_1_182' title='bbox 552 3177 629 3228; x_wconf 92' lang='lat' dir='ltr'><strong>non</strong></span> <span class='ocrx_word' id='word_1_183' title='bbox 645 3151 777 3240; x_wconf 91' lang='lat' dir='ltr'><strong>corde,</strong></span> <span class='ocrx_word' id='word_1_184' title='bbox 800 3153 869 3229; x_wconf 85' lang='lat' dir='ltr'><strong>sed</strong></span> <span class='ocrx_word' id='word_1_185' title='bbox 887 3179 964 3229; x_wconf 92' lang='lat' dir='ltr'><strong>non</strong></span> <span class='ocrx_word' id='word_1_186' title='bbox 979 3151 1100 3257; x_wconf 89' lang='lat' dir='ltr'><strong>spuit,</strong></span> <span class='ocrx_word' id='word_1_187' title='bbox 1117 3168 1161 3230; x_wconf 87' lang='lat' dir='ltr'><strong>ut</strong></span> <span class='ocrx_word' id='word_1_188' title='bbox 1176 3152 1279 3228; x_wconf 90' lang='lat' dir='ltr'><strong>dixit.</strong></span> <span class='ocrx_word' id='word_1_189' title='bbox 1294 3152 1397 3230; x_wconf 83' lang='lat' dir='ltr'><strong>Dixit</strong></span> <span class='ocrx_word' id='word_1_190' title='bbox 1416 3152 1534 3228; x_wconf 88' lang='lat' dir='ltr'><strong>eciam</strong></span> <span class='ocrx_word' id='word_1_191' title='bbox 1554 3179 1622 3257; x_wconf 88' lang='lat' dir='ltr'><strong>per</strong></span> <span class='ocrx_word' id='word_1_192' title='bbox 1630 3151 1818 3258; x_wconf 89' lang='lat' dir='ltr'><strong>juramen-</strong></span> 
     </span>
     <span class='ocr_line' id='line_1_21' title="bbox 395 3281 1816 3389; baseline 0.002 -34"><span class='ocrx_word' id='word_1_193' title='bbox 395 3296 476 3356; x_wconf 90' lang='lat' dir='ltr'><strong>tum</strong></span> <span class='ocrx_word' id='word_1_194' title='bbox 498 3309 611 3358; x_wconf 89' lang='lat' dir='ltr'><strong>suum</strong></span> <span class='ocrx_word' id='word_1_195' title='bbox 632 3283 735 3389; x_wconf 92' lang='lat' dir='ltr'><strong>quod</strong></span> <span class='ocrx_word' id='word_1_196' title='bbox 749 3283 871 3362; x_wconf 80' lang='lat' dir='ltr'><strong>dictus</strong></span> <span class='ocrx_word' id='word_1_197' title='bbox 890 3282 1075 3388; x_wconf 85' lang='lat' dir='ltr'><strong>recipiens</strong></span> <span class='ocrx_word' id='word_1_198' title='bbox 1092 3281 1184 3359; x_wconf 81' lang='lat' dir='ltr'><strong>dixit</strong></span> <span class='ocrx_word' id='word_1_199' title='bbox 1198 3282 1271 3360; x_wconf 85' lang='lat' dir='ltr'><strong>sibi</strong></span> <span class='ocrx_word' id='word_1_200' title='bbox 1290 3281 1395 3389; x_wconf 94' lang='lat' dir='ltr'><strong>quod</strong></span> <span class='ocrx_word' id='word_1_201' title='bbox 1414 3282 1443 3358; x_wconf 87' lang='lat' dir='ltr'><strong>si</strong></span> <span class='ocrx_word' id='word_1_202' title='bbox 1464 3281 1699 3388; x_wconf 86' lang='lat' dir='ltr'><strong>contingeret</strong></span> <span class='ocrx_word' id='word_1_203' title='bbox 1717 3282 1816 3388; x_wconf 93' lang='lat' dir='ltr'><strong>quod</strong></span> 
     </span>
     <span class='ocr_line' id='line_1_22' title="bbox 396 3409 1817 3520; baseline 0.001 -34"><span class='ocrx_word' id='word_1_204' title='bbox 396 3409 495 3486; x_wconf 88' lang='lat' dir='ltr'><strong>calor</strong></span> <span class='ocrx_word' id='word_1_205' title='bbox 514 3428 666 3520; x_wconf 85' lang='lat' dir='ltr'><strong>urgeret</strong></span> <span class='ocrx_word' id='word_1_206' title='bbox 690 3440 779 3490; x_wconf 91' lang='lat' dir='ltr'><strong>eum</strong></span> <span class='ocrx_word' id='word_1_207' title='bbox 802 3413 850 3490; x_wconf 90' lang='lat' dir='ltr'><strong>ad</strong></span> <span class='ocrx_word' id='word_1_208' title='bbox 877 3413 1091 3503; x_wconf 88' lang='lat' dir='ltr'><strong>libidinem,</strong></span> <span class='ocrx_word' id='word_1_209' title='bbox 1113 3413 1218 3520; x_wconf 91' lang='lat' dir='ltr'><strong>quod</strong></span> <span class='ocrx_word' id='word_1_210' title='bbox 1241 3412 1376 3492; x_wconf 87' lang='lat' dir='ltr'><strong>melius</strong></span> <span class='ocrx_word' id='word_1_211' title='bbox 1396 3431 1474 3492; x_wconf 88' lang='lat' dir='ltr'><strong>erat</strong></span> <span class='ocrx_word' id='word_1_212' title='bbox 1494 3430 1533 3491; x_wconf 87' lang='lat' dir='ltr'><strong>et</strong></span> <span class='ocrx_word' id='word_1_213' title='bbox 1549 3411 1635 3518; x_wconf 88' lang='lat' dir='ltr'><strong>plus</strong></span> <span class='ocrx_word' id='word_1_214' title='bbox 1653 3411 1817 3518; x_wconf 88' lang='lat' dir='ltr'><strong>placebat</strong></span> 
     </span>
     <span class='ocr_line' id='line_1_23' title="bbox 394 3538 1816 3652; baseline 0.001 -36"><span class='ocrx_word' id='word_1_215' title='bbox 394 3538 464 3617; x_wconf 88' lang='lat' dir='ltr'><strong>sibi</strong></span> <span class='ocrx_word' id='word_1_216' title='bbox 479 3541 583 3648; x_wconf 80' lang='lat' dir='ltr'><strong>quod</strong></span> <span class='ocrx_word' id='word_1_217' title='bbox 597 3543 855 3622; x_wconf 87' lang='lat' dir='ltr'><strong>commisceret</strong></span> <span class='ocrx_word' id='word_1_218' title='bbox 868 3573 907 3622; x_wconf 87' lang='lat' dir='ltr'><strong>se</strong></span> <span class='ocrx_word' id='word_1_219' title='bbox 923 3573 1009 3622; x_wconf 91' lang='lat' dir='ltr'><strong>cum</strong></span> <span class='ocrx_word' id='word_1_220' title='bbox 1023 3571 1102 3623; x_wconf 91' lang='lat' dir='ltr'><strong>uno</strong></span> <span class='ocrx_word' id='word_1_221' title='bbox 1115 3543 1227 3622; x_wconf 87' lang='lat' dir='ltr'><strong>fratre</strong></span> <span class='ocrx_word' id='word_1_222' title='bbox 1241 3573 1354 3652; x_wconf 82' lang='lat' dir='ltr'><strong>quam</strong></span> <span class='ocrx_word' id='word_1_223' title='bbox 1368 3573 1456 3622; x_wconf 92' lang='lat' dir='ltr'><strong>cum</strong></span> <span class='ocrx_word' id='word_1_224' title='bbox 1472 3543 1708 3622; x_wconf 84' lang='lat' dir='ltr'><strong>mulieribus.</strong></span> <span class='ocrx_word' id='word_1_225' title='bbox 1719 3544 1816 3621; x_wconf 82' lang='lat' dir='ltr'><strong>Dixit</strong></span> 
     </span>
     <span class='ocr_line' id='line_1_24' title="bbox 393 3670 1816 3781; baseline 0.004 -35"><span class='ocrx_word' id='word_1_226' title='bbox 393 3697 462 3774; x_wconf 88' lang='lat' dir='ltr'><strong>per</strong></span> <span class='ocrx_word' id='word_1_227' title='bbox 479 3670 738 3776; x_wconf 88' lang='lat' dir='ltr'><strong>juramentum</strong></span> <span class='ocrx_word' id='word_1_228' title='bbox 749 3702 861 3750; x_wconf 87' lang='lat' dir='ltr'><strong>suum</strong></span> <span class='ocrx_word' id='word_1_229' title='bbox 872 3674 977 3781; x_wconf 93' lang='lat' dir='ltr'><strong>quod</strong></span> <span class='ocrx_word' id='word_1_230' title='bbox 990 3673 1150 3752; x_wconf 89' lang='lat' dir='ltr'><strong>libenter</strong></span> <span class='ocrx_word' id='word_1_231' title='bbox 1165 3675 1334 3752; x_wconf 84' lang='lat' dir='ltr'><strong>exivisset</strong></span> <span class='ocrx_word' id='word_1_232' title='bbox 1349 3674 1396 3751; x_wconf 91' lang='lat' dir='ltr'><strong>de</strong></span> <span class='ocrx_word' id='word_1_233' title='bbox 1405 3673 1558 3763; x_wconf 88' lang='lat' dir='ltr'><strong>ordine,</strong></span> <span class='ocrx_word' id='word_1_234' title='bbox 1574 3675 1606 3752; x_wconf 90' lang='lat' dir='ltr'><strong>si</strong></span> <span class='ocrx_word' id='word_1_235' title='bbox 1621 3671 1751 3753; x_wconf 83' lang='lat' dir='ltr'><strong>fuisset</strong></span> <span class='ocrx_word' id='word_1_236' title='bbox 1761 3703 1816 3752; x_wconf 86' lang='lat' dir='ltr'><strong>au·</strong></span> 
     </span>
     <span class='ocr_line' id='line_1_25' title="bbox 394 3803 1815 3912; baseline 0.004 -35"><span class='ocrx_word' id='word_1_237' title='bbox 394 3829 477 3890; x_wconf 69' lang='lat' dir='ltr'><strong>sus,</strong></span> <span class='ocrx_word' id='word_1_238' title='bbox 493 3803 562 3879; x_wconf 87' lang='lat' dir='ltr'><strong>sed</strong></span> <span class='ocrx_word' id='word_1_239' title='bbox 577 3829 655 3879; x_wconf 94' lang='lat' dir='ltr'><strong>non</strong></span> <span class='ocrx_word' id='word_1_240' title='bbox 667 3820 747 3881; x_wconf 88' lang='lat' dir='ltr'><strong>erat</strong></span> <span class='ocrx_word' id='word_1_241' title='bbox 757 3831 887 3893; x_wconf 88' lang='lat' dir='ltr'><strong>ausus,</strong></span> <span class='ocrx_word' id='word_1_242' title='bbox 904 3821 1058 3910; x_wconf 89' lang='lat' dir='ltr'><strong>propter</strong></span> <span class='ocrx_word' id='word_1_243' title='bbox 1070 3804 1246 3883; x_wconf 89' lang='lat' dir='ltr'><strong>timorem</strong></span> <span class='ocrx_word' id='word_1_244' title='bbox 1257 3823 1458 3911; x_wconf 89' lang='lat' dir='ltr'><strong>parentum</strong></span> <span class='ocrx_word' id='word_1_245' title='bbox 1474 3833 1650 3894; x_wconf 85' lang='lat' dir='ltr'><strong>suorum,</strong></span> <span class='ocrx_word' id='word_1_246' title='bbox 1667 3806 1815 3912; x_wconf 79' lang='lat' dir='ltr'><strong>quiere</strong></span> 
     </span>
     <span class='ocr_line' id='line_1_26' title="bbox 393 3930 1813 4044; baseline 0.004 -38"><span class='ocrx_word' id='word_1_247' title='bbox 393 3930 534 4008; x_wconf 86' lang='lat' dir='ltr'><strong>debant</strong></span> <span class='ocrx_word' id='word_1_248' title='bbox 551 3932 658 4038; x_wconf 90' lang='lat' dir='ltr'><strong>quod</strong></span> <span class='ocrx_word' id='word_1_249' title='bbox 676 3933 771 4009; x_wconf 90' lang='lat' dir='ltr'><strong>ordo</strong></span> <span class='ocrx_word' id='word_1_250' title='bbox 789 3951 887 4010; x_wconf 88' lang='lat' dir='ltr'><strong>esset</strong></span> <span class='ocrx_word' id='word_1_251' title='bbox 905 3950 1052 4010; x_wconf 84' lang='lat' dir='ltr'><strong>sanctus</strong></span> <span class='ocrx_word' id='word_1_252' title='bbox 1072 3951 1110 4009; x_wconf 94' lang='lat' dir='ltr'><strong>et</strong></span> <span class='ocrx_word' id='word_1_253' title='bbox 1126 3933 1267 4024; x_wconf 89' lang='lat' dir='ltr'><strong>bonus,</strong></span> <span class='ocrx_word' id='word_1_254' title='bbox 1286 3953 1323 4010; x_wconf 91' lang='lat' dir='ltr'><strong>et</strong></span> <span class='ocrx_word' id='word_1_255' title='bbox 1339 3933 1502 4013; x_wconf 81' lang='lat' dir='ltr'><strong>fecerant</strong></span> <span class='ocrx_word' id='word_1_256' title='bbox 1518 3963 1669 4043; x_wconf 83' lang='lat' dir='ltr'><strong>magnas</strong></span> <span class='ocrx_word' id='word_1_257' title='bbox 1682 3945 1813 4044; x_wconf 87' lang='lat' dir='ltr'><strong>&#39;expen-</strong></span> 
     </span>
     <span class='ocr_line' id='line_1_27' title="bbox 393 4061 1814 4173; baseline 0.004 -37"><span class='ocrx_word' id='word_1_258' title='bbox 393 4088 450 4136; x_wconf 82' lang='lat' dir='ltr'><strong>sus</strong></span> <span class='ocrx_word' id='word_1_259' title='bbox 469 4089 538 4166; x_wconf 92' lang='lat' dir='ltr'><strong>pro</strong></span> <span class='ocrx_word' id='word_1_260' title='bbox 553 4062 719 4167; x_wconf 75' lang='lat' dir='ltr'><strong>parendo</strong></span> <span class='ocrx_word' id='word_1_261' title='bbox 736 4061 861 4166; x_wconf 90' lang='lat' dir='ltr'><strong>ipsum</strong></span> <span class='ocrx_word' id='word_1_262' title='bbox 877 4061 924 4140; x_wconf 92' lang='lat' dir='ltr'><strong>ad</strong></span> <span class='ocrx_word' id='word_1_263' title='bbox 941 4061 1110 4140; x_wconf 90' lang='lat' dir='ltr'><strong>eundum</strong></span> <span class='ocrx_word' id='word_1_264' title='bbox 1128 4063 1225 4141; x_wconf 91' lang='lat' dir='ltr'><strong>ultra</strong></span> <span class='ocrx_word' id='word_1_265' title='bbox 1242 4091 1361 4154; x_wconf 84' lang='lat' dir='ltr'><strong>mere,</strong></span> <span class='ocrx_word' id='word_1_266' title='bbox 1383 4083 1419 4143; x_wconf 90' lang='lat' dir='ltr'><strong>et</strong></span> <span class='ocrx_word' id='word_1_267' title='bbox 1437 4094 1484 4142; x_wconf 91' lang='lat' dir='ltr'><strong>ne</strong></span> <span class='ocrx_word' id='word_1_268' title='bbox 1502 4066 1702 4143; x_wconf 87' lang='lat' dir='ltr'><strong>crederent</strong></span> <span class='ocrx_word' id='word_1_269' title='bbox 1716 4067 1814 4173; x_wconf 91' lang='lat' dir='ltr'><strong>quod</strong></span> 
     </span>
     <span class='ocr_line' id='line_1_28' title="bbox 392 4190 1815 4296; baseline 0.005 -30"><span class='ocrx_word' id='word_1_270' title='bbox 392 4206 547 4296; x_wconf 89' lang='lat' dir='ltr'><strong>propter</strong></span> <span class='ocrx_word' id='word_1_271' title='bbox 566 4190 755 4272; x_wconf 85' lang='lat' dir='ltr'><strong>delectum</strong></span> <span class='ocrx_word' id='word_1_272' title='bbox 773 4190 896 4269; x_wconf 88' lang='lat' dir='ltr'><strong>cordis</strong></span> <span class='ocrx_word' id='word_1_273' title='bbox 913 4190 1093 4270; x_wconf 82' lang='lat' dir='ltr'><strong>refutaret</strong></span> <span class='ocrx_word' id='word_1_274' title='bbox 1106 4193 1160 4270; x_wconf 88' lang='lat' dir='ltr'><strong>ire</strong></span> <span class='ocrx_word' id='word_1_275' title='bbox 1175 4193 1275 4272; x_wconf 87' lang='lat' dir='ltr'><strong>ultra</strong></span> <span class='ocrx_word' id='word_1_276' title='bbox 1294 4223 1414 4286; x_wconf 88' lang='lat' dir='ltr'><strong>mare,</strong></span> <span class='ocrx_word' id='word_1_277' title='bbox 1436 4214 1473 4273; x_wconf 90' lang='lat' dir='ltr'><strong>et</strong></span> <span class='ocrx_word' id='word_1_278' title='bbox 1491 4195 1562 4274; x_wconf 85' lang='lat' dir='ltr'><strong>fuit</strong></span> <span class='ocrx_word' id='word_1_279' title='bbox 1576 4197 1624 4274; x_wconf 89' lang='lat' dir='ltr'><strong>de</strong></span> <span class='ocrx_word' id='word_1_280' title='bbox 1642 4197 1716 4274; x_wconf 89' lang='lat' dir='ltr'><strong>hoc</strong></span> <span class='ocrx_word' id='word_1_281' title='bbox 1732 4225 1815 4275; x_wconf 92' lang='lat' dir='ltr'><strong>con-</strong></span> 
     </span>
     <span class='ocr_line' id='line_1_29' title="bbox 346 4306 1812 4431; baseline 0.007 -35"><span class='ocrx_word' id='word_1_282' title='bbox 346 4306 350 4320; x_wconf 38' lang='lat'><em>*</em></span> <span class='ocrx_word' id='word_1_283' title='bbox 392 4321 512 4400; x_wconf 86' lang='lat' dir='ltr'><strong>lessus</strong></span> <span class='ocrx_word' id='word_1_284' title='bbox 530 4320 705 4428; x_wconf 89' lang='lat' dir='ltr'><strong>episcopo</strong></span> <span class='ocrx_word' id='word_1_285' title='bbox 726 4321 947 4411; x_wconf 74' lang='lat' dir='ltr'><strong>pictavensi,</strong></span> <span class='ocrx_word' id='word_1_286' title='bbox 969 4323 1035 4429; x_wconf 93' lang='lat' dir='ltr'><strong>qui</strong></span> <span class='ocrx_word' id='word_1_287' title='bbox 1053 4340 1144 4400; x_wconf 88' lang='lat' dir='ltr'><strong>tunc</strong></span> <span class='ocrx_word' id='word_1_288' title='bbox 1162 4326 1344 4431; x_wconf 85' lang='lat' dir='ltr'><strong>temporis</strong></span> <span class='ocrx_word' id='word_1_289' title='bbox 1364 4345 1454 4418; x_wconf 88' lang='lat' dir='ltr'><strong>erat,</strong></span> <span class='ocrx_word' id='word_1_290' title='bbox 1472 4327 1645 4405; x_wconf 86' lang='lat' dir='ltr'><strong>videlicet</strong></span> <span class='ocrx_word' id='word_1_291' title='bbox 1660 4327 1812 4406; x_wconf 92' lang='lat' dir='ltr'><strong>domino</strong></span> 
     </span>
     <span class='ocr_line' id='line_1_30' title="bbox 392 4451 1815 4560; baseline 0.004 -29"><span class='ocrx_word' id='word_1_292' title='bbox 392 4451 557 4531; x_wconf 82' lang='lat' dir='ltr'><strong>Galtero.</strong></span> <span class='ocrx_word' id='word_1_293' title='bbox 566 4453 781 4560; x_wconf 83' lang='lat' dir='ltr'><strong>Requisitus</strong></span> <span class='ocrx_word' id='word_1_294' title='bbox 796 4470 924 4532; x_wconf 90' lang='lat' dir='ltr'><strong>utrum</strong></span> <span class='ocrx_word' id='word_1_295' title='bbox 935 4454 987 4545; x_wconf 86' lang='lat' dir='ltr'><strong>vi,</strong></span> <span class='ocrx_word' id='word_1_296' title='bbox 1001 4453 1061 4531; x_wconf 83' lang='lat' dir='ltr'><strong>vel</strong></span> <span class='ocrx_word' id='word_1_297' title='bbox 1075 4473 1181 4535; x_wconf 90' lang='lat' dir='ltr'><strong>metu</strong></span> <span class='ocrx_word' id='word_1_298' title='bbox 1199 4457 1354 4536; x_wconf 87' lang='lat' dir='ltr'><strong>carceris</strong></span> <span class='ocrx_word' id='word_1_299' title='bbox 1367 4487 1434 4536; x_wconf 89' lang='lat' dir='ltr'><strong>seu</strong></span> <span class='ocrx_word' id='word_1_300' title='bbox 1443 4475 1738 4548; x_wconf 88' lang='lat' dir='ltr'><strong>tormentorum,</strong></span> <span class='ocrx_word' id='word_1_301' title='bbox 1753 4477 1815 4536; x_wconf 89' lang='lat' dir='ltr'><strong>aut</strong></span> 
     </span>
     <span class='ocr_line' id='line_1_31' title="bbox 392 4583 1813 4698; baseline 0.004 -38"><span class='ocrx_word' id='word_1_302' title='bbox 392 4583 463 4661; x_wconf 90' lang='lat' dir='ltr'><strong>alia</strong></span> <span class='ocrx_word' id='word_1_303' title='bbox 489 4583 536 4661; x_wconf 92' lang='lat' dir='ltr'><strong>de</strong></span> <span class='ocrx_word' id='word_1_304' title='bbox 561 4611 685 4674; x_wconf 88' lang='lat' dir='ltr'><strong>causa,</strong></span> <span class='ocrx_word' id='word_1_305' title='bbox 708 4584 871 4692; x_wconf 85' lang='lat' dir='ltr'><strong>aliquam</strong></span> <span class='ocrx_word' id='word_1_306' title='bbox 892 4584 1025 4662; x_wconf 88' lang='lat' dir='ltr'><strong>dixerit</strong></span> <span class='ocrx_word' id='word_1_307' title='bbox 1049 4584 1244 4665; x_wconf 84' lang='lat' dir='ltr'><strong>salsitatem</strong></span> <span class='ocrx_word' id='word_1_308' title='bbox 1262 4587 1321 4665; x_wconf 87' lang='lat' dir='ltr'><strong>vel</strong></span> <span class='ocrx_word' id='word_1_309' title='bbox 1340 4588 1586 4666; x_wconf 88' lang='lat' dir='ltr'><strong>immiscuerit</strong></span> <span class='ocrx_word' id='word_1_310' title='bbox 1603 4589 1644 4666; x_wconf 92' lang='lat' dir='ltr'><strong>in</strong></span> <span class='ocrx_word' id='word_1_311' title='bbox 1669 4590 1813 4698; x_wconf 85' lang='lat' dir='ltr'><strong>deposi-</strong></span> 
     </span>
     <span class='ocr_line' id='line_1_32' title="bbox 391 4713 1809 4826; baseline 0.005 -35"><span class='ocrx_word' id='word_1_312' title='bbox 391 4715 499 4792; x_wconf 89' lang='lat' dir='ltr'><strong>cione</strong></span> <span class='ocrx_word' id='word_1_313' title='bbox 516 4743 597 4802; x_wconf 85' lang='lat' dir='ltr'><strong>sua,</strong></span> <span class='ocrx_word' id='word_1_314' title='bbox 616 4713 707 4792; x_wconf 86' lang='lat' dir='ltr'><strong>dixit</strong></span> <span class='ocrx_word' id='word_1_315' title='bbox 720 4742 788 4820; x_wconf 90' lang='lat' dir='ltr'><strong>per</strong></span> <span class='ocrx_word' id='word_1_316' title='bbox 795 4715 1054 4824; x_wconf 85' lang='lat' dir='ltr'><strong>juramentum</strong></span> <span class='ocrx_word' id='word_1_317' title='bbox 1072 4745 1185 4795; x_wconf 86' lang='lat' dir='ltr'><strong>suum</strong></span> <span class='ocrx_word' id='word_1_318' title='bbox 1200 4717 1302 4823; x_wconf 91' lang='lat' dir='ltr'><strong>quod</strong></span> <span class='ocrx_word' id='word_1_319' title='bbox 1324 4746 1422 4808; x_wconf 84' lang='lat' dir='ltr'><strong>non;</strong></span> <span class='ocrx_word' id='word_1_320' title='bbox 1443 4719 1561 4798; x_wconf 90' lang='lat' dir='ltr'><strong>immo</strong></span> <span class='ocrx_word' id='word_1_321' title='bbox 1575 4719 1668 4798; x_wconf 93' lang='lat' dir='ltr'><strong>dixit</strong></span> <span class='ocrx_word' id='word_1_322' title='bbox 1679 4749 1809 4826; x_wconf 89' lang='lat' dir='ltr'><strong>puram</strong></span> 
     </span>
     <span class='ocr_line' id='line_1_33' title="bbox 391 4861 814 4924; baseline 0.005 -2"><span class='ocrx_word' id='word_1_323' title='bbox 391 4863 429 4922; x_wconf 90' lang='lat' dir='ltr'><strong>et</strong></span> <span class='ocrx_word' id='word_1_324' title='bbox 448 4872 592 4924; x_wconf 90' lang='lat' dir='ltr'><strong>meram</strong></span> <span class='ocrx_word' id='word_1_325' title='bbox 613 4861 814 4924; x_wconf 80' lang='lat' dir='ltr'><strong>veritatem.</strong></span> 
     </span>
    </p>
   </div>
   <div class='ocr_carea' id='block_1_4' title="bbox 0 0 2110 5882">
    <p class='ocr_par' dir='ltr' id='par_1_5' title="bbox 0 0 2110 5882">
     <span class='ocr_line' id='line_1_34' title="bbox 0 0 2110 5882; baseline 0 0"><span class='ocrx_word' id='word_1_326' title='bbox 0 0 2110 5882; x_wconf 95' lang='lat' dir='ltr'><strong> </strong></span> 
     </span>
    </p>
   </div>
  </div>
 </body>
</html>
