4242 5890
713 528 1359 622 procssossrnurmsrs.
1672 543 1747 618 sss

325 695 407 799 ipso
427 717 543 798 quem
561 688 841 797 representabat
858 689 1054 795 ipsa-crux.
1076 687 1150 788 Qui
1169 686 1365 795 respondit
1381 684 1484 794 quod
1506 711 1655 762 crucem
1674 685 1752 762 Do-

216 872 220 880 ·
325 823 418 900 mini
438 821 556 900 nostri
569 819 686 898 Jhesu
705 818 860 908 Christi,
879 835 918 896 et
935 817 1049 926 peciit
1069 815 1189 894 dictus
1207 815 1460 894 thesaurarius
1474 814 1504 891 si
1520 813 1696 892 credebat
1714 813 1753 888 in

327 983 414 1031 eum
427 981 436 1026 ε
450 951 515 1060 qui
536 949 730 1058 respondit
748 947 853 1057 quod
867 949 937 1040 sic;
959 965 997 1026 et
1016 965 1109 1026 tunc
1123 948 1215 1026 dixit
1235 947 1305 1026 sibi
1325 945 1429 1052 quod
1448 944 1546 1022 male
1562 944 1752 1038 credebat,
1773 923 1777 938 ⁸

326 1111 398 1161 nec
411 1080 539 1162 salvari
565 1096 711 1186 poterat
730 1079 770 1156 in
788 1079 859 1156 hac
877 1077 971 1167 fide,
995 1077 1060 1184 qui
1082 1077 1154 1156 fuit
1178 1077 1291 1158 falsus
1308 1075 1510 1184 prophete3
1532 1091 1570 1151 et
1587 1091 1678 1152 tunc
1697 1075 1755 1152 in-

321 1213 446 1321 junxit
459 1211 547 1299 sihi,
561 1211 696 1288 virtute
709 1208 948 1298 obediencie,
964 1209 1068 1315 quod
1080 1208 1118 1284 in
1133 1208 1311 1312 despectu
1322 1207 1440 1313 ipsius
1452 1204 1590 1283 Christi
1605 1221 1758 1310 spueret

326 1360 385 1420 ter
409 1369 519 1447 supra
538 1365 703 1428 crucem,
730 1355 768 1416 et
785 1337 857 1416 hec
879 1337 1002 1444 primo
1022 1337 1148 1415 renuit
1169 1336 1300 1414 lacere.
1323 1335 1454 1415 Dictus
1480 1333 1596 1412 frater
1615 1334 1756 1413 liedul-

327 1473 426 1578 phus
438 1471 487 1548 de
500 1469 641 1550 Grandi
654 1467 782 1548 Villari
797 1485 952 1574 propter
964 1466 1039 1544 hoc
1057 1466 1199 1571 accepit
1218 1493 1305 1544 eum
1319 1465 1502 1542 violenter
1518 1490 1588 1571 per
1606 1481 1752 1569 pectus,

328 1600 488 1680 dicendo
516 1599 589 1678 sibi
612 1595 718 1705 quod
749 1596 947 1705 oportebat
969 1594 1073 1703 quod
1102 1596 1176 1674 hoc
1206 1594 1360 1687 laceret,
1387 1593 1555 1700 alioquin
1578 1610 1754 1699 tanquam

326 1730 549 1809 inobediens
571 1729 610 1806 in
632 1745 815 1834 perpetuo
830 1753 975 1804 carcere
994 1744 1210 1832 poneretur.
1230 1726 1339 1802 Tunc
1352 1724 1433 1832 ipse
1450 1740 1598 1801 coactus
1614 1740 1653 1800 et
1669 1751 1755 1828 per·

326 1860 494 1946 territus,
520 1855 628 1933 linxit
651 1883 784 1962 spuere
807 1872 867 1933 ter
890 1883 1000 1960 supra
1025 1883 1190 1942 crucem,
1213 1871 1250 1932 et
1267 1854 1366 1960 spuit
1384 1856 1423 1932 in
1441 1870 1590 1932 terram.
1609 1853 1756 1932 Deinde

328 1987 513 2066 osculatus
532 1987 605 2064 luit
623 1986 766 2063 dictum
784 1985 1026 2091 recipientem
1042 1986 1167 2089 primo
1187 1985 1323 2074 inore,
1346 1985 1482 2062 deinde
1502 1985 1541 2060 in
1555 1983 1755 2073 umbilico,

329 2135 366 2195 et
384 2116 588 2223 requisitus
608 2115 654 2193 ah
676 2141 722 2192 eo
741 2114 845 2220 quod
864 2113 1093 2191 oscularetur
1110 2114 1228 2190 tercio
1248 2141 1336 2189 eum
1356 2113 1395 2189 in
1411 2112 1491 2190 fine
1512 2113 1617 2220 spine
1638 2111 1756 2202 dorsi,

328 2247 482 2348 omnino
506 2243 579 2322 hoc
603 2243 724 2322 lacere
745 2244 938 2322 recusavit.
964 2243 1178 2348 Requisittrs
1203 2242 1251 2320 de
1276 2244 1411 2348 capite,
1439 2241 1635 2348 respondit
1653 2243 1757 2348 quod

328 2376 443 2452 nichil
459 2376 543 2453 scit.'
554 2375 701 2453 Deinde
718 2374 812 2450 dixit
825 2374 930 2478 quod
945 2401 988 2452 ea
1002 2401 1077 2478 que
1093 2371 1267 2478 deposuit
1280 2388 1369 2450 sunt
1382 2399 1466 2449 vera
1485 2387 1522 2448 et
1538 2371 1617 2448 sine
1635 2371 1757 2479 aliqua

328 2505 503 2593 falsitate,
515 2529 584 2582 neo
594 2531 638 2580 en
646 2503 820 2608 deposuit
835 2531 906 2580 nec
918 2503 1049 2590 vi,neo
1059 2518 1164 2580 metu
1182 2529 1296 2608 pene,
1314 2529 1383 2580 nec
1397 2501 1466 2579 alia
1484 2503 1532 2580 de
1547 2531 1672 2591 causa,
1690 2503 1757 2582 sed

327 2634 376 2712 ad
401 2632 670 2739 expediendum
692 2631 960 2710 conscienciam
979 2659 1101 2718 suam,
1124 2631 1360 2734 presentibus
1380 2631 1564 2739 religiosis
1582 2632 1671 2711 viris
1686 2631 1758 2711 sra-

328 2763 448 2843 tribus
465 2763 647 2868 Gregorio
663 2761 711 2839 de
736 2763 853 2849 Luca,
877 2759 1045 2839 lohanne
1066 2760 1114 2838 de
1133 2759 1298 2838 Marchia
1315 2760 1521 2839 deonitann
1544 2761 1758 2842 bachelario

329 2894 368 2972 in
386 2891 590 2999 theologia,
622 2891 766 2970 ordinis
786 2889 909 2968 Sancti
926 2889 1143 2998 Augustini,
1163 2907 1201 2968 et
1222 2889 1333 2967 lratre
1351 2890 1536 2968 Richardo
1559 2891 1607 2970 de
1627 2890 1759 3000 Anglia

331 3023 501 3131 ejusdem
518 3021 678 3110 ordinis,
696 3038 734 3098 et
744 3018 1018 3099 venerabilibus
1033 3036 1072 3098 et
1084 3020 1254 3099 discretis
1266 3019 1355 3097 viris
1367 3021 1544 3129 magistro
1554 3021 1757 3130 Reginnldo

331 3152 378 3229 de
389 3151 607 3260 Albigniaco
622 3168 839 3230 succentore
848 3151 1086 3242 Bituricensi,
1105 3167 1142 3228 et
1158 3151 1314 3230 domino
1324 3149 1530 3260 Reginaldo
1547 3151 1595 3230 de
1611 3154 1756 3262 Royaco

331 3281 474 3362 domini
492 3283 608 3360 nostri
625 3282 723 3389 regis
741 3280 989 3370 thesaurario,
1009 3280 1167 3384 testibus
1180 3280 1228 3360 ad
1246 3282 1320 3362 hoc
1337 3281 1474 3360 vocatis
1498 3282 1706 3386 specialiter
1720 3299 1759 3360 et

330 3432 480 3521 rogatis.

385 3676 480 3754 ltem
500 3673 614 3752 frater
634 3675 765 3766 Petrus
784 3674 831 3751 de
846 3673 970 3753 Blesis
992 3673 1188 3783 presbyter
1212 3675 1301 3752 dicti
1331 3674 1489 3766 ordinis,
1519 3672 1623 3752 etatis
1647 3673 1758 3782 quin·
1913 3781 1916 3796 Ι

331 3807 508 3914 quaginta
533 3806 704 3913 quinque
730 3833 914 3884 annorum
937 3804 995 3882 vel
1020 3805 1177 3908 circiter,
1205 3823 1246 3883 ut
1265 3805 1373 3894 dicit,
1405 3805 1539 3884 eodem
1563 3805 1680 3884 modo
1696 3805 1758 3912 ju-

330 3953 432 4015 ratus
446 3953 484 4014 et
502 3936 721 4043 requisitus,
739 3953 783 4013 ut
797 3935 903 4028 dicit,
922 3934 1057 4013 eodem
1078 3935 1194 4014 modo
1204 3937 1351 4044 juratus
1368 3952 1406 4014 et
1420 3936 1623 4042 requisitus
1639 3951 1682 4013 ut
1697 3963 1758 4012 su-

331 4095 413 4172 pra,
436 4065 527 4144 dicit
545 4063 736 4172 quodfuit
754 4082 926 4172 receptus
947 4082 1031 4142 octo
1048 4064 1136 4141 anni
1158 4081 1247 4142 sunt
1261 4064 1375 4171 elapsi
1389 4065 1490 4172 apud
1500 4065 1756 4172 Savigniacum

329 4195 496 4301 Templi,
507 4222 575 4300 per
588 4193 728 4272 dictum
740 4193 1012 4273 thesaurarium
1020 4193 1169 4301 Templi
1180 4195 1388 4300 quondum,
1403 4194 1639 4301 presentibus
1646 4193 1756 4274 fratre

331 4324 528 4432 Radulpho
549 4326 596 4403 de
615 4323 869 4415 Hordivilluri,
892 4343 930 4402 et
951 4324 1032 4401 aliis
1052 4323 1228 4402 tratribus
1251 4324 1342 4402 dicti
1363 4325 1505 4403 ordinis
1525 4325 1574 4404 de
1592 4352 1755 4431 quorum

330 4455 546 4534 nominibus
564 4454 613 4532 ad
631 4481 785 4561 presens
801 4482 878 4534 non
894 4453 1037 4534 recolit.
1054 4456 1101 4531 Et
1114 4472 1200 4560 post
1214 4453 1354 4530 multus
1367 4453 1615 4562 obligationes
1628 4470 1665 4530 et
1677 4483 1759 4561 pro-

331 4585 526 4664 missiones
546 4585 594 4662 de
614 4583 862 4663 observanciis
877 4585 966 4662 dicti
988 4583 1147 4671 ordinis,
1168 4601 1319 4689 recepto
1335 4583 1513 4661 mantello
1525 4613 1547 4660 a
1560 4583 1660 4661 dioto
1673 4583 1757 4662 the-

330 4716 511 4804 saurario,
529 4716 661 4793 duetus
675 4714 746 4793 fuit
764 4742 833 4819 per
847 4714 1047 4822 quemdam
1062 4711 1212 4792 fratrem
1232 4713 1279 4790 de
1300 4713 1407 4821 cujus
1424 4714 1577 4794 nomine
1595 4710 1675 4792 ¹non
1694 4743 1754 4790 re-

332 4845 420 4925 colit
434 4847 482 4924 ad
492 4845 757 4924 dormitorium
775 4845 873 4924 dicte
889 4845 1042 4935 domus,
1060 4845 1125 4952 qui
1138 4844 1209 4924 sibi
1226 4844 1388 4924 ostendit
1396 4843 1595 4950 quamdam
1605 4871 1753 4921 crucem
