4202 5876
672 478 868 570 mocts
895 497 990 570 nns
1016 497 1320 572 rnnrnmns.
1635 501 1709 576 tro

287 655 322 714 et
340 634 481 742 singula
502 652 674 714 contenta
693 637 732 714 in
752 639 822 727 eis,
845 637 945 716 salvo
964 637 1069 744 quod
1090 639 1181 716 dicit
1194 668 1235 718 se
1249 639 1402 716 credere
1417 639 1575 720 firmiter
1591 640 1710 720 filium

283 766 353 845 Dei
373 783 411 846 et
428 765 537 846 beate
557 767 720 876 Virginis
736 769 853 848 Maris
872 797 1023 877 passum
1051 768 1163 848 finisse
1188 799 1257 876 pro
1277 770 1534 877 redemptione
1556 773 1712 850 humani
1831 874 1833 880 ,

282 897 446 1006 generis,
463 925 540 975 non
555 927 624 1004 pro
640 899 718 977 suis
736 901 912 1005 peccatis,
934 929 1021 978 cum
1035 929 1228 1008 nunquam
1245 903 1461 1008 peccaverit.
1477 902 1581 981 Dixit
1600 905 1711 982 etiam
1836 989 1839 1000 ¹

283 1057 322 1106 se
339 1029 477 1107 habere
493 1057 598 1136 spem
614 1027 823 1108 salvationis
840 1030 1012 1110 habende
1031 1059 1100 1139 per
1120 1061 1225 1122 eum,
1248 1049 1285 1112 et
1301 1033 1403 1111 idem
1425 1033 1545 1110 credit
1565 1034 1612 1111 de
1632 1034 1714 1112 aliis

283 1159 459 1240 fratribus
484 1159 654 1268 ejusdem
681 1161 835 1240 ordinis.
866 1161 1022 1240 Addidit
1049 1163 1202 1269 insuper
1223 1179 1494 1242 sacramentum
1523 1164 1647 1241 altaris
1675 1192 1715 1240 se

284 1292 436 1370 credere
459 1309 496 1370 et
520 1291 591 1369 alia
609 1291 857 1372 ecclesiastica
877 1311 1120 1383 sacramenta,
1142 1311 1255 1399 prout
1274 1293 1437 1370 Ecclesia
1458 1293 1528 1374 Dei
1551 1310 1655 1370 tenet
1679 1311 1716 1370 et

284 1423 410 1513 docet;
426 1439 463 1500 et
472 1423 575 1500 idem
590 1422 709 1499 credit
722 1421 770 1500 de
786 1422 867 1501 aliis
881 1423 1060 1502 [utribus
1078 1405 1221 1502 ordinis
1239 1423 1426 1501 antedicti.
1448 1422 1605 1502 Addidit
1619 1451 1716 1530 quo-
1773 1477 1774 1482 ,

284 1581 414 1658 queso
434 1552 603 1640 credere,
626 1570 664 1630 et
684 1553 785 1630 idem
803 1554 925 1630 credit
946 1554 994 1631 de
1013 1553 1095 1632 aliis
1115 1553 1305 1643 fratribus,
1327 1552 1433 1659 quod
1453 1581 1521 1630 nee
1540 1554 1716 1660 Magister

285 1683 427 1760 ordinis
442 1685 516 1771 sui,
533 1711 602 1760 nec
612 1683 747 1790 aliquis
766 1684 889 1791 laycus
903 1685 1021 1790 possit
1029 1683 1193 1790 aliquem
1207 1683 1398 1762 absolvere
1412 1713 1434 1760 a
1448 1686 1625 1790 peccatis,
1639 1685 1711 1761 nisi

285 1815 353 1893 soli
371 1813 427 1890 illi
445 1815 510 1921 qui
530 1832 615 1893 sunt
634 1814 704 1893 rite
720 1816 882 1921 promoti
903 1815 952 1892 ad
972 1813 1145 1894 ordinem
1165 1815 1444 1893 sacerdotalem.

342 1943 401 2021 Ad
421 1969 658 2022 xxx-xxxin
678 1945 852 2024 articulos
867 1943 1063 2034 inclusive,
1082 1945 1284 2051 diligenter
1302 1961 1341 2022 et
1354 1943 1542 2050 sigillatim
1561 1944 1718 2024 interro·

176 2136 180 2142 .
284 2090 406 2181 gatus,
426 2073 658 2180 respondens
674 2075 820 2183 negavit
836 2076 962 2152 omnia
978 2093 1018 2154 et
1029 2075 1175 2182 singula
1191 2091 1362 2153 contenta
1373 2075 1412 2151 in
1429 2072 1538 2150 dictis
1553 2073 1718 2152 articulis

153 2287 159 2300 ,
286 2205 516 2311 simpliciter,
545 2222 697 2311 excepto
723 2204 852 2284 osculo
873 2206 948 2283 oris
967 2221 1131 2296 tantum,
1157 2204 1261 2312 quod
1281 2203 1420 2280 saeiuut
1439 2203 1660 2309 recipientes
1681 2223 1718 2282 et

286 2335 427 2440 recepti
448 2335 496 2412 ad
510 2335 653 2414 dictum
665 2333 839 2412 ordinem
853 2335 1003 2441 Templi
1023 2335 1062 2412 in
1076 2335 1296 2440 recepcione
1309 2361 1390 2424 sua,
1406 2334 1606 2442 insignum
1620 2361 1717 2410 amo·

287 2465 338 2542 ris
353 2483 396 2542 et·
410 2466 570 2544 caritatis
589 2465 750 2544 fraterne
769 2469 900 2544 m‘utue
920 2465 1019 2542 iuter
1035 2466 1161 2571 ipsos.

343 2595 402 2673 Ad
417 2619 708 2674 namura-xxxta
718 2595 894 2674 articulos
913 2595 1110 2683 inclusive,
1127 2594 1327 2702 diligenter
1347 2611 1384 2672 et
1397 2595 1585 2700 sigillatim
1602 2596 1718 2673 inter·
1815 2619 1823 2628 ·

287 2744 453 2832 rogatus,
474 2726 703 2831 respondens
722 2727 868 2834 negavit
887 2725 988 2832 ipsos
1008 2724 1184 2802 articulos
1200 2740 1238 2802 et
1258 2724 1385 2804 omnia
1410 2742 1447 2802 et
1470 2724 1615 2830 singula
1630 2751 1719 2802 con·
1806 2787 1809 2794 Δ

287 2874 389 2934 tenta
409 2858 448 2932 in
471 2857 540 2949 eis,
563 2855 661 2936 salvo
682 2856 787 2962 quod
805 2854 997 2934 consessus
1016 2873 1072 2932 est
1090 2853 1194 2961 quod
1211 2856 1290 2960 ipse
1306 2856 1371 2962 qui
1389 2852 1560 2961 loquitur
1579 2853 1651 2932 tuit
1663 2883 1718 2932 re-

289 3004 418 3092 ceptus
430 2987 469 3064 in
481 2986 624 3092 capella
639 2987 773 3064 domus
785 2986 903 3064 Menai
916 2985 1000 3075 Dei,
1013 2985 1148 3064 clausis
1160 2985 1296 3091 januis,
1315 3003 1352 3064 et
1368 2985 1525 3064 exclusis
1539 2985 1718 3064 omnibus
1794 3091 1798 3098 .

289 3116 385 3206 aliis,
403 3117 565 3222 exceptis
579 3115 756 3194 fratribus
774 3115 945 3223 ejusdem
958 3114 1100 3194 ordinis
1112 3117 1177 3223 qui
1190 3115 1360 3204 aderant,
1377 3115 1505 3193 dicens
1519 3145 1559 3194 se
1574 3117 1716 3194 nescire

290 3247 382 3353 quid
402 3247 481 3324 vult
514 3275 646 3325 souare
679 3275 749 3323 nec
780 3246 904 3324 dicere
935 3247 1103 3324 labentur
1125 3274 1189 3350 pro
1213 3248 1388 3351 professis,
1418 3274 1504 3322 cum
1527 3247 1577 3322 sit
1599 3247 1716 3323 homo

290 3375 461 3482 simplex,
483 3378 601 3456 rudus
621 3393 658 3454 et
676 3377 812 3484 laycus.

346 3508 404 3583 Ad
415 3507 576 3587 xl-xlt
586 3507 760 3586 articulos
769 3507 965 3596 inclusive,
983 3507 1180 3612 diligenter
1195 3522 1234 3582 et
1246 3506 1437 3613 sigillatim
1451 3507 1714 3611 interrogatus,

291 3637 436 3743 negavit
448 3637 666 3745 simpliciter
685 3639 785 3744 ipsos
803 3636 976 3716 artierdos
993 3653 1032 3714 et
1045 3635 1171 3714 omnia
1191 3652 1229 3714 et
1243 3637 1386 3743 singula
1406 3651 1577 3714 contenta
1595 3635 1714 3712 ineis.

346 3764 405 3842 Ad
426 3766 656 3844 xlvi-lnam
676 3743 851 3844 articulos
871 3765 1068 3853 inclusive,
1086 3765 1287 3873 diligenter
1307 3784 1344 3844 et
1363 3761 1550 3873 sigillatim
1562 3766 1719 3844 interro-

291 3910 414 4000 gatus,
428 3895 660 4001 respondens
671 3895 818 4002 negavit
837 3895 937 4002 ipsos
951 3895 1127 3974 arnoulos
1143 3912 1180 3973 et
1199 3897 1323 3972 omnia
1337 3912 1375 3973 et
1387 3896 1531 4002 singula
1545 3913 1717 3972 contenta

293 4023 330 4100 in
351 4025 416 4102 eis.
1152 4029 1160 4036 '

347 4154 448 4232 Dixit
462 4172 586 4232 tamen
605 4183 644 4232 se
664 4171 812 4262 portare
830 4155 1022 4262 cingulum
1037 4153 1112 4232 sive
1130 4155 1324 4234 cordulam
1343 4183 1455 4262 super
1474 4157 1660 4234 camisiam
1682 4157 1720 4232 in

292 4285 438 4390 signum
460 4285 633 4364 castitatis
647 4287 843 4379 servande,
860 4287 1054 4375 utoredit‚
1070 4303 1285 4364 nontamen
1304 4285 1407 4394 quod
1421 4284 1535 4365 fuerit
1546 4303 1640 4363 tacta
1654 4287 1720 4363 ali-

293 4414 353 4490 cui
367 4415 478 4521 capiti
498 4443 565 4493 seu
584 4416 710 4522 ydolo.

348 4545 507 4624 Addidit
520 4547 636 4624 eciam
652 4575 691 4625 se
706 4545 860 4624 credere
879 4544 986 4654 quod
1003 4574 1045 4624 ea
1064 4574 1139 4652 que
1154 4563 1315 4652 aguntur
1327 4562 1365 4623 et
1381 4545 1559 4623 dicuntur
1571 4547 1611 4622 in
1627 4547 1720 4650 capi·

292 4675 379 4754 tulis
399 4703 475 4754 non
498 4677 658 4755 debeant
676 4676 847 4768 revelari,
871 4677 989 4756 nescit
1005 4694 1131 4755 tamen
1150 4703 1300 4756 causam
1320 4703 1446 4782 quare.

350 4807 408 4883 Ad
419 4805 687 4886 lxxrm-lxxxr
704 4806 879 4884 articulos
889 4806 1087 4896 inclusive,
1101 4805 1300 4915 diligenter
1312 4822 1351 4884 et
1364 4803 1548 4912 sigillatim
1561 4803 1719 4880 interro-
