4208 5886
375 515 448 586 258
754 511 950 585 PROCES
981 511 1077 584 DES
1109 511 1416 598 TEMPLIERS.

373 656 465 730 bant
496 655 694 760 assumptis
726 655 974 762 cingebantur
1000 681 1114 760 super
1138 653 1307 732 camisias
1334 681 1421 730 oum
1449 649 1588 758 quibus
1606 651 1797 758 jacebant,

259 816 264 828 ·
374 815 451 863 non
470 806 596 864 tamen
613 787 754 864 audivit
772 786 876 894 quod
890 802 1087 892 tangerent
1098 785 1217 892 capita
1234 785 1454 894 ydolorum3
1473 812 1543 861 nec
1563 784 1662 861 ultra
1678 814 1798 876 mare,

374 947 443 996 nec
463 922 570 1007 citra,
592 919 734 996 audivit
752 919 833 996 fiori
855 917 1093 996 mencionem
1115 917 1163 994 de
1183 917 1366 1023 capitibus
1389 915 1596 1023 dequibus
1617 917 1802 1025 deposue-

373 1069 456 1126 rant
474 1051 650 1158 magister
665 1050 851 1127 Antonius
870 1049 919 1126 de
932 1047 1110 1126 Vercellis
1128 1065 1166 1124 et
1182 1046 1296 1125 irater
1311 1050 1420 1153 Hugo
1437 1049 1485 1124 de
1500 1050 1639 1138 Fauro,
1659 1047 1803 1126 audivit

373 1199 499 1256 tamen
514 1180 769 1258 communiter
781 1179 969 1256 dici'ultra
982 1205 1085 1255 mare
1098 1179 1204 1284 quod
1216 1178 1443 1284 antiquitus,
1461 1194 1662 1285 antequam
1679 1196 1803 1258 essem

376 1313 533 1388 instituti
556 1311 707 1388 ordines
724 1308 873 1415 Templi
894 1327 932 1387 et
951 1308 1173 1414 Hospitalis,
1195 1308 1396 1415 apparebat
1417 1308 1611 1387 interdum
1628 1310 1669 1386 in
1689 1311 1799 1404 mari,

374 1445 412 1517 in
432 1442 577 1548 gurgite
597 1457 725 1518 vocato
741 1441 789 1517 de
809 1439 986 1525 Setalias,
1012 1437 1206 1544 quoddam
1226 1438 1348 1544 capud
1366 1456 1452 1544 post
1470 1439 1578 1545 cujus
1597 1441 1802 1548 apparicio·

373 1601 461 1648 nem
477 1571 786 1677 periclitabantur
804 1597 914 1648 naves
934 1568 972 1646 in
990 1569 1093 1647 dicto
1108 1569 1254 1676 gurgite
1274 1570 1486 1648 existentes.
1507 1571 1548 1648 Si
1562 1571 1629 1678 qui
1649 1572 1802 1650 revelaa·

374 1721 457 1779 sent
478 1719 617 1779 secreta
644 1699 928 1806 capituliorum,
955 1700 1113 1808 graviter
1136 1699 1261 1805 puniti
1280 1698 1455 1788 fuissent,
1481 1718 1519 1778 et
1544 1700 1740 1780 dicebatur
1761 1705 1801 1780 in

375 1834 508 1910 ordine
528 1831 635 1939 quod
656 1833 798 1936 absque
818 1830 973 1906 licencia
999 1858 1077 1907 non
1107 1845 1281 1936 poterant
1302 1829 1385 1907 aliis
1407 1859 1522 1938 quam
1545 1831 1801 1910 sacerdotibus

375 1963 519 2040 ordinis
538 1962 731 2050 confiteri,
760 1962 869 2069 cujus
891 1961 1036 2036 ordinis
1052 1958 1230 2038 fratribus
1254 1961 1373 2038 credit
1396 1976 1507 2040 notos
1526 1960 1641 2038 fuisse
1657 1989 1802 2042 errores

375 2094 601 2171 consessatos
620 2120 690 2199 per
705 2121 791 2169 eum
806 2151 815 2180 ,
832 2091 871 2166 in
887 2117 1050 2197 quorum
1073 2090 1309 2168 oorreocione
1329 2088 1487 2168 suerum
1500 2088 1749 2199 negligentes,
1764 2108 1803 2168 et

233 2303 240 2310 ,
375 2225 553 2328 quianon
570 2223 894 2300 denunciaverunt
907 2220 1083 2298 Ecclesia.
1097 2221 1332 2299 Elemosinas
1346 2237 1385 2297 et
1403 2221 1696 2334 hospitalitatem
1712 2223 1803 2300 vidit

375 2355 642 2430 convenienter
660 2353 743 2429 lieri
770 2369 808 2428 et
834 2350 968 2428 servari
995 2350 1035 2426 in
1063 2349 1241 2428 domibus
1269 2350 1419 2428 ordinis.
1442 2350 1482 2426 in
1512 2351 1653 2458 quibus
1682 2353 1803 2432 extitit

375 2502 645 2575 commoratus,
660 2501 698 2561 et
714 2480 959 2560 inhibebatur
970 2480 1023 2559 eis
1042 2509 1089 2558 ne
1105 2480 1235 2558 illicite
1248 2481 1487 2589 acquirerent
1498 2482 1634 2560 ordini.
1650 2484 1803 2561 Audiuit

375 2617 447 2692 dici
473 2617 578 2723 quod
599 2644 730 2693 eorum
751 2612 926 2720 capitulis
945 2613 1042 2690 clam
1065 2612 1302 2704 tenebantur,
1328 2612 1444 2690 nullis
1468 2614 1708 2720 presentibus
1730 2615 1802 2694 nisi

375 2743 552 2821 iratribus
578 2744 731 2821 ordinis.
764 2742 946 2822 Ordinato
970 2769 1038 2848 per
1059 2743 1279 2849 Magistrum
1301 2771 1389 2820 cnm
1416 2761 1602 2820 conventu
1624 2763 1803 2822 servasset

375 2893 477 2950 totus
492 2874 605 2959 ordo,
629 2889 757 2950 contra
773 2899 888 2980 quem
904 2900 1006 2948 nunc
1021 2871 1176 2980 grandia
1191 2872 1381 2960 scaudala,
1407 2873 1570 2979 suspicio
1588 2891 1628 2951 et
1648 2874 1802 2953 infamia

375 3022 463 3081 sunt
481 3021 617 3081 exorta.
641 3005 723 3080 Non
745 3003 933 3080 obtulerat
949 3029 989 3080 se
1009 3004 1058 3080 ad
1075 3002 1349 3080 deffensionem
1365 3002 1520 3081 ordinis.

431 3134 645 3241 Requisitus
658 3134 689 3210 si
702 3136 754 3210 sic
770 3120 994 3240 deposuerat
1003 3161 1130 3240 prece,
1146 3151 1343 3240 precepto,
1359 3132 1513 3224 timore,
1530 3163 1675 3222 amore,
1693 3134 1798 3222 odio,

375 3264 432 3340 vel
447 3264 643 3370 temporali
662 3262 822 3340 comodo
843 3263 972 3340 habito
992 3263 1051 3339 vel
1067 3263 1264 3350 habendo,
1280 3264 1476 3369 respondit
1492 3263 1597 3370 quod
1616 3293 1709 3356 non,
1734 3264 1802 3343 sed

376 3397 615 3499 proteritate
637 3394 814 3482 dicenda;
848 3394 907 3472 oui
934 3393 1006 3470 luit
1030 3395 1242 3502 injunctum
1269 3393 1376 3500 quod
1401 3422 1477 3472 non
1500 3393 1683 3474 revelaret
1705 3396 1802 3472 hano

376 3553 482 3602 suam
497 3526 798 3631 deposicionem,
817 3553 1016 3631 quousque
1033 3524 1294 3602 attestaciones
1315 3522 1457 3602 iruerint
1469 3524 1671 3631 publicate.

430 3788 559 3862 Frater
589 3789 722 3863 Petrus
750 3785 911 3862 Memini
942 3784 1121 3872 serviens,
1148 3783 1467 3862 Claramontensis
1490 3784 1669 3876 diocesis,
1697 3784 1802 3862 testis

375 3942 483 4018 supra
507 3918 671 4023 juratus,
699 3913 1045 4020 quinquagenarius
1064 3912 1123 3990 vel
1138 3913 1248 4004 circa,
1271 3915 1337 4020 qui
1352 3915 1561 3993 voluntarie
1579 3913 1802 3993 mantellum

375 4046 568 4121 dimiserat
588 4061 626 4120 et
646 4044 726 4123 radi
745 4043 885 4120 fecerat
903 4041 974 4121 sibi
994 4042 1171 4135 barbam,
1196 4071 1285 4122 cum
1312 4071 1389 4149 quo
1412 4043 1637 4151 inquisitum
1659 4043 1800 4134 luerat,

374 4175 568 4252 absolutus
582 4191 620 4252 et
635 4174 897 4251 reconciliatus
908 4201 977 4280 per
991 4173 1191 4252 dominum
1206 4175 1426 4281 episcopum
1440 4174 1799 4268 Claramoutensem,

374 4305 478 4382 lectis
498 4322 536 4382 et
555 4304 756 4414 diligenter
783 4305 960 4410 expositis
978 4304 1049 4382 sibi
1076 4303 1255 4382 omnibus
1281 4320 1319 4382 et
1347 4304 1506 4411 singulis
1530 4304 1712 4394 articulis,
1742 4334 1802 4383 re-

374 4436 527 4542 spondit
536 4463 575 4512 se
586 4437 747 4526 nescire,
769 4463 839 4512 nec
855 4435 1025 4524 credere,
1048 4463 1119 4512 nee
1131 4434 1315 4513 audivisse
1333 4435 1406 4512 dici
1422 4434 1471 4512 de
1487 4436 1674 4512 contentis
1687 4435 1726 4513 in
1748 4436 1803 4512 eis

374 4565 445 4643 nisi
465 4565 570 4673 quod
590 4567 761 4672 sequitur
778 4597 787 4644 a
803 4564 978 4642 videlicet
996 4565 1103 4672 quod
1121 4566 1201 4671 ipse
1225 4581 1399 4670 receptus
1418 4564 1540 4644 fluerat
1559 4565 1661 4643 ultra
1678 4594 1799 4655 marc,

375 4701 413 4772 in
431 4697 592 4805 quadam
615 4723 761 4772 camera
780 4699 917 4775 domus
937 4696 1089 4804 Templi
1110 4697 1158 4774 de
1179 4697 1309 4776 Castro
1330 4697 1539 4806 Peregrini,
1559 4723 1628 4803 per
1645 4694 1801 4774 bamam

372 4826 639 4924 Theobaldum
660 4826 770 4904 Galdi
790 4826 950 4906 militem
967 4827 1176 4933 quondam,
1200 4841 1291 4904 tuno
1312 4844 1574 4934 preceptorem
1595 4826 1684 4904 dicti
1704 4826 1798 4915 loci,
