<?xml version="1.0" encoding="UTF-8"?>
<!DOCTYPE html PUBLIC "-//W3C//DTD XHTML 1.0 Transitional//EN"
    "http://www.w3.org/TR/xhtml1/DTD/xhtml1-transitional.dtd">
<html xmlns="http://www.w3.org/1999/xhtml" xml:lang="en" lang="en">
 <head>
  <title>
</title>
<meta http-equiv="Content-Type" content="text/html;charset=utf-8" />
  <meta name='ocr-system' content='tesseract 3.04.00' />
  <meta name='ocr-capabilities' content='ocr_page ocr_carea ocr_par ocr_line ocrx_word'/>
</head>
<body>
  <div class='ocr_page' id='page_1' title='image "./procsdestemplie03defegoog/procsdestemplie03defegoog_0523.png"; bbox 0 0 4202 5876; ppageno 0'>
   <div class='ocr_carea' id='block_1_1' title="bbox 621 507 1706 616">
    <p class='ocr_par' dir='ltr' id='par_1_1' title="bbox 621 507 1706 616">
     <span class='ocr_line' id='line_1_1' title="bbox 621 507 1706 616; baseline 0.008 -17"><span class='ocrx_word' id='word_1_1' title='bbox 621 601 628 616; x_wconf 69' lang='grc'>,</span> <span class='ocrx_word' id='word_1_2' title='bbox 669 507 864 603; x_wconf 73' lang='lat' dir='ltr'>procus</span> <span class='ocrx_word' id='word_1_3' title='bbox 891 527 987 602; x_wconf 86' lang='lat' dir='ltr'>nus</span> <span class='ocrx_word' id='word_1_4' title='bbox 1016 529 1317 605; x_wconf 74' lang='lat' dir='ltr'>ratramnus.</span> <span class='ocrx_word' id='word_1_5' title='bbox 1633 535 1706 608; x_wconf 88' lang='lat'>505</span> 
     </span>
    </p>
   </div>
   <div class='ocr_carea' id='block_1_2' title="bbox 229 667 1715 4934">
    <p class='ocr_par' dir='ltr' id='par_1_2' title="bbox 278 667 1709 2206">
     <span class='ocr_line' id='line_1_2' title="bbox 282 667 1707 778; baseline 0.006 -35"><span class='ocrx_word' id='word_1_6' title='bbox 282 693 414 745; x_wconf 88' lang='lat' dir='ltr'>eorum</span> <span class='ocrx_word' id='word_1_7' title='bbox 433 669 604 773; x_wconf 89' lang='lat' dir='ltr'>capitulis</span> <span class='ocrx_word' id='word_1_8' title='bbox 618 667 772 747; x_wconf 77' lang='lat' dir='ltr'>filerunt</span> <span class='ocrx_word' id='word_1_9' title='bbox 787 677 937 776; x_wconf 87' lang='lat' dir='ltr'>selnper</span> <span class='ocrx_word' id='word_1_10' title='bbox 953 669 1161 748; x_wconf 89' lang='lat' dir='ltr'>secundum</span> <span class='ocrx_word' id='word_1_11' title='bbox 1177 672 1247 749; x_wconf 85' lang='lat' dir='ltr'>Dei</span> <span class='ocrx_word' id='word_1_12' title='bbox 1264 669 1558 778; x_wconf 89' lang='lat' dir='ltr'>beneplacitum,</span> <span class='ocrx_word' id='word_1_13' title='bbox 1577 691 1615 750; x_wconf 88' lang='lat' dir='ltr'>et</span> <span class='ocrx_word' id='word_1_14' title='bbox 1628 701 1707 754; x_wconf 92' lang='lat' dir='ltr'>non</span> 
     </span>
     <span class='ocr_line' id='line_1_3' title="bbox 280 796 1705 904; baseline 0.006 -31"><span class='ocrx_word' id='word_1_15' title='bbox 280 796 319 873; x_wconf 92' lang='lat' dir='ltr'>in</span> <span class='ocrx_word' id='word_1_16' title='bbox 348 797 594 904; x_wconf 87' lang='lat' dir='ltr'>derogacione</span> <span class='ocrx_word' id='word_1_17' title='bbox 621 798 680 877; x_wconf 83' lang='lat' dir='ltr'>vel</span> <span class='ocrx_word' id='word_1_18' title='bbox 710 799 967 886; x_wconf 71' lang='lat' dir='ltr'>diminucione</span> <span class='ocrx_word' id='word_1_19' title='bbox 996 827 1064 878; x_wconf 90' lang='lat' dir='ltr'>seu</span> <span class='ocrx_word' id='word_1_20' title='bbox 1088 801 1353 879; x_wconf 86' lang='lat' dir='ltr'>immutacione</span> <span class='ocrx_word' id='word_1_21' title='bbox 1374 800 1463 878; x_wconf 86' lang='lat' dir='ltr'>fidei</span> <span class='ocrx_word' id='word_1_22' title='bbox 1484 801 1705 883; x_wconf 79' lang='lat' dir='ltr'><strong>orthodoxe.</strong></span> 
     </span>
     <span class='ocr_line' id='line_1_4' title="bbox 279 925 1707 1012; baseline 0.004 -7"><span class='ocrx_word' id='word_1_23' title='bbox 279 925 382 1005; x_wconf 80' lang='lat' dir='ltr'>Dixit</span> <span class='ocrx_word' id='word_1_24' title='bbox 409 928 525 1004; x_wconf 90' lang='lat' dir='ltr'>eciam</span> <span class='ocrx_word' id='word_1_25' title='bbox 552 929 684 1008; x_wconf 81' lang='lat' dir='ltr'>iratres</span> <span class='ocrx_word' id='word_1_26' title='bbox 709 929 798 1006; x_wconf 88' lang='lat' dir='ltr'>dicti</span> <span class='ocrx_word' id='word_1_27' title='bbox 826 927 971 1008; x_wconf 88' lang='lat' dir='ltr'>ordinis</span> <span class='ocrx_word' id='word_1_28' title='bbox 995 957 1035 1007; x_wconf 85' lang='lat' dir='ltr'>se</span> <span class='ocrx_word' id='word_1_29' title='bbox 1065 929 1219 1007; x_wconf 86' lang='lat' dir='ltr'>credere</span> <span class='ocrx_word' id='word_1_30' title='bbox 1242 957 1320 1008; x_wconf 91' lang='lat' dir='ltr'>non</span> <span class='ocrx_word' id='word_1_31' title='bbox 1344 929 1458 1008; x_wconf 86' lang='lat' dir='ltr'>fuisse</span> <span class='ocrx_word' id='word_1_32' title='bbox 1478 959 1548 1009; x_wconf 90' lang='lat' dir='ltr'>nec</span> <span class='ocrx_word' id='word_1_33' title='bbox 1567 961 1647 1012; x_wconf 88' lang='lat' dir='ltr'>esse</span> <span class='ocrx_word' id='word_1_34' title='bbox 1668 937 1707 1010; x_wconf 94' lang='lat' dir='ltr'>in</span> 
     </span>
     <span class='ocr_line' id='line_1_5' title="bbox 279 1037 1707 1170; baseline 0.007 -38"><span class='ocrx_word' id='word_1_35' title='bbox 279 1056 509 1168; x_wconf 82' lang='lat' dir='ltr'>negligencia</span> <span class='ocrx_word' id='word_1_36' title='bbox 540 1059 750 1168; x_wconf 88' lang='lat' dir='ltr'>corrigendi</span> <span class='ocrx_word' id='word_1_37' title='bbox 776 1059 833 1137; x_wconf 87' lang='lat' dir='ltr'>vel</span> <span class='ocrx_word' id='word_1_38' title='bbox 860 1060 1089 1165; x_wconf 90' lang='lat' dir='ltr'>corripiendi</span> <span class='ocrx_word' id='word_1_39' title='bbox 1116 1087 1262 1139; x_wconf 90' lang='lat' dir='ltr'>errores</span> <span class='ocrx_word' id='word_1_40' title='bbox 1287 1061 1335 1137; x_wconf 93' lang='lat' dir='ltr'>de</span> <span class='ocrx_word' id='word_1_41' title='bbox 1360 1061 1498 1166; x_wconf 86' lang='lat' dir='ltr'>quibus</span> <span class='ocrx_word' id='word_1_42' title='bbox 1522 1037 1645 1170; x_wconf 85' lang='lat' dir='ltr'>agitur</span> <span class='ocrx_word' id='word_1_43' title='bbox 1668 1066 1707 1142; x_wconf 91' lang='lat' dir='ltr'>in</span> 
     </span>
     <span class='ocr_line' id='line_1_6' title="bbox 278 1188 1709 1291; baseline 0.006 -27"><span class='ocrx_word' id='word_1_44' title='bbox 278 1188 508 1291; x_wconf 86' lang='lat' dir='ltr'>preambulis</span> <span class='ocrx_word' id='word_1_45' title='bbox 528 1190 709 1282; x_wconf 76' lang='lat' dir='ltr'>articulis,</span> <span class='ocrx_word' id='word_1_46' title='bbox 726 1217 797 1268; x_wconf 92' lang='lat' dir='ltr'>nec</span> <span class='ocrx_word' id='word_1_47' title='bbox 810 1217 959 1268; x_wconf 85' lang='lat' dir='ltr'>necesse</span> <span class='ocrx_word' id='word_1_48' title='bbox 976 1189 1090 1268; x_wconf 75' lang='lat' dir='ltr'>fixisse</span> <span class='ocrx_word' id='word_1_49' title='bbox 1107 1191 1226 1269; x_wconf 89' lang='lat' dir='ltr'>dictos</span> <span class='ocrx_word' id='word_1_50' title='bbox 1243 1217 1389 1268; x_wconf 90' lang='lat' dir='ltr'>errores</span> <span class='ocrx_word' id='word_1_51' title='bbox 1402 1193 1572 1268; x_wconf 90' lang='lat' dir='ltr'>nunciari</span> <span class='ocrx_word' id='word_1_52' title='bbox 1584 1193 1709 1272; x_wconf 88' lang='lat' dir='ltr'>Eccle-</span> 
     </span>
     <span class='ocr_line' id='line_1_7' title="bbox 279 1319 1708 1427; baseline 0.005 -34"><span class='ocrx_word' id='word_1_53' title='bbox 279 1320 332 1394; x_wconf 87' lang='lat' dir='ltr'>sie</span> <span class='ocrx_word' id='word_1_54' title='bbox 353 1319 440 1409; x_wconf 90' lang='lat' dir='ltr'>Dei,</span> <span class='ocrx_word' id='word_1_55' title='bbox 463 1347 507 1398; x_wconf 94' lang='lat' dir='ltr'>eo</span> <span class='ocrx_word' id='word_1_56' title='bbox 527 1320 632 1426; x_wconf 91' lang='lat' dir='ltr'>quod</span> <span class='ocrx_word' id='word_1_57' title='bbox 652 1346 727 1397; x_wconf 91' lang='lat' dir='ltr'>non</span> <span class='ocrx_word' id='word_1_58' title='bbox 741 1336 850 1427; x_wconf 83' lang='lat' dir='ltr'>putat</span> <span class='ocrx_word' id='word_1_59' title='bbox 867 1347 938 1396; x_wconf 92' lang='lat' dir='ltr'>nec</span> <span class='ocrx_word' id='word_1_60' title='bbox 958 1321 1080 1398; x_wconf 88' lang='lat' dir='ltr'>credit</span> <span class='ocrx_word' id='word_1_61' title='bbox 1098 1319 1245 1426; x_wconf 89' lang='lat' dir='ltr'>aliquos</span> <span class='ocrx_word' id='word_1_62' title='bbox 1265 1319 1397 1398; x_wconf 80' lang='lat' dir='ltr'>iratres</span> <span class='ocrx_word' id='word_1_63' title='bbox 1417 1320 1538 1400; x_wconf 87' lang='lat' dir='ltr'>dictos</span> <span class='ocrx_word' id='word_1_64' title='bbox 1562 1349 1708 1401; x_wconf 87' lang='lat' dir='ltr'>errores</span> 
     </span>
     <span class='ocr_line' id='line_1_8' title="bbox 279 1449 1707 1556; baseline 0.004 -31"><span class='ocrx_word' id='word_1_65' title='bbox 279 1475 350 1526; x_wconf 90' lang='lat' dir='ltr'>nec</span> <span class='ocrx_word' id='word_1_66' title='bbox 372 1449 484 1556; x_wconf 84' lang='lat' dir='ltr'>ydola</span> <span class='ocrx_word' id='word_1_67' title='bbox 509 1477 578 1527; x_wconf 88' lang='lat' dir='ltr'>nec</span> <span class='ocrx_word' id='word_1_68' title='bbox 598 1449 717 1556; x_wconf 91' lang='lat' dir='ltr'>capita</span> <span class='ocrx_word' id='word_1_69' title='bbox 737 1477 904 1556; x_wconf 81' lang='lat' dir='ltr'>uuquam</span> <span class='ocrx_word' id='word_1_70' title='bbox 928 1449 1073 1528; x_wconf 85' lang='lat' dir='ltr'>scivisse</span> <span class='ocrx_word' id='word_1_71' title='bbox 1093 1450 1153 1526; x_wconf 90' lang='lat' dir='ltr'>vel</span> <span class='ocrx_word' id='word_1_72' title='bbox 1169 1450 1320 1539; x_wconf 87' lang='lat' dir='ltr'>vidisse,</span> <span class='ocrx_word' id='word_1_73' title='bbox 1352 1477 1423 1527; x_wconf 90' lang='lat' dir='ltr'>nec</span> <span class='ocrx_word' id='word_1_74' title='bbox 1447 1479 1527 1530; x_wconf 78' lang='lat' dir='ltr'>esse</span> <span class='ocrx_word' id='word_1_75' title='bbox 1546 1452 1586 1529; x_wconf 93' lang='lat' dir='ltr'>in</span> <span class='ocrx_word' id='word_1_76' title='bbox 1606 1453 1707 1531; x_wconf 91' lang='lat' dir='ltr'>dicto</span> 
     </span>
     <span class='ocr_line' id='line_1_9' title="bbox 280 1578 1706 1688; baseline 0.004 -33"><span class='ocrx_word' id='word_1_77' title='bbox 280 1579 411 1658; x_wconf 89' lang='lat' dir='ltr'>ordine</span> <span class='ocrx_word' id='word_1_78' title='bbox 431 1609 500 1658; x_wconf 89' lang='lat' dir='ltr'>nec</span> <span class='ocrx_word' id='word_1_79' title='bbox 528 1581 568 1658; x_wconf 93' lang='lat' dir='ltr'>in</span> <span class='ocrx_word' id='word_1_80' title='bbox 590 1579 714 1687; x_wconf 84' lang='lat' dir='ltr'>aliqua</span> <span class='ocrx_word' id='word_1_81' title='bbox 733 1597 837 1687; x_wconf 86' lang='lat' dir='ltr'>parte</span> <span class='ocrx_word' id='word_1_82' title='bbox 865 1580 946 1688; x_wconf 85' lang='lat' dir='ltr'>ejus</span> <span class='ocrx_word' id='word_1_83' title='bbox 970 1580 1126 1687; x_wconf 89' lang='lat' dir='ltr'><strong>ydolum</strong></span> <span class='ocrx_word' id='word_1_84' title='bbox 1149 1579 1213 1676; x_wconf 76' lang='lat' dir='ltr'>vel¹</span> <span class='ocrx_word' id='word_1_85' title='bbox 1227 1578 1339 1686; x_wconf 86' lang='lat' dir='ltr'>ydola</span> <span class='ocrx_word' id='word_1_86' title='bbox 1362 1581 1557 1670; x_wconf 88' lang='lat' dir='ltr'>custodiri,</span> <span class='ocrx_word' id='word_1_87' title='bbox 1578 1609 1648 1660; x_wconf 90' lang='lat' dir='ltr'>nec</span> <span class='ocrx_word' id='word_1_88' title='bbox 1667 1584 1706 1660; x_wconf 91' lang='lat' dir='ltr'>in</span> 
     </span>
     <span class='ocr_line' id='line_1_10' title="bbox 279 1709 1707 1817; baseline 0.005 -33"><span class='ocrx_word' id='word_1_89' title='bbox 279 1713 520 1790; x_wconf 84' lang='lat' dir='ltr'>veneracione</span> <span class='ocrx_word' id='word_1_90' title='bbox 540 1711 619 1790; x_wconf 86' lang='lat' dir='ltr'>ulla</span> <span class='ocrx_word' id='word_1_91' title='bbox 640 1712 788 1804; x_wconf 81' lang='lat' dir='ltr'>haberi,</span> <span class='ocrx_word' id='word_1_92' title='bbox 815 1737 885 1817; x_wconf 90' lang='lat' dir='ltr'>pro</span> <span class='ocrx_word' id='word_1_93' title='bbox 916 1737 961 1788; x_wconf 93' lang='lat' dir='ltr'>eo</span> <span class='ocrx_word' id='word_1_94' title='bbox 986 1711 1074 1816; x_wconf 90' lang='lat' dir='ltr'>quia</span> <span class='ocrx_word' id='word_1_95' title='bbox 1101 1736 1287 1817; x_wconf 89' lang='lat' dir='ltr'>nusquam</span> <span class='ocrx_word' id='word_1_96' title='bbox 1314 1710 1363 1787; x_wconf 92' lang='lat' dir='ltr'>de</span> <span class='ocrx_word' id='word_1_97' title='bbox 1388 1709 1499 1788; x_wconf 89' lang='lat' dir='ltr'>dictis</span> <span class='ocrx_word' id='word_1_98' title='bbox 1518 1713 1707 1790; x_wconf 88' lang='lat' dir='ltr'>erroribus</span> 
     </span>
     <span class='ocr_line' id='line_1_11' title="bbox 279 1839 1705 1950; baseline 0.003 -34"><span class='ocrx_word' id='word_1_99' title='bbox 279 1841 338 1920; x_wconf 87' lang='lat' dir='ltr'>vel</span> <span class='ocrx_word' id='word_1_100' title='bbox 351 1840 473 1950; x_wconf 78' lang='lat' dir='ltr'>ydolis</span> <span class='ocrx_word' id='word_1_101' title='bbox 489 1843 528 1920; x_wconf 93' lang='lat' dir='ltr'>in</span> <span class='ocrx_word' id='word_1_102' title='bbox 543 1843 624 1948; x_wconf 88' lang='lat' dir='ltr'>ipso</span> <span class='ocrx_word' id='word_1_103' title='bbox 641 1841 774 1920; x_wconf 86' lang='lat' dir='ltr'>ordine</span> <span class='ocrx_word' id='word_1_104' title='bbox 789 1842 931 1918; x_wconf 88' lang='lat' dir='ltr'>mentio</span> <span class='ocrx_word' id='word_1_105' title='bbox 951 1839 1151 1926; x_wconf 71' lang='lat' dir='ltr'>imminit,</span> <span class='ocrx_word' id='word_1_106' title='bbox 1173 1857 1286 1947; x_wconf 90' lang='lat' dir='ltr'>prout</span> <span class='ocrx_word' id='word_1_107' title='bbox 1304 1841 1384 1946; x_wconf 87' lang='lat' dir='ltr'>ipse</span> <span class='ocrx_word' id='word_1_108' title='bbox 1405 1840 1539 1930; x_wconf 88' lang='lat' dir='ltr'>eredit,</span> <span class='ocrx_word' id='word_1_109' title='bbox 1562 1859 1599 1919; x_wconf 89' lang='lat' dir='ltr'>et</span> <span class='ocrx_word' id='word_1_110' title='bbox 1619 1842 1705 1932; x_wconf 84' lang='lat' dir='ltr'>ideo</span> 
     </span>
     <span class='ocr_line' id='line_1_12' title="bbox 280 1965 1705 2079; baseline 0.003 -33"><span class='ocrx_word' id='word_1_111' title='bbox 280 1998 350 2048; x_wconf 91' lang='lat' dir='ltr'>nec</span> <span class='ocrx_word' id='word_1_112' title='bbox 370 1972 503 2078; x_wconf 84' lang='lat' dir='ltr'>corrigi</span> <span class='ocrx_word' id='word_1_113' title='bbox 524 1999 594 2048; x_wconf 88' lang='lat' dir='ltr'>nec</span> <span class='ocrx_word' id='word_1_114' title='bbox 609 1971 778 2048; x_wconf 87' lang='lat' dir='ltr'>nunciari</span> <span class='ocrx_word' id='word_1_115' title='bbox 797 1971 962 2048; x_wconf 83' lang='lat' dir='ltr'>Ecclesia</span> <span class='ocrx_word' id='word_1_116' title='bbox 980 1987 1187 2076; x_wconf 89' lang='lat' dir='ltr'>potuerunt</span> <span class='ocrx_word' id='word_1_117' title='bbox 1207 1999 1282 2078; x_wconf 83' lang='lat' dir='ltr'>que</span> <span class='ocrx_word' id='word_1_118' title='bbox 1306 1997 1500 2077; x_wconf 89' lang='lat' dir='ltr'>nunquam</span> <span class='ocrx_word' id='word_1_119' title='bbox 1517 1965 1705 2079; x_wconf 47' lang='lat' dir='ltr'>&#39;originem</span> 
     </span>
     <span class='ocr_line' id='line_1_13' title="bbox 279 2100 1275 2206; baseline 0.004 -32"><span class='ocrx_word' id='word_1_120' title='bbox 279 2100 337 2178; x_wconf 87' lang='lat' dir='ltr'>vel</span> <span class='ocrx_word' id='word_1_121' title='bbox 356 2101 511 2178; x_wconf 88' lang='lat' dir='ltr'>inicium</span> <span class='ocrx_word' id='word_1_122' title='bbox 531 2102 671 2206; x_wconf 89' lang='lat' dir='ltr'>inipso</span> <span class='ocrx_word' id='word_1_123' title='bbox 691 2102 824 2180; x_wconf 89' lang='lat' dir='ltr'>ordine</span> <span class='ocrx_word' id='word_1_124' title='bbox 844 2101 1076 2196; x_wconf 84' lang='lat' dir='ltr'>habuerunt,-</span> <span class='ocrx_word' id='word_1_125' title='bbox 1089 2119 1129 2178; x_wconf 89' lang='lat' dir='ltr'>ut</span> <span class='ocrx_word' id='word_1_126' title='bbox 1143 2101 1275 2178; x_wconf 86' lang='lat' dir='ltr'>credit.</span> 
     </span>
    </p>

    <p class='ocr_par' dir='ltr' id='par_1_3' title="bbox 279 2229 1705 2859">
     <span class='ocr_line' id='line_1_14' title="bbox 337 2229 1705 2340; baseline 0.001 -32"><span class='ocrx_word' id='word_1_127' title='bbox 337 2231 395 2308; x_wconf 84' lang='lat' dir='ltr'>Ad</span> <span class='ocrx_word' id='word_1_128' title='bbox 413 2231 552 2324; x_wconf 84' lang='lat' dir='ltr'>lxxxnr,</span> <span class='ocrx_word' id='word_1_129' title='bbox 570 2232 713 2310; x_wconf 89' lang='lat' dir='ltr'>lxxxmr</span> <span class='ocrx_word' id='word_1_130' title='bbox 723 2249 761 2308; x_wconf 89' lang='lat' dir='ltr'>et</span> <span class='ocrx_word' id='word_1_131' title='bbox 769 2231 876 2310; x_wconf 83' lang='lat' dir='ltr'>lxxxv</span> <span class='ocrx_word' id='word_1_132' title='bbox 891 2230 1064 2312; x_wconf 82' lang='lat' dir='ltr'>articulos</span> <span class='ocrx_word' id='word_1_133' title='bbox 1080 2230 1275 2321; x_wconf 83' lang='lat' dir='ltr'>inclusive,</span> <span class='ocrx_word' id='word_1_134' title='bbox 1293 2229 1496 2339; x_wconf 85' lang='lat' dir='ltr'>diligenter</span> <span class='ocrx_word' id='word_1_135' title='bbox 1511 2249 1548 2308; x_wconf 90' lang='lat' dir='ltr'>et</span> <span class='ocrx_word' id='word_1_136' title='bbox 1567 2233 1705 2340; x_wconf 87' lang='lat' dir='ltr'>sigilla-</span> 
     </span>
     <span class='ocr_line' id='line_1_15' title="bbox 279 2361 1705 2506; baseline 0.002 -69"><span class='ocrx_word' id='word_1_137' title='bbox 279 2361 349 2438; x_wconf 86' lang='lat' dir='ltr'>tim</span> <span class='ocrx_word' id='word_1_138' title='bbox 369 2363 633 2506; x_wconf 84' lang='lat' dir='ltr'>interrogatus,</span> <span class='ocrx_word' id='word_1_139' title='bbox 655 2363 885 2469; x_wconf 87' lang='lat' dir='ltr'>respondens</span> <span class='ocrx_word' id='word_1_140' title='bbox 895 2363 990 2445; x_wconf 90' lang='lat' dir='ltr'>dixit</span> <span class='ocrx_word' id='word_1_141' title='bbox 1009 2361 1113 2470; x_wconf 91' lang='lat' dir='ltr'>quod</span> <span class='ocrx_word' id='word_1_142' title='bbox 1132 2361 1265 2440; x_wconf 86' lang='lat' dir='ltr'>fratres</span> <span class='ocrx_word' id='word_1_143' title='bbox 1284 2363 1350 2468; x_wconf 94' lang='lat' dir='ltr'>qui</span> <span class='ocrx_word' id='word_1_144' title='bbox 1364 2361 1522 2442; x_wconf 84' lang='lat' dir='ltr'>confessi</span> <span class='ocrx_word' id='word_1_145' title='bbox 1543 2379 1631 2441; x_wconf 89' lang='lat' dir='ltr'>sunt</span> <span class='ocrx_word' id='word_1_146' title='bbox 1642 2362 1705 2440; x_wconf 88' lang='lat' dir='ltr'>illa</span> 
     </span>
     <span class='ocr_line' id='line_1_16' title="bbox 280 2487 1706 2597; baseline 0.004 -31"><span class='ocrx_word' id='word_1_147' title='bbox 280 2493 407 2597; x_wconf 92' lang='lat' dir='ltr'>quein</span> <span class='ocrx_word' id='word_1_148' title='bbox 422 2491 588 2570; x_wconf 83' lang='lat' dir='ltr'>articulis</span> <span class='ocrx_word' id='word_1_149' title='bbox 603 2492 853 2582; x_wconf 82' lang='lat' dir='ltr'>continentur,</span> <span class='ocrx_word' id='word_1_150' title='bbox 869 2491 1026 2570; x_wconf 87' lang='lat' dir='ltr'>confessi</span> <span class='ocrx_word' id='word_1_151' title='bbox 1040 2491 1225 2570; x_wconf 83' lang='lat' dir='ltr'>suntlalsa</span> <span class='ocrx_word' id='word_1_152' title='bbox 1242 2508 1280 2568; x_wconf 91' lang='lat' dir='ltr'>et</span> <span class='ocrx_word' id='word_1_153' title='bbox 1293 2487 1440 2570; x_wconf 84' lang='lat' dir='ltr'>mentiti</span> <span class='ocrx_word' id='word_1_154' title='bbox 1453 2509 1554 2582; x_wconf 88' lang='lat' dir='ltr'>sunt,</span> <span class='ocrx_word' id='word_1_155' title='bbox 1569 2510 1613 2570; x_wconf 92' lang='lat' dir='ltr'>ut</span> <span class='ocrx_word' id='word_1_156' title='bbox 1627 2522 1706 2572; x_wconf 86' lang='lat' dir='ltr'>cre·</span> 
     </span>
     <span class='ocr_line' id='line_1_17' title="bbox 280 2620 1704 2729; baseline 0.003 -33"><span class='ocrx_word' id='word_1_157' title='bbox 280 2621 352 2709; x_wconf 89' lang='lat' dir='ltr'>dit,</span> <span class='ocrx_word' id='word_1_158' title='bbox 370 2620 557 2729; x_wconf 89' lang='lat' dir='ltr'>pergulas</span> <span class='ocrx_word' id='word_1_159' title='bbox 577 2649 676 2712; x_wconf 90' lang='lat' dir='ltr'>suas,</span> <span class='ocrx_word' id='word_1_160' title='bbox 698 2623 793 2700; x_wconf 89' lang='lat' dir='ltr'>salva</span> <span class='ocrx_word' id='word_1_161' title='bbox 807 2622 1023 2700; x_wconf 80' lang='lat' dir='ltr'>excellentia</span> <span class='ocrx_word' id='word_1_162' title='bbox 1044 2639 1082 2699; x_wconf 84' lang='lat' dir='ltr'>et</span> <span class='ocrx_word' id='word_1_163' title='bbox 1097 2621 1287 2698; x_wconf 86' lang='lat' dir='ltr'>sanctitate</span> <span class='ocrx_word' id='word_1_164' title='bbox 1306 2621 1452 2700; x_wconf 91' lang='lat' dir='ltr'>domini</span> <span class='ocrx_word' id='word_1_165' title='bbox 1472 2623 1590 2700; x_wconf 92' lang='lat' dir='ltr'>nostri</span> <span class='ocrx_word' id='word_1_166' title='bbox 1611 2651 1704 2728; x_wconf 88' lang='lat' dir='ltr'>pape</span> 
     </span>
     <span class='ocr_line' id='line_1_18' title="bbox 280 2749 1348 2859; baseline 0.001 -32"><span class='ocrx_word' id='word_1_167' title='bbox 280 2766 318 2827; x_wconf 90' lang='lat' dir='ltr'>et</span> <span class='ocrx_word' id='word_1_168' title='bbox 332 2750 413 2857; x_wconf 86' lang='lat' dir='ltr'>ejus</span> <span class='ocrx_word' id='word_1_169' title='bbox 432 2751 644 2832; x_wconf 85' lang='lat' dir='ltr'>beatissime</span> <span class='ocrx_word' id='word_1_170' title='bbox 665 2752 775 2832; x_wconf 87' lang='lat' dir='ltr'>Sedis</span> <span class='ocrx_word' id='word_1_171' title='bbox 794 2781 836 2830; x_wconf 90' lang='lat' dir='ltr'>ac</span> <span class='ocrx_word' id='word_1_172' title='bbox 854 2749 1059 2831; x_wconf 86' lang='lat' dir='ltr'>reverentia</span> <span class='ocrx_word' id='word_1_173' title='bbox 1078 2749 1288 2829; x_wconf 80' lang='lat' dir='ltr'>fratrum</span> <span class='ocrx_word' id='word_1_174' title='bbox 1256 2779 1348 2859; x_wconf 67' lang='lat' dir='ltr'>ejus.</span> 
     </span>
    </p>

    <p class='ocr_par' dir='ltr' id='par_1_4' title="bbox 229 2879 1715 4024">
     <span class='ocr_line' id='line_1_19' title="bbox 336 2879 1704 2990; baseline 0.003 -35"><span class='ocrx_word' id='word_1_175' title='bbox 336 2879 394 2956; x_wconf 86' lang='lat' dir='ltr'>Ad</span> <span class='ocrx_word' id='word_1_176' title='bbox 404 2880 523 2962; x_wconf 82' lang='lat' dir='ltr'>lxxxvr</span> <span class='ocrx_word' id='word_1_177' title='bbox 537 2881 737 2960; x_wconf 88' lang='lat' dir='ltr'>articulum</span> <span class='ocrx_word' id='word_1_178' title='bbox 759 2882 982 2990; x_wconf 89' lang='lat' dir='ltr'>diligenter</span> <span class='ocrx_word' id='word_1_179' title='bbox 973 2899 1235 2989; x_wconf 82' lang='lat' dir='ltr'>interrogatus,</span> <span class='ocrx_word' id='word_1_180' title='bbox 1253 2881 1587 2987; x_wconf 88' lang='lat' dir='ltr'>respondensdixit</span> <span class='ocrx_word' id='word_1_181' title='bbox 1600 2881 1704 2987; x_wconf 92' lang='lat' dir='ltr'>quod</span> 
     </span>
     <span class='ocr_line' id='line_1_20' title="bbox 279 3009 1706 3118; baseline 0.003 -34"><span class='ocrx_word' id='word_1_182' title='bbox 279 3009 393 3086; x_wconf 90' lang='lat' dir='ltr'>lrater</span> <span class='ocrx_word' id='word_1_183' title='bbox 412 3011 457 3090; x_wconf 92' lang='lat' dir='ltr'>G.</span> <span class='ocrx_word' id='word_1_184' title='bbox 476 3011 524 3088; x_wconf 89' lang='lat' dir='ltr'>de</span> <span class='ocrx_word' id='word_1_185' title='bbox 544 3009 697 3089; x_wconf 87' lang='lat' dir='ltr'>Abelars</span> <span class='ocrx_word' id='word_1_186' title='bbox 721 3030 813 3090; x_wconf 87' lang='lat' dir='ltr'>tnnc</span> <span class='ocrx_word' id='word_1_187' title='bbox 836 3030 1033 3118; x_wconf 85' lang='lat' dir='ltr'>preceptor</span> <span class='ocrx_word' id='word_1_188' title='bbox 1057 3012 1155 3088; x_wconf 87' lang='lat' dir='ltr'>dicte</span> <span class='ocrx_word' id='word_1_189' title='bbox 1181 3011 1317 3089; x_wconf 86' lang='lat' dir='ltr'>domus</span> <span class='ocrx_word' id='word_1_190' title='bbox 1336 3011 1454 3090; x_wconf 75' lang='lat' dir='ltr'>transi</span> <span class='ocrx_word' id='word_1_191' title='bbox 1476 3011 1546 3088; x_wconf 90' lang='lat' dir='ltr'>Dei</span> <span class='ocrx_word' id='word_1_192' title='bbox 1566 3010 1706 3117; x_wconf 87' lang='lat' dir='ltr'>recepit</span> 
     </span>
     <span class='ocr_line' id='line_1_21' title="bbox 279 3134 1715 3249; baseline 0.001 -35"><span class='ocrx_word' id='word_1_193' title='bbox 279 3140 404 3246; x_wconf 87' lang='lat' dir='ltr'>ipsum</span> <span class='ocrx_word' id='word_1_194' title='bbox 414 3139 564 3218; x_wconf 85' lang='lat' dir='ltr'>fratrem</span> <span class='ocrx_word' id='word_1_195' title='bbox 582 3141 647 3246; x_wconf 90' lang='lat' dir='ltr'>qui</span> <span class='ocrx_word' id='word_1_196' title='bbox 663 3140 833 3249; x_wconf 91' lang='lat' dir='ltr'>loquitur</span> <span class='ocrx_word' id='word_1_197' title='bbox 846 3142 886 3218; x_wconf 91' lang='lat' dir='ltr'>in</span> <span class='ocrx_word' id='word_1_198' title='bbox 899 3141 1051 3220; x_wconf 79' lang='lat' dir='ltr'>frauem</span> <span class='ocrx_word' id='word_1_199' title='bbox 1063 3140 1151 3218; x_wconf 88' lang='lat' dir='ltr'>dicti</span> <span class='ocrx_word' id='word_1_200' title='bbox 1168 3139 1325 3230; x_wconf 88' lang='lat' dir='ltr'>ordinis,</span> <span class='ocrx_word' id='word_1_201' title='bbox 1346 3141 1385 3217; x_wconf 93' lang='lat' dir='ltr'>in</span> <span class='ocrx_word' id='word_1_202' title='bbox 1398 3139 1524 3219; x_wconf 91' lang='lat' dir='ltr'>medio</span> <span class='ocrx_word' id='word_1_203' title='bbox 1535 3134 1715 3218; x_wconf 84' lang='lat' dir='ltr'>instantis</span> 
     </span>
     <span class='ocr_line' id='line_1_22' title="bbox 280 3265 1707 3376; baseline 0.001 -32"><span class='ocrx_word' id='word_1_204' title='bbox 280 3270 420 3347; x_wconf 85' lang='lat' dir='ltr'>mensis</span> <span class='ocrx_word' id='word_1_205' title='bbox 431 3269 558 3347; x_wconf 87' lang='lat' dir='ltr'>marcii</span> <span class='ocrx_word' id='word_1_206' title='bbox 579 3288 688 3348; x_wconf 87' lang='lat' dir='ltr'>erunt</span> <span class='ocrx_word' id='word_1_207' title='bbox 707 3297 743 3348; x_wconf 88' lang='lat' dir='ltr'>x1</span> <span class='ocrx_word' id='word_1_208' title='bbox 763 3271 849 3348; x_wconf 89' lang='lat' dir='ltr'>anni</span> <span class='ocrx_word' id='word_1_209' title='bbox 870 3269 999 3376; x_wconf 81' lang='lat' dir='ltr'>elapsi,</span> <span class='ocrx_word' id='word_1_210' title='bbox 1016 3271 1056 3346; x_wconf 95' lang='lat' dir='ltr'>in</span> <span class='ocrx_word' id='word_1_211' title='bbox 1074 3268 1211 3375; x_wconf 89' lang='lat' dir='ltr'>capella</span> <span class='ocrx_word' id='word_1_212' title='bbox 1229 3269 1365 3346; x_wconf 91' lang='lat' dir='ltr'>domus</span> <span class='ocrx_word' id='word_1_213' title='bbox 1381 3267 1497 3346; x_wconf 89' lang='lat' dir='ltr'>Mansi</span> <span class='ocrx_word' id='word_1_214' title='bbox 1512 3269 1599 3358; x_wconf 90' lang='lat' dir='ltr'>Dei,</span> <span class='ocrx_word' id='word_1_215' title='bbox 1621 3265 1707 3375; x_wconf 65' lang='lat' dir='ltr'>press</span> 
     </span>
     <span class='ocr_line' id='line_1_23' title="bbox 280 3396 1701 3486; baseline 0.001 -12"><span class='ocrx_word' id='word_1_216' title='bbox 280 3397 447 3475; x_wconf 88' lang='lat' dir='ltr'>sentibus</span> <span class='ocrx_word' id='word_1_217' title='bbox 468 3417 503 3476; x_wconf 91' lang='lat' dir='ltr'>et</span> <span class='ocrx_word' id='word_1_218' title='bbox 525 3398 669 3476; x_wconf 87' lang='lat' dir='ltr'>ibidem</span> <span class='ocrx_word' id='word_1_219' title='bbox 689 3399 894 3478; x_wconf 87' lang='lat' dir='ltr'>astantibus</span> <span class='ocrx_word' id='word_1_220' title='bbox 912 3399 1081 3476; x_wconf 81' lang='lat' dir='ltr'>Arnoldo</span> <span class='ocrx_word' id='word_1_221' title='bbox 1101 3397 1336 3485; x_wconf 82' lang='lat' dir='ltr'>Cambrerio,</span> <span class='ocrx_word' id='word_1_222' title='bbox 1358 3399 1399 3474; x_wconf 90' lang='grc' dir='ltr'>Ρ.</span> <span class='ocrx_word' id='word_1_223' title='bbox 1418 3396 1465 3474; x_wconf 88' lang='lat' dir='ltr'>de</span> <span class='ocrx_word' id='word_1_224' title='bbox 1484 3397 1701 3486; x_wconf 86' lang='lat' dir='ltr'>Castilione,</span> 
     </span>
     <span class='ocr_line' id='line_1_24' title="bbox 278 3527 1705 3636; baseline 0 -30"><span class='ocrx_word' id='word_1_225' title='bbox 278 3528 499 3636; x_wconf 87' lang='lat' dir='ltr'>Raymundo</span> <span class='ocrx_word' id='word_1_226' title='bbox 515 3530 667 3635; x_wconf 86' lang='lat' dir='ltr'>Sequeti</span> <span class='ocrx_word' id='word_1_227' title='bbox 684 3529 942 3608; x_wconf 80' lang='lat' dir='ltr'>ethillelmo</span> <span class='ocrx_word' id='word_1_228' title='bbox 956 3527 1177 3618; x_wconf 88' lang='lat' dir='ltr'>Marturelli,</span> <span class='ocrx_word' id='word_1_229' title='bbox 1193 3544 1231 3604; x_wconf 91' lang='lat' dir='ltr'>et</span> <span class='ocrx_word' id='word_1_230' title='bbox 1242 3527 1417 3633; x_wconf 89' lang='lat' dir='ltr'>pluribus</span> <span class='ocrx_word' id='word_1_231' title='bbox 1431 3527 1512 3606; x_wconf 86' lang='lat' dir='ltr'>aliis</span> <span class='ocrx_word' id='word_1_232' title='bbox 1527 3527 1705 3606; x_wconf 85' lang='lat' dir='ltr'>fratribus</span> 
     </span>
     <span class='ocr_line' id='line_1_25' title="bbox 229 3651 1704 3764; baseline 0.001 -31"><span class='ocrx_word' id='word_1_233' title='bbox 229 3727 232 3733; x_wconf 91' lang='lat'>.</span> <span class='ocrx_word' id='word_1_234' title='bbox 280 3658 370 3736; x_wconf 92' lang='lat' dir='ltr'>dicti</span> <span class='ocrx_word' id='word_1_235' title='bbox 391 3657 543 3736; x_wconf 88' lang='lat' dir='ltr'>ordinis.</span> <span class='ocrx_word' id='word_1_236' title='bbox 561 3659 618 3736; x_wconf 91' lang='lat' dir='ltr'>De</span> <span class='ocrx_word' id='word_1_237' title='bbox 638 3651 755 3737; x_wconf 89' lang='lat' dir='ltr'>modo</span> <span class='ocrx_word' id='word_1_238' title='bbox 775 3677 901 3738; x_wconf 80' lang='lat' dir='ltr'>autem</span> <span class='ocrx_word' id='word_1_239' title='bbox 915 3689 982 3738; x_wconf 77' lang='lat' dir='ltr'>sue</span> <span class='ocrx_word' id='word_1_240' title='bbox 1002 3658 1247 3764; x_wconf 89' lang='lat' dir='ltr'>reccpcionis‚</span> <span class='ocrx_word' id='word_1_241' title='bbox 1265 3657 1359 3734; x_wconf 81' lang='lat' dir='ltr'>dixit</span> <span class='ocrx_word' id='word_1_242' title='bbox 1387 3656 1488 3734; x_wconf 88' lang='lat' dir='ltr'>idem</span> <span class='ocrx_word' id='word_1_243' title='bbox 1507 3657 1547 3734; x_wconf 92' lang='lat' dir='ltr'>in</span> <span class='ocrx_word' id='word_1_244' title='bbox 1568 3655 1704 3734; x_wconf 84' lang='lat' dir='ltr'>effectu</span> 
     </span>
     <span class='ocr_line' id='line_1_26' title="bbox 279 3785 1701 3892; baseline 0.001 -29"><span class='ocrx_word' id='word_1_245' title='bbox 279 3787 376 3864; x_wconf 92' lang='lat' dir='ltr'>sicut</span> <span class='ocrx_word' id='word_1_246' title='bbox 391 3785 505 3864; x_wconf 86' lang='lat' dir='ltr'>frater</span> <span class='ocrx_word' id='word_1_247' title='bbox 517 3786 803 3866; x_wconf 89' lang='lat' dir='ltr'>Bartholomeus</span> <span class='ocrx_word' id='word_1_248' title='bbox 823 3787 870 3864; x_wconf 89' lang='lat' dir='ltr'>de</span> <span class='ocrx_word' id='word_1_249' title='bbox 885 3787 1015 3877; x_wconf 88' lang='lat' dir='ltr'>Turri,</span> <span class='ocrx_word' id='word_1_250' title='bbox 1036 3787 1140 3864; x_wconf 89' lang='lat' dir='ltr'>testis</span> <span class='ocrx_word' id='word_1_251' title='bbox 1156 3787 1315 3892; x_wconf 88' lang='lat' dir='ltr'>primns,</span> <span class='ocrx_word' id='word_1_252' title='bbox 1336 3786 1474 3863; x_wconf 92' lang='lat' dir='ltr'>dixitin</span> <span class='ocrx_word' id='word_1_253' title='bbox 1483 3786 1701 3866; x_wconf 88' lang='lat' dir='ltr'>hoceodem</span> 
     </span>
     <span class='ocr_line' id='line_1_27' title="bbox 280 3917 1458 4024; baseline 0.002 -32"><span class='ocrx_word' id='word_1_254' title='bbox 280 3917 456 4005; x_wconf 90' lang='lat' dir='ltr'>articulo,</span> <span class='ocrx_word' id='word_1_255' title='bbox 475 3932 513 3994; x_wconf 85' lang='lat' dir='ltr'>et</span> <span class='ocrx_word' id='word_1_256' title='bbox 524 3935 637 4023; x_wconf 89' lang='lat' dir='ltr'>prout</span> <span class='ocrx_word' id='word_1_257' title='bbox 657 3918 697 3995; x_wconf 94' lang='lat' dir='ltr'>in</span> <span class='ocrx_word' id='word_1_258' title='bbox 717 3919 861 3995; x_wconf 87' lang='lat' dir='ltr'>statutis</span> <span class='ocrx_word' id='word_1_259' title='bbox 881 3917 1053 4024; x_wconf 88' lang='lat' dir='ltr'>ejusdem</span> <span class='ocrx_word' id='word_1_260' title='bbox 1072 3917 1216 3994; x_wconf 91' lang='lat' dir='ltr'>ordinis</span> <span class='ocrx_word' id='word_1_261' title='bbox 1233 3917 1458 4008; x_wconf 79' lang='lat' dir='ltr'>continetur.</span> 
     </span>
    </p>

    <p class='ocr_par' dir='ltr' id='par_1_5' title="bbox 276 4045 1706 4934">
     <span class='ocr_line' id='line_1_28' title="bbox 334 4045 1702 4156; baseline 0 -33"><span class='ocrx_word' id='word_1_262' title='bbox 334 4045 394 4123; x_wconf 83' lang='lat' dir='ltr'>Ad</span> <span class='ocrx_word' id='word_1_263' title='bbox 408 4047 541 4126; x_wconf 86' lang='lat' dir='ltr'>lxxxvn</span> <span class='ocrx_word' id='word_1_264' title='bbox 562 4048 766 4127; x_wconf 82' lang='lat' dir='ltr'>et-lxxxvnr</span> <span class='ocrx_word' id='word_1_265' title='bbox 789 4065 828 4126; x_wconf 90' lang='lat' dir='ltr'>et</span> <span class='ocrx_word' id='word_1_266' title='bbox 848 4048 1023 4126; x_wconf 90' lang='lat' dir='ltr'>ultimum</span> <span class='ocrx_word' id='word_1_267' title='bbox 1037 4047 1213 4126; x_wconf 89' lang='lat' dir='ltr'>articulos</span> <span class='ocrx_word' id='word_1_268' title='bbox 1227 4046 1421 4135; x_wconf 87' lang='lat' dir='ltr'>inclusive,</span> <span class='ocrx_word' id='word_1_269' title='bbox 1444 4046 1645 4156; x_wconf 87' lang='lat' dir='ltr'>diligenter</span> <span class='ocrx_word' id='word_1_270' title='bbox 1665 4065 1702 4124; x_wconf 86' lang='lat' dir='ltr'>et</span> 
     </span>
     <span class='ocr_line' id='line_1_29' title="bbox 277 4176 1706 4287; baseline -0.001 -32"><span class='ocrx_word' id='word_1_271' title='bbox 277 4176 466 4287; x_wconf 86' lang='lat' dir='ltr'>sigillatim</span> <span class='ocrx_word' id='word_1_272' title='bbox 478 4180 741 4286; x_wconf 85' lang='lat' dir='ltr'>interrogatus,</span> <span class='ocrx_word' id='word_1_273' title='bbox 763 4181 996 4287; x_wconf 89' lang='lat' dir='ltr'>respondens</span> <span class='ocrx_word' id='word_1_274' title='bbox 1011 4179 1104 4256; x_wconf 88' lang='lat' dir='ltr'>dixit</span> <span class='ocrx_word' id='word_1_275' title='bbox 1115 4207 1155 4257; x_wconf 92' lang='lat' dir='ltr'>se</span> <span class='ocrx_word' id='word_1_276' title='bbox 1175 4207 1245 4256; x_wconf 90' lang='lat' dir='ltr'>nec</span> <span class='ocrx_word' id='word_1_277' title='bbox 1260 4179 1352 4256; x_wconf 83' lang='lat' dir='ltr'>scire</span> <span class='ocrx_word' id='word_1_278' title='bbox 1366 4205 1437 4255; x_wconf 86' lang='lat' dir='ltr'>nec</span> <span class='ocrx_word' id='word_1_279' title='bbox 1454 4177 1606 4256; x_wconf 86' lang='lat' dir='ltr'>credere</span> <span class='ocrx_word' id='word_1_280' title='bbox 1618 4205 1706 4284; x_wconf 89' lang='lat' dir='ltr'>pre·</span> 
     </span>
     <span class='ocr_line' id='line_1_30' title="bbox 277 4307 1702 4416; baseline 0 -32"><span class='ocrx_word' id='word_1_281' title='bbox 277 4307 396 4386; x_wconf 89' lang='lat' dir='ltr'>dictos</span> <span class='ocrx_word' id='word_1_282' title='bbox 417 4335 561 4386; x_wconf 84' lang='lat' dir='ltr'>errores</span> <span class='ocrx_word' id='word_1_283' title='bbox 581 4309 629 4386; x_wconf 92' lang='lat' dir='ltr'>de</span> <span class='ocrx_word' id='word_1_284' title='bbox 652 4309 793 4415; x_wconf 89' lang='lat' dir='ltr'>quibus</span> <span class='ocrx_word' id='word_1_285' title='bbox 808 4311 846 4384; x_wconf 93' lang='lat' dir='ltr'>in</span> <span class='ocrx_word' id='word_1_286' title='bbox 866 4309 1031 4387; x_wconf 90' lang='lat' dir='ltr'>articulis</span> <span class='ocrx_word' id='word_1_287' title='bbox 1052 4309 1172 4416; x_wconf 90' lang='lat' dir='ltr'>agitur</span> <span class='ocrx_word' id='word_1_288' title='bbox 1189 4335 1356 4414; x_wconf 88' lang='lat' dir='ltr'>unquam</span> <span class='ocrx_word' id='word_1_289' title='bbox 1374 4308 1549 4385; x_wconf 84' lang='lat' dir='ltr'>habuisse</span> <span class='ocrx_word' id='word_1_290' title='bbox 1576 4324 1702 4385; x_wconf 90' lang='lat' dir='ltr'>ortum</span> 
     </span>
     <span class='ocr_line' id='line_1_31' title="bbox 276 4436 1700 4545; baseline 0.001 -33"><span class='ocrx_word' id='word_1_291' title='bbox 276 4436 333 4514; x_wconf 90' lang='lat' dir='ltr'>vel</span> <span class='ocrx_word' id='word_1_292' title='bbox 352 4437 507 4516; x_wconf 91' lang='lat' dir='ltr'>inicium</span> <span class='ocrx_word' id='word_1_293' title='bbox 527 4440 663 4545; x_wconf 88' lang='lat' dir='ltr'>inipso</span> <span class='ocrx_word' id='word_1_294' title='bbox 679 4439 811 4516; x_wconf 89' lang='lat' dir='ltr'>ordine</span> <span class='ocrx_word' id='word_1_295' title='bbox 826 4438 885 4515; x_wconf 86' lang='lat' dir='ltr'>vel</span> <span class='ocrx_word' id='word_1_296' title='bbox 903 4439 1000 4517; x_wconf 88' lang='lat' dir='ltr'>inter</span> <span class='ocrx_word' id='word_1_297' title='bbox 1018 4437 1151 4515; x_wconf 84' lang='lat' dir='ltr'>fmtres</span> <span class='ocrx_word' id='word_1_298' title='bbox 1164 4437 1308 4543; x_wconf 89' lang='lat' dir='ltr'>aliquos</span> <span class='ocrx_word' id='word_1_299' title='bbox 1328 4437 1473 4514; x_wconf 93' lang='lat' dir='ltr'>ordinis</span> <span class='ocrx_word' id='word_1_300' title='bbox 1492 4438 1700 4515; x_wconf 88' lang='lat' dir='ltr'>memorati.</span> 
     </span>
     <span class='ocr_line' id='line_1_32' title="bbox 277 4564 1701 4676; baseline -0.001 -32"><span class='ocrx_word' id='word_1_301' title='bbox 277 4568 352 4644; x_wconf 92' lang='lat' dir='ltr'>Nec</span> <span class='ocrx_word' id='word_1_302' title='bbox 374 4568 443 4644; x_wconf 89' lang='lat' dir='ltr'>scit</span> <span class='ocrx_word' id='word_1_303' title='bbox 461 4595 532 4646; x_wconf 89' lang='lat' dir='ltr'>nec</span> <span class='ocrx_word' id='word_1_304' title='bbox 550 4568 669 4645; x_wconf 88' lang='lat' dir='ltr'>credit</span> <span class='ocrx_word' id='word_1_305' title='bbox 686 4568 843 4675; x_wconf 88' lang='lat' dir='ltr'>ydolum</span> <span class='ocrx_word' id='word_1_306' title='bbox 863 4569 920 4646; x_wconf 90' lang='lat' dir='ltr'>vel</span> <span class='ocrx_word' id='word_1_307' title='bbox 939 4566 1051 4676; x_wconf 84' lang='lat' dir='ltr'>ydola</span> <span class='ocrx_word' id='word_1_308' title='bbox 1077 4595 1156 4644; x_wconf 89' lang='lat' dir='ltr'>esse</span> <span class='ocrx_word' id='word_1_309' title='bbox 1178 4564 1235 4644; x_wconf 91' lang='lat' dir='ltr'>vel</span> <span class='ocrx_word' id='word_1_310' title='bbox 1254 4564 1367 4643; x_wconf 86' lang='lat' dir='ltr'>fuisse</span> <span class='ocrx_word' id='word_1_311' title='bbox 1387 4565 1515 4672; x_wconf 88' lang='lat' dir='ltr'>aliquo</span> <span class='ocrx_word' id='word_1_312' title='bbox 1529 4583 1701 4672; x_wconf 88' lang='lat' dir='ltr'>tempore</span> 
     </span>
     <span class='ocr_line' id='line_1_33' title="bbox 278 4695 1702 4804; baseline 0.001 -33"><span class='ocrx_word' id='word_1_313' title='bbox 278 4697 413 4802; x_wconf 92' lang='lat' dir='ltr'>inipso</span> <span class='ocrx_word' id='word_1_314' title='bbox 433 4697 564 4776; x_wconf 88' lang='lat' dir='ltr'>ordine</span> <span class='ocrx_word' id='word_1_315' title='bbox 586 4699 642 4776; x_wconf 88' lang='lat' dir='ltr'>vel</span> <span class='ocrx_word' id='word_1_316' title='bbox 662 4698 744 4777; x_wconf 94' lang='lat' dir='ltr'>loco</span> <span class='ocrx_word' id='word_1_317' title='bbox 760 4714 826 4776; x_wconf 88' lang='lat' dir='ltr'>aut</span> <span class='ocrx_word' id='word_1_318' title='bbox 843 4716 947 4804; x_wconf 86' lang='lat' dir='ltr'>parte</span> <span class='ocrx_word' id='word_1_319' title='bbox 967 4697 1090 4804; x_wconf 86' lang='lat' dir='ltr'>aliqua</span> <span class='ocrx_word' id='word_1_320' title='bbox 1110 4695 1253 4776; x_wconf 88' lang='lat' dir='ltr'>ordinis</span> <span class='ocrx_word' id='word_1_321' title='bbox 1268 4695 1488 4802; x_wconf 73' lang='lat' dir='ltr'>supradicti,</span> <span class='ocrx_word' id='word_1_322' title='bbox 1502 4723 1571 4774; x_wconf 91' lang='lat' dir='ltr'>nec</span> <span class='ocrx_word' id='word_1_323' title='bbox 1590 4723 1702 4772; x_wconf 85' lang='lat' dir='ltr'>vene-</span> 
     </span>
     <span class='ocr_line' id='line_1_34' title="bbox 279 4823 1698 4934; baseline 0.004 -35"><span class='ocrx_word' id='word_1_324' title='bbox 279 4825 353 4900; x_wconf 87' lang='lat' dir='ltr'>rari</span> <span class='ocrx_word' id='word_1_325' title='bbox 366 4843 472 4931; x_wconf 90' lang='lat' dir='ltr'>putat</span> <span class='ocrx_word' id='word_1_326' title='bbox 484 4827 640 4934; x_wconf 84' lang='lat' dir='ltr'>ydolum</span> <span class='ocrx_word' id='word_1_327' title='bbox 655 4857 723 4906; x_wconf 89' lang='lat' dir='ltr'>nec</span> <span class='ocrx_word' id='word_1_328' title='bbox 738 4829 917 4907; x_wconf 88' lang='lat' dir='ltr'>custodiri</span> <span class='ocrx_word' id='word_1_329' title='bbox 929 4828 976 4906; x_wconf 89' lang='lat' dir='ltr'>ab</span> <span class='ocrx_word' id='word_1_330' title='bbox 988 4828 1115 4934; x_wconf 91' lang='lat' dir='ltr'>aliquo</span> <span class='ocrx_word' id='word_1_331' title='bbox 1129 4825 1240 4904; x_wconf 81' lang='lat' dir='ltr'>fratre</span> <span class='ocrx_word' id='word_1_332' title='bbox 1250 4825 1308 4904; x_wconf 86' lang='lat' dir='ltr'>vel</span> <span class='ocrx_word' id='word_1_333' title='bbox 1321 4825 1393 4904; x_wconf 88' lang='lat' dir='ltr'>alio</span> <span class='ocrx_word' id='word_1_334' title='bbox 1401 4826 1441 4924; x_wconf 86' lang='lat' dir='ltr'>in</span> <span class='ocrx_word' id='word_1_335' title='bbox 1453 4825 1535 4933; x_wconf 88' lang='lat' dir='ltr'>ipso</span> <span class='ocrx_word' id='word_1_336' title='bbox 1548 4823 1698 4916; x_wconf 88' lang='lat' dir='ltr'>ordine,</span> 
     </span>
    </p>
   </div>
   <div class='ocr_carea' id='block_1_3' title="bbox 367 4978 1534 5048">
    <p class='ocr_par' dir='ltr' id='par_1_6' title="bbox 367 4978 1534 5048">
     <span class='ocr_line' id='line_1_35' title="bbox 367 4978 1534 5048; baseline 0.007 -8"><span class='ocrx_word' id='word_1_337' title='bbox 367 4984 472 5044; x_wconf 75' lang='lat' dir='ltr'>raonis</span> <span class='ocrx_word' id='word_1_338' title='bbox 487 5002 541 5045; x_wconf 78' lang='lat' dir='ltr'>ons</span> <span class='ocrx_word' id='word_1_339' title='bbox 556 5001 823 5046; x_wconf 71' lang='lat' dir='ltr'>exuramus-u.</span> <span class='ocrx_word' id='word_1_340' title='bbox 1493 4978 1534 5048; x_wconf 78' lang='grc' dir='ltr'>θίι</span> 
     </span>
    </p>
   </div>
   <div class='ocr_carea' id='block_1_4' title="bbox 0 0 2106 5876">
    <p class='ocr_par' dir='ltr' id='par_1_7' title="bbox 0 0 2106 5876">
     <span class='ocr_line' id='line_1_36' title="bbox 0 0 2106 5876; baseline 0 0"><span class='ocrx_word' id='word_1_341' title='bbox 0 0 2106 5876; x_wconf 95' lang='lat' dir='ltr'> </span> 
     </span>
    </p>
   </div>
  </div>
 </body>
</html>
