4202 5876
415 556 488 628 soa
802 531 998 626 procus
1025 551 1120 626 nas
1146 551 1448 626 ruurmuns

414 695 571 772 exclusis
589 691 747 800 reliquis
767 692 833 799 qui
860 721 936 770 non
956 709 1043 770 sunt
1060 691 1192 770 fratres
1212 693 1354 770 ordinis
1380 693 1552 799 predicti.
1579 693 1655 770 Nec
1673 722 1834 801 uuquam

413 824 517 902 scivit
537 851 607 900 nec
626 821 880 932 audivithuod
894 822 1018 930 aliqua
1033 821 1125 900 inibi
1139 823 1274 900 fierent
1287 823 1348 903 vel
1360 822 1586 914 dicerentur,
1598 823 1670 900 nisi
1685 823 1749 900 illa
1764 854 1835 931 que

412 955 617 1034 necessaria
635 969 724 1031 sunt
742 951 882 1042 ordini,
904 953 1114 1029 secundum
1133 953 1204 1030 Dei
1223 952 1500 1059 beneplacitum
1521 970 1558 1030 et
1576 954 1778 1044 bonorem,
1802 973 1838 1034 et

412 1115 486 1192 que
513 1075 619 1191 putat
644 1112 723 1160 esse
747 1083 851 1159 utilia
877 1099 913 1160 et
938 1082 1112 1189 expedire
1138 1083 1333 1161 animabus
1364 1082 1523 1161 fratrum
1547 1085 1692 1162 ordinis
1716 1113 1838 1192 supra-

413 1217 520 1308 dicti;
543 1233 580 1293 et
599 1215 663 1291 illa
681 1214 903 1319 promittunt
924 1212 1012 1290 dicti
1028 1213 1159 1291 fratres
1176 1213 1296 1291 clausa
1309 1232 1347 1292 et
1360 1231 1501 1292 secreta
1520 1233 1665 1306 tenere,
1688 1245 1757 1293 nec
1776 1245 1837 1294 su-

411 1375 479 1452 per
505 1345 578 1422 illis
603 1344 838 1423 collationem
858 1341 1014 1433 babere,
1037 1343 1108 1420 nisi
1129 1345 1227 1422 inter
1246 1371 1311 1423 eos
1331 1344 1464 1422 fratres
1482 1344 1583 1427 solos
1602 1345 1668 1454 qui
1689 1347 1728 1422 in
1749 1346 1837 1453 ipsis

402 1463 579 1581 'capitulis
598 1475 801 1564 affuerunt,
825 1491 862 1551 et
888 1475 918 1550 si
943 1455 1141 1581 quisquam
1166 1503 1274 1553 secus
1295 1474 1447 1568 faceret,
1470 1503 1566 1583 pena
1587 1493 1685 1556 certa
1703 1494 1835 1556 statuta

413 1622 467 1682 est
485 1623 612 1684 contra
632 1633 719 1683 eum
740 1623 783 1682 ut
801 1633 840 1681 se
860 1606 1041 1710 privatum
1063 1605 1197 1682 sentiat
1213 1606 1423 1684 commodis
1443 1604 1540 1683 dicte
1560 1605 1711 1683 domus.

468 1735 615 1844 Adjecit
626 1735 741 1812 eciam
760 1763 800 1812 se
814 1734 957 1812 nescire
973 1763 1042 1812 neo
1062 1761 1229 1842 unquam
1243 1736 1391 1814 scivisse
1409 1736 1513 1842 quod
1523 1737 1565 1812 in
1577 1735 1710 1814 ordine
1723 1739 1836 1814 Tem-

412 1867 484 1974 pli,
502 1894 571 1942 nec
590 1867 630 1942 in
646 1864 768 1972 aliqua
784 1881 888 1972 parte
903 1865 961 1942 vel
974 1863 1099 1970 aliquo
1112 1863 1197 1942 loco
1213 1866 1311 1973 ejus,
1326 1865 1465 1944 fuerint
1480 1893 1625 1944 errores
1637 1867 1685 1942 de
1701 1867 1838 1972 quibus

410 2013 587 2074 tractatur
606 1995 645 2072 in
665 1994 831 2072 articulis
849 1993 1056 2100 prelibatis3
1075 2012 1112 2072 et
1125 1996 1212 2073 ideo
1225 1995 1456 2101 presidentes
1475 1995 1546 2101 ipsi
1563 1995 1685 2073 ordini
1706 1994 1754 2073 de
1770 2025 1836 2075 ue-

410 2126 584 2232 gligentia
614 2123 838 2229 corripiendi
860 2124 919 2200 vel
937 2124 1188 2202 denunciandi
1214 2123 1379 2204 Ecclesie
1400 2125 1491 2214 Bai,
1521 2125 1578 2202 vel
1604 2125 1652 2202 de
1679 2125 1835 2204 fratrum

412 2255 631 2332 desistencia
651 2282 670 2330 a
693 2254 801 2332 dictis
814 2254 1009 2333 erroribus
1032 2256 1097 2361 qui
1121 2283 1313 2363 nunquam
1333 2253 1485 2332 fuertmt
1502 2255 1543 2332 in
1563 2255 1663 2332 dioto
1684 2255 1833 2345 ordine,

409 2403 522 2492 prout
540 2383 674 2473 credit,
701 2402 895 2492 nequeunt
913 2385 1124 2492 aliqualiter
1144 2383 1389 2493 reprehendi,
1420 2412 1490 2462 nec
1509 2385 1619 2463 dolus
1636 2413 1708 2464 nec
1727 2387 1835 2492 culpa

410 2515 533 2623 aliqua
553 2514 631 2591 dari
658 2515 711 2593 eis
734 2516 835 2623 juste
855 2516 996 2621 potuit,
1023 2516 1111 2622 quia
1141 2515 1266 2623 puniri
1286 2515 1346 2593 vel
1363 2515 1590 2621 reprehendi
1613 2531 1677 2594 aut
1701 2517 1833 2622 corrigi

409 2645 468 2722 vel
488 2645 654 2753 castigari
676 2673 752 2724 non
767 2646 891 2751 potuit
904 2645 1010 2752 quod
1029 2674 1104 2723 non
1123 2645 1206 2724 fuit.

467 2775 525 2854 Ad
543 2775 684 2863 lxxxur,
704 2775 841 2852 lxxxuu
854 2791 891 2851 et
905 2773 1011 2854 lxxxv
1027 2776 1200 2853 articulos
1219 2776 1414 2867 inclusive,
1432 2775 1633 2884 diligenter
1649 2794 1688 2853 et
1702 2775 1835 2882 sigilla-

409 2906 478 2982 tim
497 2907 760 3012 interrogatus,
777 2905 1006 3012 respondens
1026 2905 1123 3013 dixit,
1136 2907 1242 3014 quod
1259 2906 1392 2986 fratres
1410 2908 1475 3015 qui
1496 2908 1535 2984 in
1549 2905 1740 3012 presencia
1755 2934 1835 2989 san·

411 3037 563 3114 ctissimi
584 3034 726 3112 domini
751 3035 867 3112 nostri
892 3036 1030 3112 summi
1054 3033 1242 3141 pontificis
1262 3053 1300 3114 et
1325 3036 1565 3114 dominorum
1592 3034 1833 3114 cardinalium

410 3165 566 3242 fratrum
577 3166 674 3274 ejus,
690 3164 856 3271 predicta
870 3165 910 3241 in
923 3163 1088 3243 articulis
1101 3183 1274 3244 contenta
1289 3184 1507 3245 asseruntur
1523 3166 1636 3246 fuisse
1657 3166 1832 3255 confessi,

409 3295 613 3403 respondet
633 3311 670 3371 et
695 3295 786 3372 dicit
805 3322 844 3371 se
864 3295 1017 3372 credere
1038 3295 1136 3400 ipsos
1156 3293 1287 3373 fratres
1313 3295 1353 3372 in
1374 3295 1550 3374 omnibus
1568 3313 1605 3373 et
1621 3324 1690 3404 per
1709 3298 1834 3373 omnia

408 3424 495 3502 falsa
522 3453 601 3502 esse
621 3423 807 3502 confessos
827 3441 864 3502 et
887 3442 1016 3502 contra
1044 3425 1302 3504 omnimodam
1326 3425 1537 3514 veritatem,
1567 3425 1665 3502 salva
1687 3453 1833 3532 semper

409 3555 627 3634 excellencia
644 3555 828 3632 societatis
847 3554 1015 3662 ejusdem
1032 3555 1176 3632 domini
1196 3556 1314 3635 nostri
1334 3584 1430 3663 pape
1451 3571 1488 3632 et
1505 3556 1747 3633 dominorum
1756 3583 1833 3632 car-

409 3686 591 3763 dinalium
611 3685 822 3764 reverencia
842 3701 879 3762 et
898 3685 990 3762 sacri
1012 3685 1220 3764 consistorii
1241 3701 1365 3764 sancte
1385 3685 1504 3764 Sedis.

464 3815 522 3893 Ad
538 3815 657 3896 lxxxvr
673 3815 870 3892 articulum
885 3814 1083 3921 diligenter
1098 3817 1362 3924 interrogatus,
1380 3816 1612 3923 respondens
1627 3815 1718 3892 dixit
1730 3816 1832 3922 quod

406 3945 520 4023 frater
538 3943 724 4024 Arnaldus
743 3945 790 4022 de
805 3943 1017 4022 Torrosella
1031 3961 1122 4021 tunc
1140 3961 1338 4050 preceptor
1351 3945 1448 4022 dicte
1465 3943 1602 4022 domus
1614 3944 1733 4022 Mansi
1745 3944 1830 4034 Dei,

407 4077 445 4152 in
464 4075 560 4154 festo
579 4077 841 4154 Penthccostes
867 4076 1033 4182 proxime
1056 4074 1183 4154 futuro
1205 4093 1314 4153 erunt
1332 4102 1377 4154 xv
1397 4075 1484 4152 anni
1506 4075 1618 4182 elapsi
1642 4072 1699 4152 vel
1720 4077 1828 4164 circa,

407 4205 550 4310 recepit
572 4206 694 4310 ipsum
713 4205 777 4310 qui
798 4203 965 4311 loquitur
984 4205 1023 4280 in
1049 4203 1199 4282 fratrem
1223 4205 1311 4282 dicti
1333 4205 1493 4294 ordinis,
1515 4205 1553 4280 in
1574 4204 1714 4311 capella
1736 4205 1830 4282 dicte

408 4336 543 4414 domus
562 4333 680 4416 Mansi
708 4335 796 4426 Dei,
813 4335 1050 4439 presentibus
1071 4352 1107 4411 et
1126 4334 1268 4412 ibidem
1283 4335 1487 4414 astantibus
1502 4334 1567 4412 Ar⁰
1582 4333 1726 4424 Rocba,
1740 4337 1830 4441 Ray-

405 4465 548 4544 mundo
566 4466 706 4574 Sageti,
728 4465 929 4544 Laurentio
948 4464 1112 4574 Regalis,
1133 4465 1271 4543 Jacobo
1289 4465 1336 4542 de
1357 4464 1494 4543 Oleriis
1512 4481 1549 4542 et
1565 4463 1739 4570 pluribus
1751 4465 1831 4542 aliis

405 4594 582 4675 fratribus
602 4595 692 4674 dicti
711 4594 864 4673 ordinis.

461 4727 518 4804 De
532 4725 648 4811 modo
659 4741 784 4802 autem
793 4753 860 4803 sue
868 4725 1096 4833 recepcionis
1110 4743 1147 4804 et
1154 4725 1421 4806 coherentibus
1431 4726 1479 4814 ei,
1496 4725 1587 4803 dixit
1604 4725 1707 4803 idem
1727 4725 1768 4801 iu
1783 4723 1829 4800 ef·

404 4859 504 4935 fectu
513 4857 607 4934 sicut
618 4853 1023 4936 fraterBartbolomeus
1033 4857 1080 4934 de
1089 4856 1325 4952 Turretestis
1333 4855 1477 4964 primus
1486 4855 1675 4962 deposuit,
1691 4873 1729 4932 et
1737 4855 1830 4932 sicut
