4242 5890
727 551 926 648 ruocss
952 567 1049 642 uus
1075 565 1377 642 ratramnus.
1693 567 1762 638 sai
1877 501 1880 506 ¹

393 713 483 792 Acta
500 730 590 792 sunt
608 712 680 792 heo
699 740 815 804 anno,
835 711 1044 800 indicione,
1061 737 1208 799 mense,
1230 707 1467 815 pontificatu,
1486 706 1620 786 diebus
1633 704 1767 786 etloco

336 843 534 954 predictis,
554 843 792 952 presentibus
811 840 994 950 religiosis
1014 857 1052 920 et
1076 841 1245 920 honestis
1265 839 1352 918 viris
1368 837 1543 918 fratribus
1561 838 1767 945 Reginaldo

335 975 461 1084 priore
483 973 530 1054 de
550 975 729 1062 Pissiaco,
751 973 959 1081 Reginaldo
983 973 1030 1050 de
1055 972 1235 1052 Credulio
1261 970 1405 1048 ordinis
1420 970 1717 1063 Predicatorum,
1733 989 1770 1046 et

337 1106 507 1186 discretis
525 1105 613 1183 viris
630 1105 827 1186 Clemente
843 1104 892 1184 de
915 1103 1141 1186 Castellione
1161 1103 1424 1192 Niveruensis„
1439 1118 1477 1179 et
1496 1102 1674 1208 magistro
1700 1104 1772 1179 Re-

336 1237 490 1345 ginaldo
509 1236 556 1314 de
573 1235 795 1345 Albigniaoo
810 1236 1057 1316 Bituricensis
1071 1234 1311 1313 ecclesiarum
1325 1231 1527 1324 canonicis,
1538 1249 1577 1310 et
1597 1232 1770 1338 pluribus

337 1368 420 1446 aliis
440 1367 587 1449 clericis
607 1385 647 1447 et
664 1367 785 1456 laicis,
806 1366 967 1446 testibus
986 1365 1034 1442 ad
1050 1363 1121 1442 hec
1135 1363 1273 1444 vocatis
1289 1362 1499 1469 specialiter
1513 1379 1552 1440 et
1569 1362 1721 1470 rogatis.

394 1633 439 1710 Et
471 1659 541 1738 ego
560 1630 725 1709 Amisius
746 1628 794 1708 de
810 1627 1013 1708 Aureliano
1034 1625 1213 1704 dictusle
1233 1625 1347 1716 Ratis,
1369 1626 1526 1704 clericus
1538 1644 1768 1707 sacrosancte

337 1765 504 1841 Romane
525 1761 697 1852 ecclesie,
712 1760 881 1848 noterius
894 1757 1085 1867 publicus,
1101 1755 1293 1862 premissis
1307 1757 1611 1864 juramentorum
1628 1776 1768 1864 presta-

337 1893 509 1972 cionibus
526 1909 564 1971 et
580 1890 894 1980 confessionibus,
910 1905 949 1970 et
963 1888 1140 1968 omuibus
1155 1886 1237 1966 aliis
1245 1903 1286 1966 et
1299 1887 1472 1994 singulis,
1489 1903 1603 1993 prout
1614 1887 1655 1966 in
1670 1907 1768 1967 carta

337 2051 403 2102 seu
423 2023 528 2130 pecia
546 2022 711 2129 presenti
729 2037 769 2099 et
784 2018 1076 2126 precedentibus
1091 2046 1178 2098 meo
1194 2019 1302 2124 signo
1321 2019 1472 2124 signatis
1485 2018 1634 2125 plenius
1649 2022 1769 2098 conti-

336 2171 486 2244 nentur,
515 2181 691 2232 unacum
707 2151 855 2259 scriptis
882 2149 1041 2230 testibus
1081 2165 1120 2228 et
1147 2147 1333 2256 magistris
1363 2146 1545 2228 Gaulrido
1576 2151 1769 2258 Enguelor

338 2284 439 2366 dieto
454 2283 616 2392 Chalop,
639 2284 811 2364 iohanne
833 2283 882 2361 de
902 2281 1064 2368 Pruvino
1088 2297 1126 2359 et
1146 2281 1274 2357 Eveno
1294 2279 1390 2358 Phili
1416 2279 1571 2360 notariis
1587 2279 1765 2385 publicis,

336 2443 491 2524 presens
509 2414 684 2505 interlui,
711 2443 753 2492 ao
781 2413 1031 2492 demandato
1060 2410 1294 2518 inquisitoris
1322 2411 1479 2519 predicti
1513 2411 1603 2492 huic
1629 2411 1768 2491 instru-

336 2555 466 2629 r'ncnto
493 2575 556 2626 me
580 2545 781 2654 subscripsi
804 2547 844 2623 in
861 2543 1120 2626 testimonium
1146 2543 1436 2648 premissorum,
1466 2540 1638 2650 illudque
1663 2544 1767 2652 signo

338 2705 424 2759 meo
439 2678 551 2758 solito
565 2677 704 2785 signavi
720 2692 883 2785 rogatus.
1494 2678 1499 2686 ’

394 2943 441 3021 Et
461 2967 531 3050 ego
550 2939 758 3022 Gaufridus
777 2939 968 3047 Eriguelor
986 2937 1108 3016 dictus
1130 2936 1291 3045 Chalop,
1313 2936 1472 3016 clericus
1488 2938 1664 3018 Dolensis
1690 2939 1769 3018 dio·

339 3073 450 3164 cesis,
471 3071 675 3181 apostolica
694 3072 916 3152 auctoritate
931 3070 1102 3148 notarius
1121 3069 1311 3176 publicus,
1333 3070 1524 3176 premissis
1538 3070 1715 3153 omnibus
1732 3089 1769 3149 et

339 3205 495 3313 singulis
507 3205 547 3282 in
563 3204 636 3282 hoc
652 3219 690 3281 et
702 3203 872 3310 quinque
883 3201 966 3280 aliis
976 3201 1195 3280 immediate
1203 3201 1496 3308 precedentibus
1508 3203 1640 3310 peciis,
1654 3202 1769 3281 simul

339 3336 449 3424 sutis,
471 3333 657 3414 contentis
677 3350 714 3412 et
734 3332 841 3440 signo
855 3358 942 3410 meo
961 3331 1130 3438 signatis,
1152 3359 1226 3408 una
1247 3360 1331 3409 cum
1354 3332 1539 3441 magistris
1557 3332 1700 3410 Amisio
1722 3334 1768 3410 de

338 3465 544 3544 Aureliano
561 3462 752 3571 predicto,
774 3462 944 3542 iohanne
970 3462 1019 3539 de
1038 3462 1200 3540 Pruvino
1221 3477 1259 3538 et
1275 3464 1400 3541 Eveno
1416 3462 1529 3551 Phili,
1551 3463 1682 3542 eadem
1704 3493 1769 3542 au·

340 3596 508 3676 ctoritate
528 3593 682 3674 notariis
698 3593 881 3701 publicis,
901 3611 940 3672 ct
957 3591 1118 3671 testibus
1132 3591 1406 3698 suprascriptis,
1428 3619 1582 3699 presens
1596 3593 1766 3688 interfui,

341 3744 393 3820 et,
418 3725 664 3806 demandato
685 3724 775 3804 dieti
806 3724 1054 3833 inquisitoris,
1075 3751 1136 3800 me
1157 3724 1373 3830 subscripsi,
1405 3740 1442 3802 et
1469 3725 1619 3830 signum
1640 3754 1769 3805 meum

341 3857 497 3966 apposui
517 3872 743 3936 consuetum
762 3872 914 3936 vocatus
934 3872 973 3932 et
990 3872 1150 3962 rogatus.

385 4122 444 4199 'Et
463 4147 533 4228 ego
546 4119 692 4198 Euenus
706 4118 813 4226 Phily
834 4118 882 4196 de
906 4120 1042 4198 Sancto
1062 4118 1208 4196 Nicasio
1231 4114 1403 4208 clericus,
1423 4117 1624 4224 apostolica
1651 4119 1771 4225 puhli-

342 4277 407 4328 cus
434 4249 653 4328 auctoritate
686 4249 871 4335 notarius,
905 4247 1095 4354 premissis
1123 4247 1428 4354 juramentorum
1455 4248 1767 4352 prestacionihus,

341 4377 639 4458 confessionibus
664 4395 703 4457 et
727 4378 918 4486 premissis
942 4376 1119 4455 omnihus
1139 4377 1178 4454 in
1197 4376 1267 4457 hac
1284 4378 1448 4485 presenti
1470 4396 1568 4458 carta
1586 4398 1625 4460 et
1640 4409 1769 4486 prece-

341 4509 519 4591 dentibus
529 4510 730 4600 contentis,
744 4509 852 4618 signo
862 4508 1125 4616 meosiguatis,
1138 4535 1304 4586 unacum
1315 4509 1470 4591 notariis
1482 4509 1643 4614 publicis
1661 4527 1699 4588 et
1715 4530 1770 4589 te·

343 4641 463 4720 stibus
477 4641 717 4748 supradictis,
728 4668 884 4748 presens
897 4638 1066 4729 interfui,
1084 4655 1137 4729 et,
1155 4638 1395 4718 demandato
1414 4639 1502 4719 dicti
1517 4641 1768 4748 inquisitoris,

342 4771 404 4850 bic
415 4801 477 4850 me
492 4772 684 4879 suscripsi,
702 4788 740 4850 ct
750 4799 826 4850 una
836 4799 922 4850 curu
936 4771 1051 4880 signis
1061 4785 1100 4848 et
1111 4770 1330 4878 subscriptis
1338 4771 1527 4852 dictorum
1537 4774 1769 4852 notariorum

343 4903 493 5010 signum
508 4931 636 4982 meum
657 4920 879 4982 consuetum
898 4902 1053 5009 apposui
1070 4918 1231 5008 rogatus.
