4320 5898
772 515 969 596 Pltocss
994 516 1091 590 DES
1117 513 1419 593 TEMPLIERS.
1763 521 1812 596 25

381 663 500 752 illata,
528 661 603 740 fuit
633 658 824 742 confessus
845 659 1093 768 postmodum
1121 685 1246 740 coram
1279 658 1436 740 domino
1470 656 1646 766 episcopo
1673 659 1816 742 tanco

381 795 489 876 nensi
504 792 800 904 abnegationem
821 809 859 874 et
878 782 1116 902 spuioionem
1132 818 1251 898 prope
1267 818 1432 872 crucem.
1446 790 1664 898 Requisitus
1680 792 1710 872 si
1728 821 1817 876 con·

383 928 527 1012 dixerut
546 955 633 1006 cum
653 925 827 1034 quinque
846 925 1009 1006 testibus
1027 923 1338 1032 precedentibus,
1361 922 1428 1030 qui
1447 922 1561 1002 simul
1580 923 1630 1004 de
1656 924 1821 1030 Rupellu·

382 1057 538 1141 adducti
551 1057 722 1150 borant,
740 1057 847 1166 quod
866 1057 919 1138 sic
941 1057 1194 1166 deponerent,
1216 1054 1535 1164 responditquod
1549 1083 1640 1138 non.

437 1189 697 1299 Requisitussi
710 1189 764 1270 sic
778 1190 1007 1298 deposuerat
1020 1216 1149 1296 prece,
1167 1205 1366 1296 precepto,
1381 1187 1537 1279 timore,
1559 1215 1704 1278 amoro,
1725 1189 1817 1269 odio

380 1324 440 1404 rel
449 1322 652 1432 temporali
672 1322 836 1402 comodo
855 1320 987 1402 habito
1007 1319 1066 1400 vel
1085 1320 1282 1429 habendo,
1296 1319 1497 1428 respondit
1514 1319 1621 1427 quod
1640 1348 1730 1411 non,
1747 1323 1818 1400 sad

381 1485 451 1564 pro
475 1456 630 1535 veritate
656 1454 834 1545 dicenda3
863 1454 924 1534 cui
945 1453 1019 1532 fuit
1041 1451 1257 1563 injunctum
1281 1452 1388 1561 quod
1412 1479 1491 1532 non
1513 1451 1696 1534 revelaret
1721 1453 1817 1532 hano

381 1617 487 1666 suam
509 1585 792 1695 depositionem
806 1613 1007 1695 quousque
1024 1585 1286 1664 attestacicnes
1302 1583 1444 1666 sinerint
1456 1583 1664 1691 publicnte3
1687 1601 1725 1662 et
1738 1613 1818 1664 non

383 1720 575 1800 obtulerat
592 1747 632 1798 se
651 1718 702 1797 ad
728 1719 1003 1800 deffensionem
1030 1717 1187 1796 ordinis.
1217 1716 1467 1798 Postmodum
1496 1716 1667 1806 rediens,
1695 1717 1819 1797 dictans

382 1851 497 1932 frater
524 1853 657 1932 Petrus
678 1849 894 1932 Theobaldi
917 1850 1014 1930 dixit
1039 1877 1079 1928 so
1104 1847 1319 1928 interfuisse
1343 1847 1557 1957 receptioni
1579 1847 1670 1927 dicti
1694 1846 1820 1929 fratris

381 1983 551 2063 Arnaudi
571 1984 722 2091 nepotis
740 1985 810 2064 sui.

437 2115 529 2199 Acta
556 2113 714 2194 bierunt
736 2115 808 2194 heo
840 2114 904 2194 dia
944 2131 985 2193 et
1014 2113 1100 2193 loco
1134 2112 1335 2222 predictis,
1365 2115 1609 2221 presentibus
1638 2113 1817 2224 magistro

383 2247 542 2336 Amisio,
566 2263 604 2326 et
623 2275 685 2324 me
705 2245 962 2328 Florismontc
981 2244 1200 2338 Dondedei,
1222 2261 1261 2322 et
1275 2242 1358 2325 sliis
1374 2247 1531 2326 notariis
1547 2274 1661 2354 suprs
1680 2245 1819 2326 ultimo

383 2378 598 2460 nominatis.

440 2645 528 2724 Post
537 2645 624 2736 hec,
641 2642 702 2721 die
713 2641 891 2724 Mercurii
902 2643 1095 2750 sequenti,
1111 2669 1187 2750 que
1201 2641 1305 2722 snitx
1318 2642 1401 2726 dies
1415 2642 1505 2722 dicti
1519 2641 1658 2723 mensis
1669 2644 1818 2730 Marcii,

383 2777 539 2858 bierunt
562 2776 716 2854 adducti
739 2803 810 2883 pro
831 2774 1007 2869 testibus,
1031 2773 1081 2852 ad
1101 2775 1334 2882 presenciam
1357 2775 1602 2855 dominorum
1626 2775 1821 2884 episcopo-

384 2937 470 2990 rum
494 2906 728 2987 Mimatensis
753 2922 792 2984 et
810 2905 1108 2996 Lemovicensis,
1134 2921 1173 2985 et
1194 2905 1458 2987 Archidinconi
1484 2907 1720 3001 Tridentini,
1737 2907 1821 2988 aliis

385 3040 582 3133 excusatis,
609 3039 799 3120 in-'domo
825 3037 995 3146 predicta
1023 3036 1183 3116 fratrum
1210 3038 1422 3130 Minorum,
1453 3037 1587 3126 francs
1613 3041 1746 3123 Petrus
1772 3039 1820 3118 de

384 3170 611 3251 Grimenilio
627 3168 826 3279 presbiter,
840 3186 881 3248 et
895 3171 1030 3248 Petrus
1041 3173 1130 3250 lans
1143 3169 1392 3261 belvacensis,
1406 3169 1637 3251 Guillelmus
1647 3171 1820 3282 Boncelli

384 3303 638 3394 Ebroicensis,
654 3301 883 3411 Beudoynus
901 3303 949 3379 de
963 3300 1044 3381 Gisi
1060 3302 1342 3392 Lnudunensis,
1363 3318 1402 3380 et
1412 3305 1434 3380 J
1436 3304 1606 3383 ohannes
1622 3303 1670 3383 de
1684 3305 1823 3384 Ponte-

384 3434 560 3544 Episcopi
578 3434 841 3514 Noviomensis
860 3434 1084 3514 diocessum.
1109 3435 1208 3530 Qui,
1229 3436 1411 3543 premissa
1425 3436 1702 3543 protestacione
1714 3437 1824 3546 quod

384 3593 464 3647 non
486 3565 740 3645 intendebant
761 3565 942 3644 recedere
962 3593 983 3643 a
1010 3566 1320 3674 depositionibus
1340 3567 1417 3646 suis
1436 3566 1526 3646 alias
1545 3566 1652 3650 sactis
1669 3597 1739 3676 per
1757 3595 1823 3646 eos

314 3731 330 3740 “
385 3727 511 3779 coram
531 3698 734 3779 ordinariis
753 3697 849 3794 suis,
871 3715 911 3775 et
928 3697 1035 3805 quod
1054 3698 1085 3776 si
1104 3697 1193 3805 plus
1211 3695 1271 3776 vel
1288 3698 1416 3777 minus
1436 3699 1621 3790 dicerent,
1644 3699 1749 3809 quod
1769 3699 1823 3778 eis

385 3858 463 3910 non
472 3830 696 3940 prejudicet,
703 3831 938 3940 juraverunt,
947 3828 1056 3908 tactis
1066 3857 1170 3909 sacro
1181 3828 1548 3940 sanctisEvangeliis,
1563 3831 1687 3910 dicere
1701 3831 1823 3910 inisto

386 3961 704 4074 negocio'plenam
714 3979 752 4042 ct
761 3990 905 4042 meram
915 3961 1123 4056 veritatem,
1135 3961 1725 4071 sccundumformamjuramenti
1736 3963 1825 4044 alio.

386 4122 473 4175 rum
486 4093 642 4174 testium
655 4095 830 4204 superius
841 4094 1092 4205 registratam,
1110 4094 1315 4204 expositam
1331 4110 1368 4172 et
1380 4094 1642 4204 vulgaritatem
1664 4096 1821 4177 eisdem.

444 4359 532 4454 Quo
547 4355 661 4450 facto,
684 4357 808 4438 dictus
836 4355 954 4438 frater
974 4357 1110 4437 Petrus
1136 4357 1184 4436 de
1212 4357 1416 4442 Grumcnil
1437 4361 1645 4470 presbyter,
1673 4359 1827 4472 triginta

387 4517 578 4570 annorum
603 4489 664 4570 vel
694 4490 807 4584 circa,
827 4489 1056 4574 mantellum
1084 4489 1231 4569 ordinis
1258 4518 1338 4571 non
1359 4491 1566 4584 defferens,
1590 4492 1677 4600 quia
1699 4492 1826 4600 ipsum

387 4621 583 4704 dimiserat
601 4623 642 4700 in
662 4623 822 4704 concilio
842 4621 1072 4713 Senoneusi,
1095 4651 1184 4702 cum
1207 4651 1287 4732 qno
1313 4624 1697 4734 inquisitum‘luerat,
1719 4624 1829 4704 tbso·

387 4754 491 4834 lutus
511 4772 551 4834 et
568 4756 832 4836 reconciliatus
847 4755 888 4834 in
907 4755 1010 4836 dicto
1030 4755 1208 4850 concilio,
1230 4757 1338 4836 lectis
1366 4773 1405 4836 et
1431 4757 1633 4870 diligenter
1653 4756 1829 4867 expositis
1914 4819 1919 4828 .

389 4883 460 4964 sibi
488 4888 670 4968 omnibus
696 4905 735 4966 et
754 4887 912 4997 siugulis
936 4888 1120 4982 articulis,
1150 4889 1350 4998 respondit
1371 4892 1479 4999 quod
1503 4917 1698 4999 uunquam
1718 4889 1829 4966 inter
